3098 5392
805 415 880 465 1³88.

494 729 537 735 “’
610 761 611 764 ¹
695 711 926 825 *osseas

199 866 288 970 - ’
549 868 1149 1000 aasaanesrvonouvcnouu.

198 1094 361 1199 Papcdslcp'
382 1111 467 1199 lepdt
489 1111 641 1180 lordicat
656 1113 744 1196 Filip
766 1111 958 1199 aAleapcnc
973 1113 1139 1196 potvrscjc
1159 1109 1321 1178 muscum
1336 1131 1358 1176 a
1372 1113 1425 1177 ott
1436 1105 1499 1176 obci

198 1233 298 1295 mesra
322 1224 427 1294 Glaeba
454 1226 578 1312 cpiscdu
600 1210 767 1311 leskp'm
795 1225 916 1293 lcrdlem
939 1225 1135 1293 Albreclrtcm
1156 1228 1178 1290 I
1187 1225 1252 1309 js'm
1280 1225 1447 1305 adelonus,
1468 1225 1500 1290 dc

200 1342 328 1424 nemost
348 1340 414 1426 epti
427 1322 594 1424 'pudendus‘
615 1363 634 1405 o
656 1338 805 1407 kterdlrolc'
820 1341 880 1424 pr'i
894 1339 914 1404 k
929 1339 1127 1425 jabemukclc'
1140 1339 1241 1406 socdu
1254 1337 1432 1406 aemslrc'mu
1446 1361 1499 1404 ceu

199 1476 218 1521 a
243 1459 354 1535 masta,
379 1436 477 1537 ledby
498 1453 628 1537 rycbtdr'
636 1454 706 1538 jul»
720 1452 857 1539 mdstskp'
878 1453 1003 1536 odepiel
1026 1452 1186 1537 dopomocs'
1202 1455 1315 1519 straus*
1326 1451 1369 1517 luc
1385 1451 1499 1536 prdou,

200 1550 377 1664 doklo'dqr‘e,
403 1568 436 1633 lc
457 1570 579 1652 acmcjt
597 1566 744 1634 rovaddk
762 1567 895 1634 emmim
911 1566 1097 1634 duchooatm
1115 1589 1173 1633 ven
1191 1587 1209 1632 r
1226 1568 1329 1632 mesta
1346 1588 1383 1632 vc
1400 1565 1500 1632 vdcecb

202 1659 365 1782 spesspes
384 1680 452 1767 ops
467 1679 639 1765 possunt,
662 1680 760 1766 „porr
781 1679 876 1746 consuo
899 1703 935 1748 se
954 1681 1071 1758 seusu,
1087 1681 1140 1765 ps
1161 1679 1348 1746 abactam
1371 1679 1500 1747 sousa

726 1793 832 1860 adest
852 1795 980 1861 conditi.
1410 1789 1411 1792 '

201 1974 207 2010 ³
257 2004 259 2009 ⁴
288 1986 479 2072 'Philippus
502 1986 543 2052 dc
566 1980 742 2054 alenconio
763 1987 973 2053 miseratione
995 1987 1108 2053 diuina
1131 1989 1303 2070 episcopus
1329 1986 1501 2066 Vstiensis,

205 2105 410 2170 sacrosancte
429 2101 573 2167 Romane
603 2101 740 2167 ecclesio
760 2101 946 2182 cardinalis,
978 2101 1155 2183 apostolice
1186 2101 1273 2167 sedis
1303 2102 1442 2185 legatus,
1464 2100 1501 2165 ad

204 2222 392 2301 perpetuam
416 2215 464 2280 rei
487 2214 682 2280 memoriam.
722 2212 828 2279 Justis
851 2214 1031 2296 petentium
1054 2211 1140 2280 uotis
1170 2215 1308 2280 libenter
1330 2215 1500 2280 annuimus

204 2329 318 2411 ateis,
341 2334 497 2411 quantum
520 2345 591 2393 cum
614 2327 683 2393 Deo
708 2345 891 2409 possumus,
914 2325 1060 2392 fauorem
1082 2325 1268 2394 beniuolum
1291 2327 1500 2410 impartimur.

206 2443 292 2532 Sane
312 2441 430 2525 petitio
453 2459 510 2523 pro
533 2445 625 2524 parte
648 2441 840 2513 dilectorum
862 2439 955 2507 nobis
972 2441 1004 2506 in
1023 2439 1154 2508 Christo
1171 2441 1410 2524 proconsulum,
1434 2460 1503 2508 con·

208 2557 314 2652 sulum
337 2560 370 2621 et
393 2552 633 2621 communitatis
657 2554 746 2636 opidi
768 2553 935 2638 Egreusis,
958 2553 1207 2637 Ratisponeusis
1230 2555 1382 2637 diocesis,
1414 2554 1502 2621 nobis

205 2658 478 2752 nup'e'r'exhibita
501 2666 694 2748 continebat,
718 2668 804 2749 quod
820 2668 896 2735 olim
912 2668 1083 2735 recolendo
1097 2669 1251 2735 memorie
1266 2666 1430 2749 tilbertus,
1451 2687 1503 2733 res

207 2784 434 2862 Romanorum,
466 2780 605 2863 benigue
624 2781 798 2847 aduertens
831 2786 923 2864 grata
946 2788 978 2847 ct
1000 2781 1110 2848 fidelia
1142 2783 1278 2848 seruitia
1308 2783 1372 2848 sibi
1395 2789 1429 2849 at
1450 2783 1503 2848 im·

208 2892 303 2981 perio
321 2895 464 2962 exhibita
485 2913 543 2977 per
558 2896 819 2961 communitatem
842 2895 1048 2976 antedictam,
1071 2896 1153 2979 ipsis
1176 2914 1333 2978 persnas
1357 2897 1438 2962 certi
1461 2900 1504 2960 te-

209 3011 299 3077 noris
330 3010 443 3076 literas
475 3010 652 3092 concessit,
684 3009 769 3092 quod
800 3015 919 3076 extunc
951 3010 1081 3075 inantea
1112 3014 1203 3074 extra
1232 3009 1355 3074 dictum
1380 3010 1504 3091 opidum

210 3143 308 3207 super
326 3119 524 3206 ‚quacunque
539 3123 636 3188 ctiam
653 3123 779 3189 actione
795 3122 835 3188 ad
852 3124 976 3188 nullum
992 3123 1148 3189 iudicium
1164 3120 1366 3207 prouinciale
1381 3123 1504 3188 euocari

211 3237 375 3319 deberent,
407 3238 471 3302 nisi
502 3236 742 3320 querelantibus
776 3236 809 3301 in
840 3237 952 3302 eodem
983 3236 1079 3319 opido
1110 3255 1167 3319 per
1189 3234 1339 3316 iudicem,
1375 3237 1430 3318 qui
1452 3255 1505 3318 pro

211 3357 355 3434 tempore
376 3351 460 3433 foret
482 3348 611 3431 ibidem,
636 3350 767 3416 iusticia
790 3350 1014 3432 denegaretur,
1038 3340 1134 3431 prout
1155 3349 1215 3414 bec
1238 3352 1271 3414 et
1292 3348 1359 3414 alia
1382 3350 1416 3415 in
1439 3366 1505 3432 prc-

212 3452 308 3530 dictis
330 3464 434 3529 literis
456 3456 609 3530 dicuutur
633 3462 759 3545 plenius
783 3464 950 3529 contineri.
976 3465 1105 3544 Quare
1127 3462 1265 3545 predicti
1287 3463 1505 3544 proconsules,

213 3577 361 3645 consules
384 3582 417 3642 et
438 3576 651 3644 communitas
682 3577 774 3643 nobis
795 3578 963 3642 humiliter
994 3578 1227 3660 supplicarunt,
1257 3581 1294 3641 ut
1323 3574 1506 3643 huiusmodi

214 3690 455 3759 concessionem
486 3690 675 3757 confirmare
697 3690 738 3756 de
760 3691 893 3773 speciali
924 3693 1029 3773 gratia
1052 3683 1267 3773 dignaremur.
1313 3688 1384 3757 Nos
1413 3689 1508 3771 igitur

214 3805 417 3872 attendentes
433 3804 638 3871 deuotionem
654 3805 813 3869 sinceram
828 3805 1004 3870 eorundem
1019 3804 1270 3887 supplicantium
1286 3820 1365 3884 erga
1377 3804 1509 3869 sanctis-

215 3921 332 3985 simum
346 3917 512 3985 dominum
527 3923 684 3998 nostrum,
698 3914 862 3983 Vrbanum
879 3934 996 4000 papam
1018 3921 1153 3997 sextum,
1169 3921 1202 3982 et
1217 3917 1396 3983 Romanam
1413 3919 1510 3984 eccle

216 4033 297 4098 siam
316 4050 353 4097 ac
369 4042 541 4114 personam
564 4034 717 4109 nostram,
740 4028 862 4094 eisdem
885 4022 1141 4111 proconsulibus,
1165 4011 1363 4109 consulibus,
1388 4035 1422 4094 et
1444 4030 1508 4111 opi·

215 4146 308 4215 danis
346 4144 549 4225 auctoritate,
579 4162 642 4227 qua
678 4142 853 4223 fungimur,
884 4141 1089 4208 concedimus
1122 4158 1180 4224 per
1214 4146 1398 4224 presentes
1430 4141 1510 4224 quod

217 4259 281 4341 ipsi
303 4259 337 4323 iu
361 4258 468 4324 causis
491 4257 532 4322 ad
555 4256 711 4322 iudicium
734 4256 881 4322 seculare
911 4272 999 4321 mero
1022 4260 1055 4320 et
1077 4256 1171 4337 pleno
1195 4256 1266 4321 iure
1290 4256 1512 4338 spectantibus

218 4378 307 4437 ostra
329 4371 451 4438 dictum
482 4371 614 4454 opidum
644 4389 701 4451 per
731 4369 856 4436 iudices
879 4368 1118 4435 ecclesiasticos
1141 4387 1204 4434 non
1238 4368 1419 4450 trahantur,
1452 4369 1512 4435 nisi

219 4505 316 4552 cause
340 4490 449 4552 essent
473 4486 564 4566 tales,
589 4502 651 4565 que
673 4483 713 4548 de
735 4485 806 4549 iure
828 4483 910 4550 iuris
941 4481 1172 4563 approbatione
1200 4486 1257 4551 aut
1278 4482 1514 4564 prescriptione

219 4599 270 4663 uel
293 4598 467 4681 priuilegio
489 4598 531 4663 ad
553 4596 657 4663 forum
680 4597 936 4664 ecclesiasticum
968 4601 1153 4677 spectarent
1179 4611 1237 4666 seu
1267 4596 1516 4664 consueuissont
