3098 5392
719 454 795 507 rsua.
1347 450 1412 517 539

113 659 307 741 quibusdam
334 661 410 728 aliis
431 661 526 729 bonis
548 666 582 728 et
602 661 873 746 possessionibus,
904 660 1010 768 sidem
1031 660 1195 745 hospitali,
1226 665 1261 726 vt
1282 660 1412 742 dicitur,

113 775 183 855 plus
216 773 364 856 utilibus,
395 780 429 841 et
457 774 591 841 liberam
614 776 887 857 permutationem
921 793 980 843 seu
1012 774 1096 841 alias
1128 775 1414 842 commutacionem

115 885 309 968 onfirmare,
332 886 512 969 approbare
533 892 567 955 et
586 886 750 954 mutitare
766 887 983 971 dignaremur,
1006 887 1048 955 de
1071 892 1182 955 nosue
1200 886 1412 971 benignitatis

113 1000 300 1081 :lemeueia
334 1006 432 1084 prout
460 1001 494 1066 iu
522 1001 647 1084 patenti
679 1000 853 1085 priuilegio
882 1018 941 1083 per
969 1000 1057 1067 clare
1077 1000 1232 1067 memorie
1253 999 1414 1067 illustrem

113 1113 305 1195 'ohannem
328 1113 491 1197 quondam
512 1114 646 1181 Boemie
667 1132 787 1197 regem,
809 1118 956 1181 nostrum
986 1115 1165 1197 genitorem
1198 1113 1412 1195 carissimum,

113 1247 253 1311 ,esuper
276 1227 325 1294 eis
348 1226 424 1294 dato
446 1227 630 1295 sentinetur
659 1226 799 1310 plenius,
832 1230 926 1293 tenor
954 1227 1047 1293 cuius
1077 1225 1191 1293 existit
1217 1244 1276 1310 per
1305 1227 1415 1295 omnia

113 1362 133 1407 n
161 1341 229 1406 hec
253 1339 368 1406 verbs:
401 1338 470 1406 Nos
493 1338 657 1407 Jobannes
679 1343 739 1405 etc.
779 1338 970 1423 (Ntslednje
999 1339 1094 1407 ment
1115 1339 1196 1407 listu
1216 1340 1308 1408 krale
1329 1337 1414 1407 dana

113 1455 130 1519 l.
160 1473 186 1518 v
202 1452 308 1519 Praze
331 1451 373 1519 15
396 1452 513 1519 derum
537 1452 622 1519 1345
645 1451 671 1519 t.
695 1452 784 1529 250).
807 1452 821 1536 )
851 1451 920 1519 Nos
941 1453 1053 1536 igitur,
1076 1454 1132 1536 qui
1154 1471 1254 1537 supra
1273 1453 1414 1521 Karolus

113 1570 332 1635 tomanorum
353 1567 529 1651 imperator
551 1583 678 1649 semper
700 1568 858 1648 augustus
881 1568 915 1632 et
934 1565 1069 1633 Boemie
1090 1585 1158 1649 rer,
1182 1568 1268 1634 siout
1287 1566 1414 1651 pridem

113 1699 207 1763 uper
232 1679 419 1745 huiusmodi
440 1677 644 1759 mndacioue,
667 1678 904 1746 constitucione
921 1684 955 1745 et
976 1679 1147 1747 doucioue
1165 1686 1277 1747 nostre
1299 1678 1414 1748 confir·

113 1794 271 1860 nacionis
301 1793 414 1858 literne
437 1792 498 1859 sub
519 1792 615 1859 titulo
637 1792 782 1860 Romano
804 1793 895 1875 regio
918 1798 952 1860 et
974 1791 1034 1859 sub
1057 1812 1142 1862 suno
1164 1793 1289 1862 domini
1309 1794 1412 1861 mille·

113 1909 193 1975 timo
217 1906 447 1974 trecentesimo
461 1907 728 1991 quinquagesimo
752 1906 904 1989 secundo,
926 1906 1110 1976 indiccione
1130 1908 1253 1993 quinta,
1275 1906 1322 1974 VI
1339 1907 1413 1975 idus

113 2022 202 2103 daii,
235 2038 409 2103 regnorum
431 2023 614 2087 nostrorum
643 2038 728 2087 anno
760 2025 860 2102 sexto,
882 2020 1076 2087 auctoritate
1097 2020 1190 2104 regia
1210 2020 1415 2089 decredimus

113 2134 306 2218 erogandas,
330 2133 378 2200 sic
398 2137 431 2200 et
445 2150 531 2201 nunc
552 2133 771 2216 predictorum
788 2134 911 2201 ciuium
925 2132 1103 2200 intentioni
1117 2133 1224 2217 pieac
1238 2135 1414 2202 humilibus

113 2248 264 2333 precibus
287 2247 435 2331 graciose
457 2253 490 2313 et
511 2246 663 2315 beniuole
683 2251 863 2313 annuentes
883 2245 1003 2313 dietam
1017 2246 1245 2316 fundacionem
1258 2247 1415 2317 bonorum

113 2382 171 2431 seu
200 2362 447 2445 possessionum
476 2361 680 2427 dotaciouem
710 2379 768 2427 seu
797 2360 1008 2428 donacionem
1037 2379 1075 2428 so
1105 2359 1225 2444 prefati
1257 2362 1414 2445 genitoris

113 2477 219 2542 nostri
247 2475 504 2558 suprascriptum
525 2475 743 2559 priuilegium,
767 2494 840 2542 cum
862 2474 1010 2543 omnibus
1034 2476 1200 2558 clausulis,
1229 2477 1360 2560 punctis
1382 2481 1416 2542 et

113 2589 273 2671 articulis,
285 2593 319 2655 et
328 2588 556 2656 maccellorum
567 2588 778 2672 quorundam,
794 2589 931 2656 sitorum
946 2589 1065 2673 inipso
1079 2591 1215 2658 ciuitate
1229 2589 1414 2671 Greamusi,

113 2703 296 2786 predictum
311 2702 472 2785 hospitale
489 2703 579 2786 prius
594 2701 786 2784 habitorum,
802 2702 1090 2771 commutacionem
1100 2722 1158 2787 pro
1173 2702 1312 2788 quedam
1323 2702 1415 2770 cuna

113 2836 186 2882 oum
210 2815 335 2882 duabus
358 2816 500 2881 araturis
530 2815 594 2881 sita
620 2816 654 2881 iu
677 2815 756 2881 villa
777 2815 905 2896 Plotist,
939 2834 1036 2898 quam
1066 2816 1227 2900 quondam
1248 2814 1414 2883 Johaunes

113 2930 152 2995 de
170 2929 339 3009 Chrudim,
360 2929 466 2995 dictus
482 2928 541 2994 der
551 2928 652 3011 junge
668 2929 809 3012 schopfe,
833 2948 895 2995 vna
912 2930 1099 2996 cumfratre
1113 2948 1173 2997 suo
1187 2928 1306 2997 dilecto
1320 2929 1414 2996 nobis

113 3043 222 3121 Petro,
244 3043 401 3124 Pragensi
424 3043 599 3124 capellano,
618 3048 793 3108 tenuerunt
810 3061 848 3109 ao
864 3043 1087 3127 possederunt,
1111 3048 1144 3109 et
1165 3048 1256 3110 serto
1279 3043 1414 3110 dimidio

113 3158 218 3222 laucis
242 3157 277 3221 in
300 3156 378 3221 villa
397 3154 534 3221 Problus
556 3173 576 3220 a
598 3155 829 3222 wladiconibus
852 3156 979 3238 emptis,
1002 3156 1263 3238 possessionibus
1285 3156 1415 3240 quidem

114 3277 147 3337 u
180 3270 276 3338 bonis
307 3270 412 3336 eidem
441 3270 595 3353 hospitali
618 3248 783 3351 umquam
811 3270 884 3352 prus
912 3270 1044 3337 venun
1067 3274 1101 3336 u
1121 3269 1243 3351 liberis,
1266 3288 1353 3335 nunc
1375 3268 1416 3334 ue

114 3404 199 3451 nouo
221 3385 271 3449 illi
287 3383 467 3466 acquisitis,
490 3383 653 3450 adiunctis
673 3389 707 3450 et
720 3384 945 3465 incorporatis,
968 3402 1006 3450 eo
1028 3389 1136 3449 tamen
1154 3387 1296 3466 excepto,
1318 3382 1415 3467 quod,

114 3499 142 3563 si
164 3497 239 3581 quis
272 3495 324 3562 vel
347 3496 375 3561 si
397 3496 453 3578 qui
482 3495 630 3563 redditus
660 3497 711 3562 vel
739 3497 963 3586 possessiones
997 3498 1150 3580 hospitali
1183 3495 1307 3580 prefato
1341 3514 1415 3562 con·

113 3612 221 3695 tingat
236 3610 364 3693 erogari
386 3608 427 3675 de
448 3613 565 3690 cetero,
587 3609 698 3691 regius
713 3614 824 3675 noster
838 3609 879 3674 nd
894 3610 955 3676 hoc
969 3611 1154 3693 requiratur
1176 3615 1210 3676 et
1232 3608 1415 3676 obtineatur

113 3741 310 3792 cousensus:
343 3722 524 3805 laudamus,
558 3722 783 3805 approbamus,
817 3722 1014 3790 ratificamus
1038 3742 1077 3791 ac
1097 3724 1195 3790 huius
1217 3721 1336 3789 indulti
1358 3720 1414 3787 de

113 3844 200 3905 creto
224 3837 267 3904 de
287 3837 377 3921 regie
399 3836 613 3919 benignitatis
638 3835 812 3902 clemencia
830 3835 1054 3902 faruorabiliter
1069 3835 1303 3922 confirmamus,
1325 3852 1415 3900 mau-

114 3952 231 4019 dautes
253 3949 486 4017 nichilominus
515 3949 618 4016 iudici
640 3954 673 4014 et
694 3950 812 4015 iuratis
842 3948 928 4014 dicte
959 3950 1103 4015 ciuitatis
1126 3947 1329 4029 Greczeusis,
1358 3947 1415 4030 qui

113 4084 169 4149 pro
192 4071 341 4146 tempore
362 4062 493 4143 tuerint,
515 4062 665 4129 fidelibus
688 4063 809 4130 nostris
830 4062 968 4143 dilectis,
991 4067 1152 4145 quatenus
1166 4061 1329 4145 hospitale
1342 4078 1415 4145 pre·

113 4179 238 4247 dotum
267 4196 306 4244 ao
336 4177 478 4259 priorem
508 4196 565 4244 seu
595 4184 836 4259 procuratorem
868 4177 981 4258 ipsius,
1016 4177 1072 4260 qui
1102 4195 1189 4243 nuno
1211 4181 1262 4243 est
1282 4175 1335 4242 vel
1356 4192 1415 4257 pro

113 4301 259 4377 tempore
286 4291 395 4373 luerit,
426 4291 461 4356 in
490 4291 625 4373 pretatis
655 4291 781 4357 iuribus
804 4298 837 4356 ct
859 4290 977 4373 graciis
1008 4291 1056 4357 eis
1084 4289 1247 4358 concessis
1270 4293 1303 4355 et
1324 4292 1414 4371 post·

113 4407 245 4474 modum
259 4423 320 4488 per
332 4423 402 4486 nos,
425 4408 574 4487 utsupra
590 4404 719 4485 dicitur,
737 4403 933 4471 confirmatis
949 4423 1012 4470 nou
1028 4403 1208 4485 molestent,
1231 4402 1414 4484 inquietant

113 4540 170 4588 seu
191 4520 336 4599 turbent,
359 4536 419 4584 neo
440 4516 480 4583 ab
503 4518 578 4584 aliis
599 4517 734 4598 turbari,
757 4518 922 4584 molestari
945 4535 1003 4584 seu
1026 4517 1200 4601 inquietari
1214 4517 1414 4600 permittant,

113 4635 168 4704 sed
192 4653 251 4702 eos
273 4632 389 4716 pocius
410 4634 522 4698 nostra
544 4629 668 4698 suffulti
686 4632 879 4697 auctoritate
902 4631 935 4696 in
958 4631 1082 4699 eisdem
1099 4634 1281 4715 protegant,
1302 4648 1415 4696 manu-
