3150 5378
135 401 196 467 118
755 400 829 452 mor.

237 607 412 691 Cupientes
435 610 482 673 sic
504 627 639 691 regnare
672 609 705 674 in
729 607 877 689 subditis,
908 613 951 689 vt,
973 624 1054 690 quos
1084 606 1209 672 sinistri
1239 623 1335 671 cesus
1359 605 1425 671 for·

132 730 212 790 tune
233 728 427 817 nouercante
457 723 666 805 dampnorum
696 720 901 804 incomodis¹)
931 722 1067 789 forsitan
1096 724 1304 805 occuparunt
1335 720 1426 803 ipsos

132 837 335 919 compassiuo
350 835 484 918 enimo¹l
500 836 752 902 misericorditer
767 835 982 917 sublenemns‚
998 835 1088 901 ciues
1102 839 1231 901 nostros
1246 835 1280 900 in
1294 829 1425 912 Grecz⁸l

132 951 216 1031 illos,
239 969 319 1033 quos
342 951 375 1014 in
398 949 481 1014 festo
503 946 653 1031 Pesobe⁴)
689 950 833 1031 proxime
862 949 1017 1031 preterito
1046 948 1132 1030 ignis
1162 947 1341 1029 dampnoso
1371 966 1426 1012 ro

132 1083 210 1148 rago
233 1065 439 1147 exinopinnte
460 1063 508 1129 rei
532 1066 650 1129 euentu
673 1063 707 1128 in
730 1061 867 1130 edificiis
901 1064 970 1128 suis
993 1067 1025 1128 et
1045 1062 1143 1128 rebus
1164 1061 1239 1127 eliis
1262 1065 1314 1126 cst
1336 1060 1425 1126 dem·

133 1178 307 1261 pnebilitor
340 1177 501 1258 demolito,
536 1176 576 1244 de
599 1196 707 1259 censu,
741 1182 850 1243 steuro
873 1183 906 1243 et
927 1176 1098 1244 exaccione
1120 1175 1264 1259 quolibet
1293 1193 1313 1239 o
1343 1174 1425 1241 festo

133 1293 236 1359 sancti
260 1293 393 1375 Georgii
414 1292 558 1374 proxime
591 1292 746 1374 preterito
768 1291 810 1356 od
832 1292 969 1359 duorum
989 1309 1147 1357 annorum
1176 1289 1322 1374 spacium
1352 1307 1426 1354 con-

132 1407 224 1472 tinue
246 1405 516 1472 numerandorum
544 1405 585 1471 de
606 1405 698 1488 regie
726 1405 902 1471 clemencie
924 1402 1093 1469 eximimus
1116 1407 1149 1468 et
1169 1401 1289 1469 liberos
1318 1401 1427 1467 reddi-

132 1539 204 1587 mus
227 1526 260 1586 et
292 1521 460 1601 immunes,
494 1519 648 1599 volentes,
682 1524 718 1584 vt
739 1518 847 1585 nullus
877 1536 935 1600 pro
970 1516 1092 1582 eisdem
1114 1534 1223 1596 censu,
1254 1519 1366 1581 steure
1395 1523 1428 1580 et

133 1634 358 1701 exaccionibus
381 1632 577 1716 quibuslibet
599 1631 683 1698 infre
716 1631 876 1697 dictorum
897 1648 1053 1696 annorum
1076 1629 1220 1712 specium
1249 1629 1341 1711 ipsos
1372 1628 1426 1692 de·

135 1748 211 1814 beat
232 1749 265 1813 in
289 1748 398 1829 aliquo
421 1765 607 1828 aggredere.
632 1745 669 1810 In
692 1745 785 1810 cuius
807 1745 856 1810 rei
879 1749 937 1810 eto.

238 1919 329 1987 Voigt,
356 1918 536 1973 Formelbncb
562 1917 613 1973 des
637 1916 739 1986 konigl.
765 1914 869 1972 Notum
888 1915 1034 1972 Heimiens
1058 1914 1170 1971 italicus
1197 1912 1236 1969 ll⁰
1253 1912 1376 1970 CXXIV.
1395 1942 1426 1956 -·

135 2014 228 2071 Codex
238 2014 380 2070 lllomvioe
388 2013 448 2068 VII.
460 2020 509 2069 str.
519 2018 578 2079 968,
590 2013 661 2067 kdei
672 2029 703 2069 se
722 2012 779 2068 dte:
801 2011 859 2080 ¹)in
876 2010 1034 2068 commodis.
1044 2011 1110 2079 -¹)
1129 2009 1324 2081 compossione
1335 2011 1427 2066 anime

137 2126 155 2166 o
173 2111 194 2178 ¹)
212 2110 241 2164 in
259 2110 309 2165 tali
327 2109 396 2165 loco.
414 2114 448 2150 -’-
466 2109 566 2175 Emler,
584 2108 705 2177 Regeste
722 2107 757 2162 11.
775 2106 799 2164 d.
818 2113 894 2164 2403.
911 2138 946 2150 -
964 2107 989 2162 V
1007 2109 1077 2163 tomi
1104 2105 1247 2162 formnltii
1263 2106 1367 2177 (Voigt,
1391 2107 1430 2162 N⁰

136 2205 260 2275 CXXXI)
276 2206 306 2274 je
323 2205 439 2260 for-mule
456 2205 531 2272 listn,
549 2205 657 2275 interim
675 2205 716 2258 kr.
732 2204 835 2258 Violev
852 2203 887 2260 Il.
897 2203 1023 2272 mexnny
1037 2184 1355 2273 jednohomeste‘nnan
1373 2201 1428 2258 Do-

136 2301 252 2370 msilic),
273 2300 435 2355 lrteitxellxe
454 2299 543 2371 ikody
561 2300 661 2370 ntrpdli
679 2299 794 2370 destymi
812 2299 903 2371 xptdy
919 2299 1046 2370 neplitel
1064 2316 1082 2354 s
1099 2301 1235 2370 polirem,
1256 2299 1299 2369 pii
1320 2299 1429 2354 lxtertm

134 2395 603 2467 vetiidtstmdstcpopelemlehlc,
622 2413 658 2452 ne
670 2397 706 2451 tii
719 2396 776 2451 leto
793 2395 828 2451 od
847 2397 956 2466 placem
973 2397 1072 2462 drokd,
1090 2396 1169 2451 berni
1188 2395 1315 2467 ajinycb
1333 2396 1429 2466 pletis

135 2492 302 2561 osvobozuje
320 2509 337 2547 c
354 2491 488 2546 dokltde:
504 2492 656 2559 „Preterem
676 2497 705 2545 ut
717 2492 790 2546 dicte
802 2492 923 2548 ciuitatis
933 2492 1009 2548 eines
1022 2491 1120 2548 domus
1132 2493 1256 2562 ipsorum
1275 2491 1429 2562 perignem

134 2588 290 2644 destructus
309 2604 342 2642 eo
360 2587 467 2643 facilins
486 2592 514 2641 et
531 2588 644 2643 liberius
662 2587 822 2644 reedificare
846 2589 965 2655 valeant,
991 2605 1025 2642 ex
1049 2588 1164 2660 speciali
1181 2587 1273 2658 gracie
1290 2589 1333 2643 eis
1350 2586 1428 2644 duxi-

124 2701 196 2765 ·mns
215 2681 419 2753 indulgendum,
439 2683 511 2753 quod
530 2684 605 2753 ligne
622 2683 651 2738 in
678 2683 782 2740 nostris
801 2684 879 2739 siluis
898 2684 1009 2740 circe..
1028 2700 1078 2756 pro
1105 2683 1316 2741 reedificsoione
1334 2683 1427 2741 domo·

134 2798 194 2836 rum
213 2780 268 2849 igni
286 2784 511 2850 consumpturum
529 2779 572 2835 vel
590 2780 675 2835 eciem
693 2795 857 2852 quocumque
875 2779 957 2835 modo
975 2779 1176 2837 destmctumm
1196 2787 1292 2836 nostru
1311 2779 1429 2838 auctori·

134 2885 192 2933 tete
206 2877 356 2944 succident,
374 2877 421 2931 nbi
439 2883 534 2932 noster
550 2876 643 2941 index,
661 2877 708 2947 qui
721 2883 786 2931 tunc
805 2893 855 2947 pro
873 2889 999 2946 tempore
1011 2877 1103 2945 inerit,
1114 2878 1154 2933 eis
1173 2876 1283 2933 duxerit
1292 2877 1429 2948 deputen-

134 2973 226 3031 dnm“.
245 2973 356 3042 (Emler,
375 2973 496 3042 Regeste
512 2971 547 3026 11.
566 2971 588 3027 d.
607 2975 694 3040 2402.)

713 3264 776 3346 Cis.
804 3282 856 3347 56.

533 3451 643 3541 [Pled
665 3472 697 3521 r.
719 3451 829 3541 mnu]
854 3455 887 3523 V
908 3453 1038 3522 Prone.

135 3627 219 3692 Kru'l
249 3627 360 3692 llicloo
392 3626 431 3690 H
455 3627 630 3711 oeoobomjc
658 3631 802 3711 mdlt'onp
831 3611 960 3695 Zoteckd
987 3650 1032 3694 na
1061 3629 1121 3694 dod
1146 3628 1211 3695 leta
1238 3628 1279 3693 od
1308 3628 1429 3695 ddcdni

135 3740 230 3805 berne
241 3740 298 3806 neb
316 3738 416 3805 droti
437 3761 455 3804 c
464 3739 617 3822 poseozkti
637 3738 774 3807 kmdstn
782 3740 1025 3825 pr'isluiciicicb
1039 3739 1137 3825 jobed
1158 3741 1171 3807 i
1185 3744 1427 3827 postcpnjcjim

135 3875 180 3920 oo
201 3859 237 3919 tu
257 3854 338 3921 debu
353 3856 476 3939 pr'xjmy
497 3856 639 3939 crpcltp
659 3853 802 3931 ocdstslci,
833 3855 894 3938 obp
916 3855 1013 3922 meldi
1033 3854 1157 3939 trachy
1177 3855 1313 3924 meslete
1333 3877 1426 3943 opra-

724 3971 838 4034 remoti.

239 4146 306 4212 Nos
329 4144 565 4229 W[enooslaus]
588 4145 640 4211 dei
663 4147 772 4228 gracia
793 4164 850 4210 rex
876 4146 1007 4213 Boemic
1029 4152 1062 4212 et
1083 4148 1225 4214 marchio
1244 4145 1424 4227 blorsuie¹l

136 4264 248 4325 notum
277 4260 413 4326 facimus
439 4262 601 4325 minensis
623 4266 790 4342 presentes
813 4258 973 4342 litteras²l
994 4261 1199 4343 inspecturis,
1229 4264 1317 4345 quod
1339 4261 1425 4348 cupi·

137 4379 226 4438 entes
249 4373 372 4439 adhoc
395 4375 471 4440 dare
494 4393 632 4456 operam,
663 4380 698 4440 vt
726 4374 872 4441 ciuitatis
897 4379 1007 4440 nostre
1029 4372 1141 4456 Saozl)
1165 4394 1332 4443 mnromum
1363 4397 1426 4444 nm·

136 4486 233 4567 bitus,
265 4485 318 4552 vbi
348 4488 533 4570 indiguerit,
563 4494 740 4570 reperetur,
771 4490 914 4554 ciuitatis
935 4490 1042 4572 ipsius
1065 4488 1191 4556 ciuibus
1213 4490 1428 4577 obuenciones

131 4600 249 4682 judicii
271 4600 384 4668 demus
407 4608 440 4670 et
461 4602 665 4670 concedimus
694 4623 732 4670 oc
759 4622 814 4670 eos
836 4603 876 4669 ab
899 4604 1063 4671 solucione
1092 4608 1201 4671 sterne
1232 4608 1265 4671 et
1295 4606 1430 4673 collecte
