<?xml version="1.0" encoding="UTF-8"?>
<!DOCTYPE html PUBLIC "-//W3C//DTD XHTML 1.0 Transitional//EN"
    "http://www.w3.org/TR/xhtml1/DTD/xhtml1-transitional.dtd">
<html xmlns="http://www.w3.org/1999/xhtml" xml:lang="en" lang="en">
 <head>
  <title>
</title>
<meta http-equiv="Content-Type" content="text/html;charset=utf-8" />
  <meta name='ocr-system' content='tesseract 3.04.00' />
  <meta name='ocr-capabilities' content='ocr_page ocr_carea ocr_par ocr_line ocrx_word'/>
</head>
<body>
  <div class='ocr_page' id='page_1' title='image "./sbrkapramenprva01kingoog/sbrkapramenprva01kingoog_1217.png"; bbox 0 0 3150 5378; ppageno 0'>
   <div class='ocr_carea' id='block_1_1' title="bbox 134 424 817 493">
    <p class='ocr_par' dir='ltr' id='par_1_1' title="bbox 134 424 817 493">
     <span class='ocr_line' id='line_1_1' title="bbox 134 424 817 493; baseline 0.003 -20"><span class='ocrx_word' id='word_1_1' title='bbox 134 426 217 493; x_wconf 72' lang='lat'>1178</span> <span class='ocrx_word' id='word_1_2' title='bbox 743 424 817 475; x_wconf 75' lang='lat'>141⁷.</span> 
     </span>
    </p>
   </div>
   <div class='ocr_carea' id='block_1_2' title="bbox 131 630 1418 828">
    <p class='ocr_par' dir='ltr' id='par_1_2' title="bbox 131 630 1418 828">
     <span class='ocr_line' id='line_1_2' title="bbox 131 630 1418 717; baseline 0 -18"><span class='ocrx_word' id='word_1_3' title='bbox 131 633 368 717; x_wconf 70' lang='lat' dir='ltr'><strong>arcsoistopooe‘</strong></span> <span class='ocrx_word' id='word_1_4' title='bbox 392 633 529 717; x_wconf 61' lang='lat' dir='ltr'><strong>Praesti,</strong></span> <span class='ocrx_word' id='word_1_5' title='bbox 552 631 671 698; x_wconf 69' lang='lat' dir='ltr'><strong>mtostc</strong></span> <span class='ocrx_word' id='word_1_6' title='bbox 692 630 819 714; x_wconf 70' lang='lat' dir='ltr'><strong>Zbynek</strong></span> <span class='ocrx_word' id='word_1_7' title='bbox 840 630 1085 699; x_wconf 67' lang='lat' dir='ltr'><strong>alimentaria</strong></span> <span class='ocrx_word' id='word_1_8' title='bbox 1098 655 1122 699; x_wconf 84' lang='lat' dir='ltr'><strong>c</strong></span> <span class='ocrx_word' id='word_1_9' title='bbox 1140 633 1308 699; x_wconf 67' lang='lat' dir='ltr'><strong>littoralia</strong></span> <span class='ocrx_word' id='word_1_10' title='bbox 1329 630 1418 715; x_wconf 58' lang='lat' dir='ltr'><strong>rebe</strong></span> 
     </span>
     <span class='ocr_line' id='line_1_3' title="bbox 681 745 875 828; baseline 0 -18"><span class='ocrx_word' id='word_1_11' title='bbox 681 745 747 828; x_wconf 76' lang='lat' dir='ltr'><strong>opti</strong></span> <span class='ocrx_word' id='word_1_12' title='bbox 760 745 875 812; x_wconf 71' lang='lat' dir='ltr'><strong>coctili</strong></span> 
     </span>
    </p>
   </div>
   <div class='ocr_carea' id='block_1_3' title="bbox 127 939 1427 4199">
    <p class='ocr_par' dir='ltr' id='par_1_3' title="bbox 127 939 1427 4199">
     <span class='ocr_line' id='line_1_4' title="bbox 230 939 1421 1023; baseline 0.002 -20"><span class='ocrx_word' id='word_1_13' title='bbox 230 940 441 1006; x_wconf 87' lang='lat' dir='ltr'><strong>Weoceslaus</strong></span> <span class='ocrx_word' id='word_1_14' title='bbox 464 939 517 1005; x_wconf 90' lang='lat' dir='ltr'><strong>dei</strong></span> <span class='ocrx_word' id='word_1_15' title='bbox 540 940 651 1021; x_wconf 76' lang='lat' dir='ltr'><strong>gracia</strong></span> <span class='ocrx_word' id='word_1_16' title='bbox 666 940 881 1005; x_wconf 85' lang='lat' dir='ltr'><strong>Romanorum</strong></span> <span class='ocrx_word' id='word_1_17' title='bbox 905 957 962 1004; x_wconf 82' lang='lat' dir='ltr'><strong>rex</strong></span> <span class='ocrx_word' id='word_1_18' title='bbox 978 957 1107 1021; x_wconf 89' lang='lat' dir='ltr'><strong>semper</strong></span> <span class='ocrx_word' id='word_1_19' title='bbox 1122 946 1294 1023; x_wconf 82' lang='lat' dir='ltr'><strong>augustus</strong></span> <span class='ocrx_word' id='word_1_20' title='bbox 1311 946 1344 1007; x_wconf 87' lang='lat' dir='ltr'><strong>et</strong></span> <span class='ocrx_word' id='word_1_21' title='bbox 1355 940 1421 1006; x_wconf 75' lang='lat' dir='ltr'><strong>Roe</strong></span> 
     </span>
     <span class='ocr_line' id='line_1_5' title="bbox 132 1053 1423 1141; baseline -0.001 -21"><span class='ocrx_word' id='word_1_22' title='bbox 132 1055 284 1121; x_wconf 79' lang='lat' dir='ltr'><strong>micres.</strong></span> <span class='ocrx_word' id='word_1_23' title='bbox 320 1054 439 1120; x_wconf 87' lang='lat' dir='ltr'><strong>Notum</strong></span> <span class='ocrx_word' id='word_1_24' title='bbox 463 1053 600 1120; x_wconf 83' lang='lat' dir='ltr'><strong>lacinms</strong></span> <span class='ocrx_word' id='word_1_25' title='bbox 634 1059 746 1119; x_wconf 83' lang='lat' dir='ltr'><strong>tenore</strong></span> <span class='ocrx_word' id='word_1_26' title='bbox 776 1053 980 1141; x_wconf 78' lang='lat' dir='ltr'><strong>presencium</strong></span> <span class='ocrx_word' id='word_1_27' title='bbox 1014 1054 1201 1133; x_wconf 79' lang='lat' dir='ltr'><strong>votuersis,</strong></span> <span class='ocrx_word' id='word_1_28' title='bbox 1244 1054 1332 1139; x_wconf 83' lang='lat' dir='ltr'><strong>quod</strong></span> <span class='ocrx_word' id='word_1_29' title='bbox 1359 1060 1423 1119; x_wconf 78' lang='lat' dir='ltr'><strong>star—</strong></span> 
     </span>
     <span class='ocr_line' id='line_1_6' title="bbox 132 1164 1424 1248; baseline -0.002 -16"><span class='ocrx_word' id='word_1_30' title='bbox 132 1187 216 1234; x_wconf 88' lang='lat' dir='ltr'><strong>nuus</strong></span> <span class='ocrx_word' id='word_1_31' title='bbox 239 1167 341 1233; x_wconf 88' lang='lat' dir='ltr'><strong>Janco</strong></span> <span class='ocrx_word' id='word_1_32' title='bbox 371 1167 412 1232; x_wconf 88' lang='lat' dir='ltr'><strong>de</strong></span> <span class='ocrx_word' id='word_1_33' title='bbox 435 1165 643 1247; x_wconf 81' lang='lat' dir='ltr'><strong>Cbotiemicz,</strong></span> <span class='ocrx_word' id='word_1_34' title='bbox 673 1165 821 1231; x_wconf 89' lang='lat' dir='ltr'><strong>residens</strong></span> <span class='ocrx_word' id='word_1_35' title='bbox 852 1166 885 1231; x_wconf 91' lang='lat' dir='ltr'><strong>in</strong></span> <span class='ocrx_word' id='word_1_36' title='bbox 916 1166 1158 1248; x_wconf 84' lang='lat' dir='ltr'><strong>Furstenstain,</strong></span> <span class='ocrx_word' id='word_1_37' title='bbox 1189 1164 1304 1233; x_wconf 86' lang='lat' dir='ltr'><strong>fidelis</strong></span> <span class='ocrx_word' id='word_1_38' title='bbox 1335 1172 1424 1232; x_wconf 81' lang='lat' dir='ltr'><strong>nostor</strong></span> 
     </span>
     <span class='ocr_line' id='line_1_7' title="bbox 132 1280 1425 1363; baseline -0.002 -18"><span class='ocrx_word' id='word_1_39' title='bbox 132 1281 284 1361; x_wconf 89' lang='lat' dir='ltr'><strong>dilectus,</strong></span> <span class='ocrx_word' id='word_1_40' title='bbox 307 1281 340 1345; x_wconf 93' lang='lat' dir='ltr'><strong>in</strong></span> <span class='ocrx_word' id='word_1_41' title='bbox 364 1286 473 1346; x_wconf 90' lang='lat' dir='ltr'><strong>nostre</strong></span> <span class='ocrx_word' id='word_1_42' title='bbox 495 1280 676 1345; x_wconf 84' lang='lat' dir='ltr'><strong>molestetis</strong></span> <span class='ocrx_word' id='word_1_43' title='bbox 700 1280 896 1345; x_wconf 88' lang='lat' dir='ltr'><strong>constitutus</strong></span> <span class='ocrx_word' id='word_1_44' title='bbox 918 1280 1099 1361; x_wconf 79' lang='lat' dir='ltr'><strong>presencia,</strong></span> <span class='ocrx_word' id='word_1_45' title='bbox 1125 1280 1326 1363; x_wconf 75' lang='lat' dir='ltr'><strong>supplicans</strong></span> <span class='ocrx_word' id='word_1_46' title='bbox 1348 1280 1425 1345; x_wconf 86' lang='lat' dir='ltr'><strong>nobis</strong></span> 
     </span>
     <span class='ocr_line' id='line_1_8' title="bbox 131 1393 1425 1477; baseline -0.004 -17"><span class='ocrx_word' id='word_1_47' title='bbox 131 1395 299 1460; x_wconf 91' lang='lat' dir='ltr'><strong>humiliter</strong></span> <span class='ocrx_word' id='word_1_48' title='bbox 333 1400 527 1473; x_wconf 74' lang='lat' dir='ltr'><strong>elabente,</strong></span> <span class='ocrx_word' id='word_1_49' title='bbox 561 1400 720 1476; x_wconf 85' lang='lat' dir='ltr'><strong>quatenus</strong></span> <span class='ocrx_word' id='word_1_50' title='bbox 753 1393 908 1475; x_wconf 83' lang='lat' dir='ltr'><strong>magistro</strong></span> <span class='ocrx_word' id='word_1_51' title='bbox 943 1394 1075 1469; x_wconf 91' lang='lat' dir='ltr'><strong>ciuium,</strong></span> <span class='ocrx_word' id='word_1_52' title='bbox 1092 1394 1218 1477; x_wconf 88' lang='lat' dir='ltr'><strong>judici,</strong></span> <span class='ocrx_word' id='word_1_53' title='bbox 1255 1394 1425 1461; x_wconf 84' lang='lat' dir='ltr'><strong>consulibus</strong></span> 
     </span>
     <span class='ocr_line' id='line_1_9' title="bbox 128 1505 1424 1591; baseline -0.002 -19"><span class='ocrx_word' id='word_1_54' title='bbox 128 1509 249 1590; x_wconf 88' lang='lat' dir='ltr'><strong>juratis</strong></span> <span class='ocrx_word' id='word_1_55' title='bbox 272 1510 305 1573; x_wconf 83' lang='lat' dir='ltr'><strong>et</strong></span> <span class='ocrx_word' id='word_1_56' title='bbox 327 1508 548 1574; x_wconf 78' lang='lat' dir='ltr'>communitati</span> <span class='ocrx_word' id='word_1_57' title='bbox 571 1506 716 1571; x_wconf 89' lang='lat' dir='ltr'><strong>ciuitatis</strong></span> <span class='ocrx_word' id='word_1_58' title='bbox 740 1506 929 1591; x_wconf 79' lang='lat' dir='ltr'><strong>Pilgreyms,</strong></span> <span class='ocrx_word' id='word_1_59' title='bbox 959 1505 1112 1574; x_wconf 86' lang='lat' dir='ltr'><strong>fidelibus</strong></span> <span class='ocrx_word' id='word_1_60' title='bbox 1146 1508 1276 1575; x_wconf 86' lang='lat' dir='ltr'><strong>nostris</strong></span> <span class='ocrx_word' id='word_1_61' title='bbox 1303 1507 1424 1573; x_wconf 78' lang='lat' dir='ltr'><strong>dilectis.</strong></span> 
     </span>
     <span class='ocr_line' id='line_1_10' title="bbox 131 1618 1423 1703; baseline -0.002 -17"><span class='ocrx_word' id='word_1_62' title='bbox 131 1621 259 1686; x_wconf 77' lang='lat' dir='ltr'><strong>litteras</strong></span> <span class='ocrx_word' id='word_1_63' title='bbox 292 1627 325 1686; x_wconf 88' lang='lat' dir='ltr'><strong>et</strong></span> <span class='ocrx_word' id='word_1_64' title='bbox 346 1620 530 1703; x_wconf 79' lang='lat' dir='ltr'><strong>priuilegia,</strong></span> <span class='ocrx_word' id='word_1_65' title='bbox 562 1639 620 1701; x_wconf 88' lang='lat' dir='ltr'><strong>per</strong></span> <span class='ocrx_word' id='word_1_66' title='bbox 650 1621 738 1702; x_wconf 91' lang='lat' dir='ltr'><strong>ipsos</strong></span> <span class='ocrx_word' id='word_1_67' title='bbox 769 1621 929 1701; x_wconf 90' lang='lat' dir='ltr'><strong>quondam</strong></span> <span class='ocrx_word' id='word_1_68' title='bbox 953 1637 973 1684; x_wconf 89' lang='lat' dir='ltr'><strong>a</strong></span> <span class='ocrx_word' id='word_1_69' title='bbox 994 1618 1246 1687; x_wconf 87' lang='lat' dir='ltr'><strong>venerabilibus</strong></span> <span class='ocrx_word' id='word_1_70' title='bbox 1262 1668 1296 1687; x_wconf 90' lang='lat'><strong>..</strong></span> <span class='ocrx_word' id='word_1_71' title='bbox 1318 1621 1423 1686; x_wconf 80' lang='lat' dir='ltr'><strong>archic-</strong></span> 
     </span>
     <span class='ocr_line' id='line_1_11' title="bbox 132 1732 1425 1817; baseline -0.002 -18"><span class='ocrx_word' id='word_1_72' title='bbox 132 1734 276 1817; x_wconf 92' lang='lat' dir='ltr'><strong>piscopis</strong></span> <span class='ocrx_word' id='word_1_73' title='bbox 290 1735 518 1816; x_wconf 80' lang='lat' dir='ltr'><strong>Pragensibus,</strong></span> <span class='ocrx_word' id='word_1_74' title='bbox 541 1734 753 1816; x_wconf 89' lang='lat' dir='ltr'><strong>principibus,</strong></span> <span class='ocrx_word' id='word_1_75' title='bbox 777 1740 810 1799; x_wconf 88' lang='lat' dir='ltr'><strong>et</strong></span> <span class='ocrx_word' id='word_1_76' title='bbox 833 1734 1000 1816; x_wconf 79' lang='lat' dir='ltr'><strong>signanter</strong></span> <span class='ocrx_word' id='word_1_77' title='bbox 1022 1734 1229 1801; x_wconf 89' lang='lat' dir='ltr'><strong>aSbincone</strong></span> <span class='ocrx_word' id='word_1_78' title='bbox 1243 1741 1278 1801; x_wconf 87' lang='lat' dir='ltr'><strong>et</strong></span> <span class='ocrx_word' id='word_1_79' title='bbox 1295 1732 1425 1801; x_wconf 78' lang='lat' dir='ltr'><strong>Conrado</strong></span> 
     </span>
     <span class='ocr_line' id='line_1_12' title="bbox 132 1846 1425 1932; baseline -0.002 -19"><span class='ocrx_word' id='word_1_80' title='bbox 132 1849 376 1931; x_wconf 84' lang='lat' dir='ltr'><strong>archiepiscopo</strong></span> <span class='ocrx_word' id='word_1_81' title='bbox 399 1849 562 1927; x_wconf 84' lang='lat' dir='ltr'><strong>moderno,</strong></span> <span class='ocrx_word' id='word_1_82' title='bbox 586 1848 772 1913; x_wconf 88' lang='lat' dir='ltr'><strong>consiliario</strong></span> <span class='ocrx_word' id='word_1_83' title='bbox 796 1848 913 1914; x_wconf 84' lang='lat' dir='ltr'><strong>douoto</strong></span> <span class='ocrx_word' id='word_1_84' title='bbox 937 1852 1047 1913; x_wconf 85' lang='lat' dir='ltr'><strong>nostro</strong></span> <span class='ocrx_word' id='word_1_85' title='bbox 1070 1846 1208 1929; x_wconf 83' lang='lat' dir='ltr'><strong>dilecto,</strong></span> <span class='ocrx_word' id='word_1_86' title='bbox 1233 1867 1334 1932; x_wconf 88' lang='lat' dir='ltr'><strong>super</strong></span> <span class='ocrx_word' id='word_1_87' title='bbox 1353 1849 1425 1929; x_wconf 83' lang='lat' dir='ltr'><strong>ipso</strong></span> 
     </span>
     <span class='ocr_line' id='line_1_13' title="bbox 132 1960 1426 2045; baseline -0.001 -19"><span class='ocrx_word' id='word_1_88' title='bbox 132 1981 202 2027; x_wconf 88' lang='lat' dir='ltr'><strong>rum</strong></span> <span class='ocrx_word' id='word_1_89' title='bbox 221 1962 361 2044; x_wconf 82' lang='lat' dir='ltr'><strong>juribus,</strong></span> <span class='ocrx_word' id='word_1_90' title='bbox 385 1962 515 2045; x_wconf 77' lang='lat' dir='ltr'><strong>graciis,</strong></span> <span class='ocrx_word' id='word_1_91' title='bbox 539 1961 753 2040; x_wconf 80' lang='lat' dir='ltr'><strong>libertatibus,</strong></span> <span class='ocrx_word' id='word_1_92' title='bbox 777 1960 1067 2027; x_wconf 84' lang='lat' dir='ltr'><strong>consuetudinibus</strong></span> <span class='ocrx_word' id='word_1_93' title='bbox 1082 1968 1119 2026; x_wconf 87' lang='lat' dir='ltr'><strong>et</strong></span> <span class='ocrx_word' id='word_1_94' title='bbox 1133 1960 1280 2027; x_wconf 86' lang='lat' dir='ltr'><strong>indultis</strong></span> <span class='ocrx_word' id='word_1_95' title='bbox 1295 1961 1426 2028; x_wconf 85' lang='lat' dir='ltr'><strong>obtentas</strong></span> 
     </span>
     <span class='ocr_line' id='line_1_14' title="bbox 132 2073 1425 2157; baseline -0.003 -16"><span class='ocrx_word' id='word_1_96' title='bbox 132 2082 165 2141; x_wconf 89' lang='lat' dir='ltr'><strong>et</strong></span> <span class='ocrx_word' id='word_1_97' title='bbox 188 2076 329 2151; x_wconf 87' lang='lat' dir='ltr'><strong>obtenta,</strong></span> <span class='ocrx_word' id='word_1_98' title='bbox 353 2075 540 2157; x_wconf 90' lang='lat' dir='ltr'><strong>approbare,</strong></span> <span class='ocrx_word' id='word_1_99' title='bbox 563 2074 726 2140; x_wconf 82' lang='lat' dir='ltr'><strong>ratificare</strong></span> <span class='ocrx_word' id='word_1_100' title='bbox 748 2080 780 2140; x_wconf 89' lang='lat' dir='ltr'><strong>et</strong></span> <span class='ocrx_word' id='word_1_101' title='bbox 796 2073 985 2141; x_wconf 86' lang='lat' dir='ltr'><strong>confirmare</strong></span> <span class='ocrx_word' id='word_1_102' title='bbox 1006 2075 1193 2157; x_wconf 81' lang='lat' dir='ltr'><strong>graciosius</strong></span> <span class='ocrx_word' id='word_1_103' title='bbox 1219 2075 1425 2157; x_wconf 76' lang='lat' dir='ltr'><strong>dignaremur.</strong></span> 
     </span>
     <span class='ocr_line' id='line_1_15' title="bbox 133 2186 1427 2271; baseline -0.003 -17"><span class='ocrx_word' id='word_1_104' title='bbox 133 2189 201 2255; x_wconf 89' lang='lat' dir='ltr'><strong>Nos</strong></span> <span class='ocrx_word' id='word_1_105' title='bbox 224 2189 326 2271; x_wconf 82' lang='lat' dir='ltr'><strong>igitur</strong></span> <span class='ocrx_word' id='word_1_106' title='bbox 354 2189 471 2271; x_wconf 82' lang='lat' dir='ltr'><strong>prolati</strong></span> <span class='ocrx_word' id='word_1_107' title='bbox 494 2186 648 2253; x_wconf 88' lang='lat' dir='ltr'><strong>Janconis</strong></span> <span class='ocrx_word' id='word_1_108' title='bbox 681 2187 832 2269; x_wconf 88' lang='lat' dir='ltr'><strong>precibus</strong></span> <span class='ocrx_word' id='word_1_109' title='bbox 861 2187 915 2270; x_wconf 88' lang='lat' dir='ltr'><strong>pie</strong></span> <span class='ocrx_word' id='word_1_110' title='bbox 944 2188 1034 2269; x_wconf 86' lang='lat' dir='ltr'><strong>moti,</strong></span> <span class='ocrx_word' id='word_1_111' title='bbox 1064 2186 1282 2255; x_wconf 81' lang='lat' dir='ltr'><strong>attendentes</strong></span> <span class='ocrx_word' id='word_1_112' title='bbox 1313 2204 1427 2271; x_wconf 81' lang='lat' dir='ltr'><strong>qnoque</strong></span> 
     </span>
     <span class='ocr_line' id='line_1_16' title="bbox 132 2300 1426 2386; baseline -0.004 -18"><span class='ocrx_word' id='word_1_113' title='bbox 132 2302 288 2383; x_wconf 86' lang='lat' dir='ltr'><strong>studiosa,</strong></span> <span class='ocrx_word' id='word_1_114' title='bbox 324 2302 417 2367; x_wconf 88' lang='lat' dir='ltr'><strong>vtilia</strong></span> <span class='ocrx_word' id='word_1_115' title='bbox 451 2308 484 2367; x_wconf 88' lang='lat' dir='ltr'><strong>et</strong></span> <span class='ocrx_word' id='word_1_116' title='bbox 516 2308 649 2384; x_wconf 88' lang='lat' dir='ltr'><strong>accepta</strong></span> <span class='ocrx_word' id='word_1_117' title='bbox 683 2301 851 2368; x_wconf 81' lang='lat' dir='ltr'><strong>fidelitatis</strong></span> <span class='ocrx_word' id='word_1_118' title='bbox 885 2302 1048 2385; x_wconf 88' lang='lat' dir='ltr'><strong>obsequia,</strong></span> <span class='ocrx_word' id='word_1_119' title='bbox 1081 2302 1206 2385; x_wconf 89' lang='lat' dir='ltr'><strong>quibus</strong></span> <span class='ocrx_word' id='word_1_120' title='bbox 1240 2304 1315 2386; x_wconf 87' lang='lat' dir='ltr'><strong>ipse</strong></span> <span class='ocrx_word' id='word_1_121' title='bbox 1346 2300 1426 2367; x_wconf 86' lang='lat' dir='ltr'><strong>nobis</strong></span> 
     </span>
     <span class='ocr_line' id='line_1_17' title="bbox 132 2415 1426 2498; baseline -0.002 -17"><span class='ocrx_word' id='word_1_122' title='bbox 132 2416 276 2482; x_wconf 91' lang='lat' dir='ltr'><strong>crebrius</strong></span> <span class='ocrx_word' id='word_1_123' title='bbox 299 2423 332 2481; x_wconf 88' lang='lat' dir='ltr'><strong>et</strong></span> <span class='ocrx_word' id='word_1_124' title='bbox 352 2415 514 2482; x_wconf 85' lang='lat' dir='ltr'><strong>indefesse</strong></span> <span class='ocrx_word' id='word_1_125' title='bbox 537 2416 731 2497; x_wconf 87' lang='lat' dir='ltr'><strong>complacuit</strong></span> <span class='ocrx_word' id='word_1_126' title='bbox 752 2422 786 2481; x_wconf 87' lang='lat' dir='ltr'><strong>et</strong></span> <span class='ocrx_word' id='word_1_127' title='bbox 807 2416 1007 2497; x_wconf 86' lang='lat' dir='ltr'><strong>complacere</strong></span> <span class='ocrx_word' id='word_1_128' title='bbox 1029 2416 1153 2497; x_wconf 83' lang='lat' dir='ltr'><strong>poterit</strong></span> <span class='ocrx_word' id='word_1_129' title='bbox 1175 2415 1426 2498; x_wconf 84' lang='lat' dir='ltr'><strong>prestanciusin</strong></span> 
     </span>
     <span class='ocr_line' id='line_1_18' title="bbox 131 2528 1427 2611; baseline -0.001 -18"><span class='ocrx_word' id='word_1_130' title='bbox 131 2528 286 2609; x_wconf 77' lang='lat' dir='ltr'><strong>intimum,</strong></span> <span class='ocrx_word' id='word_1_131' title='bbox 318 2549 381 2593; x_wconf 90' lang='lat' dir='ltr'><strong>oon</strong></span> <span class='ocrx_word' id='word_1_132' title='bbox 413 2548 472 2610; x_wconf 87' lang='lat' dir='ltr'><strong>per</strong></span> <span class='ocrx_word' id='word_1_133' title='bbox 494 2548 635 2595; x_wconf 88' lang='lat' dir='ltr'><strong>errorem</strong></span> <span class='ocrx_word' id='word_1_134' title='bbox 664 2535 722 2593; x_wconf 88' lang='lat' dir='ltr'><strong>aut</strong></span> <span class='ocrx_word' id='word_1_135' title='bbox 754 2529 945 2611; x_wconf 86' lang='lat' dir='ltr'><strong>improuide,</strong></span> <span class='ocrx_word' id='word_1_136' title='bbox 976 2528 1034 2595; x_wconf 86' lang='lat' dir='ltr'><strong>sed</strong></span> <span class='ocrx_word' id='word_1_137' title='bbox 1062 2530 1174 2594; x_wconf 91' lang='lat' dir='ltr'><strong>animo</strong></span> <span class='ocrx_word' id='word_1_138' title='bbox 1203 2528 1382 2596; x_wconf 84' lang='lat' dir='ltr'><strong>deliberato</strong></span> <span class='ocrx_word' id='word_1_139' title='bbox 1399 2534 1427 2592; x_wconf 83' lang='lat' dir='ltr'><strong>at</strong></span> 
     </span>
     <span class='ocr_line' id='line_1_19' title="bbox 132 2641 1427 2725; baseline 0.001 -19"><span class='ocrx_word' id='word_1_140' title='bbox 132 2641 173 2706; x_wconf 90' lang='lat' dir='ltr'><strong>de</strong></span> <span class='ocrx_word' id='word_1_141' title='bbox 195 2649 283 2709; x_wconf 86' lang='lat' dir='ltr'><strong>certa</strong></span> <span class='ocrx_word' id='word_1_142' title='bbox 306 2649 417 2708; x_wconf 89' lang='lat' dir='ltr'><strong>nostra</strong></span> <span class='ocrx_word' id='word_1_143' title='bbox 441 2644 582 2709; x_wconf 88' lang='lat' dir='ltr'><strong>sciencia</strong></span> <span class='ocrx_word' id='word_1_144' title='bbox 600 2642 736 2724; x_wconf 87' lang='lat' dir='ltr'><strong>prelatis</strong></span> <span class='ocrx_word' id='word_1_145' title='bbox 760 2642 885 2708; x_wconf 88' lang='lat' dir='ltr'><strong>ciuibus</strong></span> <span class='ocrx_word' id='word_1_146' title='bbox 900 2643 935 2707; x_wconf 95' lang='lat' dir='ltr'><strong>in</strong></span> <span class='ocrx_word' id='word_1_147' title='bbox 951 2642 1134 2725; x_wconf 79' lang='lat' dir='ltr'><strong>Pilgreyms</strong></span> <span class='ocrx_word' id='word_1_148' title='bbox 1157 2644 1339 2710; x_wconf 80' lang='lat' dir='ltr'><strong>vniuersas</strong></span> <span class='ocrx_word' id='word_1_149' title='bbox 1352 2644 1427 2725; x_wconf 89' lang='lat' dir='ltr'><strong>ipso-</strong></span> 
     </span>
     <span class='ocr_line' id='line_1_20' title="bbox 131 2756 1425 2839; baseline -0.001 -19"><span class='ocrx_word' id='word_1_150' title='bbox 131 2776 203 2821; x_wconf 91' lang='lat' dir='ltr'><strong>rum</strong></span> <span class='ocrx_word' id='word_1_151' title='bbox 237 2758 363 2823; x_wconf 87' lang='lat' dir='ltr'><strong>litteras</strong></span> <span class='ocrx_word' id='word_1_152' title='bbox 397 2764 430 2822; x_wconf 88' lang='lat' dir='ltr'><strong>et</strong></span> <span class='ocrx_word' id='word_1_153' title='bbox 460 2758 633 2839; x_wconf 80' lang='lat' dir='ltr'><strong>priuilegia</strong></span> <span class='ocrx_word' id='word_1_154' title='bbox 656 2775 675 2821; x_wconf 90' lang='lat' dir='ltr'><strong>a</strong></span> <span class='ocrx_word' id='word_1_155' title='bbox 698 2756 836 2839; x_wconf 86' lang='lat' dir='ltr'><strong>prelatis</strong></span> <span class='ocrx_word' id='word_1_156' title='bbox 865 2756 1121 2839; x_wconf 83' lang='lat' dir='ltr'><strong>archiepiscopis</strong></span> <span class='ocrx_word' id='word_1_157' title='bbox 1155 2774 1263 2839; x_wconf 89' lang='lat' dir='ltr'><strong>snper</strong></span> <span class='ocrx_word' id='word_1_158' title='bbox 1295 2758 1425 2839; x_wconf 87' lang='lat' dir='ltr'><strong>ipsorum</strong></span> 
     </span>
     <span class='ocr_line' id='line_1_21' title="bbox 127 2868 1425 2953; baseline 0.001 -20"><span class='ocrx_word' id='word_1_159' title='bbox 127 2869 269 2952; x_wconf 89' lang='lat' dir='ltr'><strong>juribus,</strong></span> <span class='ocrx_word' id='word_1_160' title='bbox 291 2871 422 2953; x_wconf 77' lang='lat' dir='ltr'><strong>graciis,</strong></span> <span class='ocrx_word' id='word_1_161' title='bbox 444 2870 659 2950; x_wconf 85' lang='lat' dir='ltr'><strong>libertatibus,</strong></span> <span class='ocrx_word' id='word_1_162' title='bbox 690 2870 979 2937; x_wconf 84' lang='lat' dir='ltr'><strong>consuetudinibus</strong></span> <span class='ocrx_word' id='word_1_163' title='bbox 1002 2876 1035 2935; x_wconf 86' lang='lat' dir='ltr'><strong>et</strong></span> <span class='ocrx_word' id='word_1_164' title='bbox 1056 2868 1200 2935; x_wconf 87' lang='lat' dir='ltr'><strong>indultis</strong></span> <span class='ocrx_word' id='word_1_165' title='bbox 1232 2870 1425 2937; x_wconf 80' lang='lat' dir='ltr'><strong>obtentaset</strong></span> 
     </span>
     <span class='ocr_line' id='line_1_22' title="bbox 132 2982 1425 3067; baseline 0.004 -19"><span class='ocrx_word' id='word_1_166' title='bbox 132 2983 263 3049; x_wconf 89' lang='lat' dir='ltr'><strong>obtenta</strong></span> <span class='ocrx_word' id='word_1_167' title='bbox 293 2982 554 3066; x_wconf 81' lang='lat' dir='ltr'><strong>approbabimus,</strong></span> <span class='ocrx_word' id='word_1_168' title='bbox 588 2983 823 3051; x_wconf 85' lang='lat' dir='ltr'><strong>ratificauimus</strong></span> <span class='ocrx_word' id='word_1_169' title='bbox 846 2991 879 3049; x_wconf 88' lang='lat' dir='ltr'><strong>et</strong></span> <span class='ocrx_word' id='word_1_170' title='bbox 902 2983 1177 3065; x_wconf 80' lang='lat' dir='ltr'><strong>confirmauimus,</strong></span> <span class='ocrx_word' id='word_1_171' title='bbox 1208 2984 1425 3067; x_wconf 80' lang='lat' dir='ltr'><strong>approbamur.</strong></span> 
     </span>
     <span class='ocr_line' id='line_1_23' title="bbox 132 3094 1426 3180; baseline 0.002 -19"><span class='ocrx_word' id='word_1_172' title='bbox 132 3094 332 3163; x_wconf 87' lang='lat' dir='ltr'><strong>ratificamus</strong></span> <span class='ocrx_word' id='word_1_173' title='bbox 355 3100 388 3162; x_wconf 88' lang='lat' dir='ltr'><strong>et</strong></span> <span class='ocrx_word' id='word_1_174' title='bbox 408 3099 527 3163; x_wconf 87' lang='lat' dir='ltr'><strong>virtute</strong></span> <span class='ocrx_word' id='word_1_175' title='bbox 550 3098 753 3179; x_wconf 88' lang='lat' dir='ltr'><strong>presencium</strong></span> <span class='ocrx_word' id='word_1_176' title='bbox 776 3098 867 3180; x_wconf 85' lang='lat' dir='ltr'><strong>regia</strong></span> <span class='ocrx_word' id='word_1_177' title='bbox 881 3096 1074 3163; x_wconf 84' lang='lat' dir='ltr'><strong>auctoritate</strong></span> <span class='ocrx_word' id='word_1_178' title='bbox 1088 3094 1232 3163; x_wconf 89' lang='lat' dir='ltr'><strong>Boemie</strong></span> <span class='ocrx_word' id='word_1_179' title='bbox 1245 3102 1282 3163; x_wconf 84' lang='lat' dir='ltr'><strong>et</strong></span> <span class='ocrx_word' id='word_1_180' title='bbox 1295 3098 1338 3165; x_wconf 87' lang='lat' dir='ltr'><strong>de</strong></span> <span class='ocrx_word' id='word_1_181' title='bbox 1351 3102 1426 3163; x_wconf 81' lang='lat' dir='ltr'><strong>certa</strong></span> 
     </span>
     <span class='ocr_line' id='line_1_24' title="bbox 132 3210 1427 3295; baseline -0.001 -21"><span class='ocrx_word' id='word_1_182' title='bbox 132 3216 243 3276; x_wconf 88' lang='lat' dir='ltr'><strong>nostra</strong></span> <span class='ocrx_word' id='word_1_183' title='bbox 267 3211 408 3275; x_wconf 86' lang='lat' dir='ltr'><strong>sciencia</strong></span> <span class='ocrx_word' id='word_1_184' title='bbox 439 3210 619 3292; x_wconf 78' lang='lat' dir='ltr'><strong>graciosius</strong></span> <span class='ocrx_word' id='word_1_185' title='bbox 643 3210 880 3290; x_wconf 86' lang='lat' dir='ltr'><strong>confirmamus,</strong></span> <span class='ocrx_word' id='word_1_186' title='bbox 911 3211 1122 3278; x_wconf 87' lang='lat' dir='ltr'><strong>decernentes</strong></span> <span class='ocrx_word' id='word_1_187' title='bbox 1143 3214 1182 3275; x_wconf 85' lang='lat' dir='ltr'><strong>et</strong></span> <span class='ocrx_word' id='word_1_188' title='bbox 1205 3230 1363 3295; x_wconf 86' lang='lat' dir='ltr'><strong>expressa</strong></span> <span class='ocrx_word' id='word_1_189' title='bbox 1382 3228 1427 3273; x_wconf 80' lang='lat' dir='ltr'><strong>ro</strong></span> 
     </span>
     <span class='ocr_line' id='line_1_25' title="bbox 132 3322 1426 3409; baseline 0.002 -21"><span class='ocrx_word' id='word_1_190' title='bbox 132 3324 246 3403; x_wconf 87' lang='lat' dir='ltr'><strong>lentes,</strong></span> <span class='ocrx_word' id='word_1_191' title='bbox 270 3322 354 3404; x_wconf 83' lang='lat' dir='ltr'><strong>quod</strong></span> <span class='ocrx_word' id='word_1_192' title='bbox 379 3323 564 3388; x_wconf 81' lang='lat' dir='ltr'><strong>huiusmodi</strong></span> <span class='ocrx_word' id='word_1_193' title='bbox 589 3324 698 3388; x_wconf 85' lang='lat' dir='ltr'><strong>littere</strong></span> <span class='ocrx_word' id='word_1_194' title='bbox 720 3329 754 3389; x_wconf 85' lang='lat' dir='ltr'><strong>et</strong></span> <span class='ocrx_word' id='word_1_195' title='bbox 776 3325 950 3407; x_wconf 81' lang='lat' dir='ltr'><strong>priuilegia</strong></span> <span class='ocrx_word' id='word_1_196' title='bbox 972 3325 1006 3389; x_wconf 90' lang='lat' dir='ltr'><strong>in</strong></span> <span class='ocrx_word' id='word_1_197' title='bbox 1023 3322 1176 3391; x_wconf 89' lang='lat' dir='ltr'><strong>omnibns</strong></span> <span class='ocrx_word' id='word_1_198' title='bbox 1201 3326 1276 3391; x_wconf 87' lang='lat' dir='ltr'><strong>suis</strong></span> <span class='ocrx_word' id='word_1_199' title='bbox 1299 3324 1426 3409; x_wconf 80' lang='lat' dir='ltr'><strong>punctis</strong></span> 
     </span>
     <span class='ocr_line' id='line_1_26' title="bbox 133 3436 1427 3520; baseline 0.002 -20"><span class='ocrx_word' id='word_1_200' title='bbox 133 3437 297 3516; x_wconf 77' lang='lat' dir='ltr'><strong>clausulis,</strong></span> <span class='ocrx_word' id='word_1_201' title='bbox 321 3437 495 3502; x_wconf 81' lang='lat' dir='ltr'><strong>sentenciis</strong></span> <span class='ocrx_word' id='word_1_202' title='bbox 512 3443 544 3501; x_wconf 89' lang='lat' dir='ltr'><strong>et</strong></span> <span class='ocrx_word' id='word_1_203' title='bbox 559 3437 716 3517; x_wconf 89' lang='lat' dir='ltr'><strong>articulis,</strong></span> <span class='ocrx_word' id='word_1_204' title='bbox 740 3438 808 3503; x_wconf 87' lang='lat' dir='ltr'><strong>acsi</strong></span> <span class='ocrx_word' id='word_1_205' title='bbox 830 3436 1033 3520; x_wconf 89' lang='lat' dir='ltr'><strong>presentibus</strong></span> <span class='ocrx_word' id='word_1_206' title='bbox 1055 3436 1097 3503; x_wconf 89' lang='lat' dir='ltr'><strong>da</strong></span> <span class='ocrx_word' id='word_1_207' title='bbox 1111 3436 1216 3505; x_wconf 84' lang='lat' dir='ltr'><strong>verbo</strong></span> <span class='ocrx_word' id='word_1_208' title='bbox 1238 3438 1283 3505; x_wconf 77' lang='lat' dir='ltr'><strong>acl</strong></span> <span class='ocrx_word' id='word_1_209' title='bbox 1307 3436 1427 3507; x_wconf 85' lang='lat' dir='ltr'><strong>rerbun</strong></span> 
     </span>
     <span class='ocr_line' id='line_1_27' title="bbox 134 3549 1427 3632; baseline 0.005 -18"><span class='ocrx_word' id='word_1_210' title='bbox 134 3550 278 3632; x_wconf 83' lang='lat' dir='ltr'><strong>plenarie</strong></span> <span class='ocrx_word' id='word_1_211' title='bbox 309 3550 480 3615; x_wconf 87' lang='lat' dir='ltr'><strong>interserte</strong></span> <span class='ocrx_word' id='word_1_212' title='bbox 510 3555 543 3614; x_wconf 83' lang='lat' dir='ltr'><strong>et</strong></span> <span class='ocrx_word' id='word_1_213' title='bbox 566 3550 738 3615; x_wconf 84' lang='lat' dir='ltr'><strong>interserta</strong></span> <span class='ocrx_word' id='word_1_214' title='bbox 771 3550 886 3631; x_wconf 86' lang='lat' dir='ltr'><strong>forent,</strong></span> <span class='ocrx_word' id='word_1_215' title='bbox 921 3549 1121 3617; x_wconf 85' lang='lat' dir='ltr'><strong>inuiolabilis</strong></span> <span class='ocrx_word' id='word_1_216' title='bbox 1154 3550 1291 3619; x_wconf 88' lang='lat' dir='ltr'><strong>roboris</strong></span> <span class='ocrx_word' id='word_1_217' title='bbox 1323 3552 1427 3620; x_wconf 82' lang='lat' dir='ltr'><strong>habere</strong></span> 
     </span>
     <span class='ocr_line' id='line_1_28' title="bbox 133 3662 1426 3747; baseline 0.002 -21"><span class='ocrx_word' id='word_1_218' title='bbox 133 3662 272 3728; x_wconf 77' lang='lat' dir='ltr'><strong>‹tobeant</strong></span> <span class='ocrx_word' id='word_1_219' title='bbox 293 3662 488 3742; x_wconf 83' lang='lat' dir='ltr'><strong>innitatem,</strong></span> <span class='ocrx_word' id='word_1_220' title='bbox 519 3663 759 3745; x_wconf 87' lang='lat' dir='ltr'><strong>impedimentis</strong></span> <span class='ocrx_word' id='word_1_221' title='bbox 781 3663 997 3747; x_wconf 88' lang='lat' dir='ltr'><strong>quorumlibet</strong></span> <span class='ocrx_word' id='word_1_222' title='bbox 1024 3662 1156 3747; x_wconf 88' lang='lat' dir='ltr'><strong>penitus</strong></span> <span class='ocrx_word' id='word_1_223' title='bbox 1188 3666 1311 3747; x_wconf 90' lang='lat' dir='ltr'><strong>procul</strong></span> <span class='ocrx_word' id='word_1_224' title='bbox 1332 3666 1426 3733; x_wconf 85' lang='lat' dir='ltr'><strong>motis</strong></span> 
     </span>
     <span class='ocr_line' id='line_1_29' title="bbox 132 3775 1427 3859; baseline 0.002 -19"><span class='ocrx_word' id='word_1_225' title='bbox 132 3776 340 3843; x_wconf 81' lang='lat' dir='ltr'><strong>l’resencium</strong></span> <span class='ocrx_word' id='word_1_226' title='bbox 362 3775 421 3841; x_wconf 90' lang='lat' dir='ltr'><strong>sub</strong></span> <span class='ocrx_word' id='word_1_227' title='bbox 444 3776 534 3856; x_wconf 84' lang='lat' dir='ltr'><strong>regia</strong></span> <span class='ocrx_word' id='word_1_228' title='bbox 557 3783 668 3841; x_wconf 89' lang='lat' dir='ltr'><strong>nostre</strong></span> <span class='ocrx_word' id='word_1_229' title='bbox 689 3776 871 3843; x_wconf 85' lang='lat' dir='ltr'><strong>maiestatis</strong></span> <span class='ocrx_word' id='word_1_230' title='bbox 895 3776 1004 3859; x_wconf 76' lang='lat' dir='ltr'><strong>sigillo</strong></span> <span class='ocrx_word' id='word_1_231' title='bbox 1026 3776 1220 3845; x_wconf 85' lang='lat' dir='ltr'><strong>testimonio</strong></span> <span class='ocrx_word' id='word_1_232' title='bbox 1241 3780 1427 3847; x_wconf 81' lang='lat' dir='ltr'><strong>litterarum.</strong></span> 
     </span>
     <span class='ocr_line' id='line_1_30' title="bbox 133 3888 1426 3977; baseline 0.009 -22"><span class='ocrx_word' id='word_1_233' title='bbox 133 3892 251 3955; x_wconf 88' lang='lat' dir='ltr'><strong>Datum</strong></span> <span class='ocrx_word' id='word_1_234' title='bbox 267 3889 371 3970; x_wconf 79' lang='lat' dir='ltr'><strong>Prage</strong></span> <span class='ocrx_word' id='word_1_235' title='bbox 386 3908 471 3954; x_wconf 84' lang='lat' dir='ltr'><strong>anrro</strong></span> <span class='ocrx_word' id='word_1_236' title='bbox 487 3889 608 3955; x_wconf 86' lang='lat' dir='ltr'><strong>domini</strong></span> <span class='ocrx_word' id='word_1_237' title='bbox 624 3890 795 3957; x_wconf 78' lang='lat' dir='ltr'><strong>millesimo</strong></span> <span class='ocrx_word' id='word_1_238' title='bbox 811 3888 1130 3972; x_wconf 80' lang='lat' dir='ltr'><strong>quadringentesimo</strong></span> <span class='ocrx_word' id='word_1_239' title='bbox 1141 3888 1278 3960; x_wconf 87' lang='lat' dir='ltr'><strong>decimo</strong></span> <span class='ocrx_word' id='word_1_240' title='bbox 1290 3895 1426 3977; x_wconf 79' lang='lat' dir='ltr'><strong>septimo.</strong></span> 
     </span>
     <span class='ocr_line' id='line_1_31' title="bbox 133 4000 1427 4085; baseline 0.001 -17"><span class='ocrx_word' id='word_1_241' title='bbox 133 4003 186 4068; x_wconf 90' lang='lat' dir='ltr'><strong>die</strong></span> <span class='ocrx_word' id='word_1_242' title='bbox 219 4003 344 4068; x_wconf 88' lang='lat' dir='ltr'><strong>decima</strong></span> <span class='ocrx_word' id='word_1_243' title='bbox 378 4009 469 4068; x_wconf 82' lang='lat' dir='ltr'><strong>sexta</strong></span> <span class='ocrx_word' id='word_1_244' title='bbox 501 4000 711 4084; x_wconf 88' lang='lat' dir='ltr'><strong>Septembris,</strong></span> <span class='ocrx_word' id='word_1_245' title='bbox 748 4022 920 4085; x_wconf 78' lang='lat' dir='ltr'><strong>regnorum</strong></span> <span class='ocrx_word' id='word_1_246' title='bbox 953 4006 1138 4069; x_wconf 86' lang='lat' dir='ltr'><strong>nostrorum</strong></span> <span class='ocrx_word' id='word_1_247' title='bbox 1175 4024 1268 4073; x_wconf 87' lang='lat' dir='ltr'><strong>anno</strong></span> <span class='ocrx_word' id='word_1_248' title='bbox 1306 4005 1427 4075; x_wconf 81' lang='lat' dir='ltr'><strong>Boemie</strong></span> 
     </span>
     <span class='ocr_line' id='line_1_32' title="bbox 133 4114 1345 4199; baseline 0.009 -21"><span class='ocrx_word' id='word_1_249' title='bbox 133 4117 399 4196; x_wconf 79' lang='lat' dir='ltr'><strong>quinquagesimo</strong></span> <span class='ocrx_word' id='word_1_250' title='bbox 424 4115 547 4195; x_wconf 75' lang='lat' dir='ltr'><strong>primo,</strong></span> <span class='ocrx_word' id='word_1_251' title='bbox 570 4116 785 4181; x_wconf 85' lang='lat' dir='ltr'><strong>Romanorum</strong></span> <span class='ocrx_word' id='word_1_252' title='bbox 809 4134 886 4181; x_wconf 86' lang='lat' dir='ltr'><strong>vero</strong></span> <span class='ocrx_word' id='word_1_253' title='bbox 909 4114 1158 4199; x_wconf 81' lang='lat' dir='ltr'><strong>quadragesimo</strong></span> <span class='ocrx_word' id='word_1_254' title='bbox 1182 4120 1345 4189; x_wconf 86' lang='lat' dir='ltr'><strong>secundo</strong></span> 
     </span>
    </p>
   </div>
   <div class='ocr_carea' id='block_1_4' title="bbox 391 4305 1427 4509">
    <p class='ocr_par' dir='ltr' id='par_1_4' title="bbox 391 4305 1427 4509">
     <span class='ocr_line' id='line_1_33' title="bbox 391 4305 1427 4395; baseline 0.009 -24"><span class='ocrx_word' id='word_1_255' title='bbox 391 4306 455 4389; x_wconf 83' lang='lat' dir='ltr'><strong>[b&#39;a</strong></span> <span class='ocrx_word' id='word_1_256' title='bbox 478 4307 562 4373; x_wconf 87' lang='lat' dir='ltr'><strong>obbo</strong></span> <span class='ocrx_word' id='word_1_257' title='bbox 572 4306 595 4392; x_wconf 93' lang='lat'><strong>:]</strong></span> <span class='ocrx_word' id='word_1_258' title='bbox 617 4307 667 4371; x_wconf 79' lang='lat' dir='ltr'><strong>Art</strong></span> <span class='ocrx_word' id='word_1_259' title='bbox 689 4308 883 4374; x_wconf 86' lang='lat' dir='ltr'><strong>relacionem</strong></span> <span class='ocrx_word' id='word_1_260' title='bbox 905 4305 1039 4374; x_wconf 91' lang='lat' dir='ltr'><strong>Henrici</strong></span> <span class='ocrx_word' id='word_1_261' title='bbox 1061 4307 1103 4375; x_wconf 88' lang='lat' dir='ltr'><strong>de</strong></span> <span class='ocrx_word' id='word_1_262' title='bbox 1124 4306 1251 4393; x_wconf 80' lang='lat' dir='ltr'><strong>Lazan,</strong></span> <span class='ocrx_word' id='word_1_263' title='bbox 1276 4310 1427 4395; x_wconf 76' lang='lat' dir='ltr'><strong>capitanci</strong></span> 
     </span>
     <span class='ocr_line' id='line_1_34' title="bbox 633 4418 1401 4509; baseline 0.009 -26"><span class='ocrx_word' id='word_1_264' title='bbox 633 4418 951 4505; x_wconf 69' lang='lat' dir='ltr'><strong>WratlislauiensisJ,</strong></span> <span class='ocrx_word' id='word_1_265' title='bbox 971 4420 1138 4488; x_wconf 68' lang='lat' dir='ltr'><strong>«Iohannes</strong></span> <span class='ocrx_word' id='word_1_266' title='bbox 1161 4422 1207 4489; x_wconf 85' lang='lat' dir='ltr'><strong>de</strong></span> <span class='ocrx_word' id='word_1_267' title='bbox 1230 4424 1401 4509; x_wconf 78' lang='lat' dir='ltr'><strong>Bamberg.</strong></span> 
     </span>
    </p>
   </div>
   <div class='ocr_carea' id='block_1_5' title="bbox 237 4588 890 4673">
    <p class='ocr_par' dir='ltr' id='par_1_5' title="bbox 237 4588 890 4673">
     <span class='ocr_line' id='line_1_35' title="bbox 237 4588 890 4673; baseline 0.003 -19"><span class='ocrx_word' id='word_1_268' title='bbox 237 4588 303 4673; x_wconf 88' lang='lat' dir='ltr'><strong>[Na</strong></span> <span class='ocrx_word' id='word_1_269' title='bbox 323 4588 406 4655; x_wconf 92' lang='lat' dir='ltr'><strong>rubu</strong></span> <span class='ocrx_word' id='word_1_270' title='bbox 420 4593 441 4668; x_wconf 82' lang='lat' dir='ltr'><strong>z]</strong></span> <span class='ocrx_word' id='word_1_271' title='bbox 464 4588 501 4655; x_wconf 87' lang='lat' dir='ltr'><strong>R.</strong></span> <span class='ocrx_word' id='word_1_272' title='bbox 527 4588 651 4671; x_wconf 86' lang='lat' dir='ltr'><strong>Oaspar</strong></span> <span class='ocrx_word' id='word_1_273' title='bbox 671 4588 713 4654; x_wconf 87' lang='lat' dir='ltr'><strong>de</strong></span> <span class='ocrx_word' id='word_1_274' title='bbox 734 4588 890 4657; x_wconf 83' lang='lat' dir='ltr'><strong>Lewbicn.</strong></span> 
     </span>
    </p>
   </div>
   <div class='ocr_carea' id='block_1_6' title="bbox 0 0 1586 5378">
    <p class='ocr_par' dir='ltr' id='par_1_6' title="bbox 0 0 1586 5378">
     <span class='ocr_line' id='line_1_36' title="bbox 0 0 1586 5378; baseline 0 0"><span class='ocrx_word' id='word_1_275' title='bbox 0 0 1586 5378; x_wconf 95' lang='lat' dir='ltr'><strong> </strong></span> 
     </span>
    </p>
   </div>
  </div>
 </body>
</html>
