3098 5392
215 439 281 504 (334
815 435 890 486 sarr.

319 644 403 701 Liber
416 642 563 699 erectionis
581 641 602 698 1.
621 658 658 698 na
675 641 693 696 l.
708 646 742 696 74
760 640 900 697 sarchisu
915 639 1040 710 kapitoly
1051 638 1178 695 Passus
1199 654 1238 695 n
1256 636 1407 710 nipisemt
1425 635 1510 705 ‚idm

216 740 376 797 donacionis
394 740 526 810 hospitali
543 740 573 795 in
590 738 683 794 Broda
699 737 875 795 Boemieali“.
893 767 927 777 -
944 736 1062 806 Borovy,
1079 733 1159 790 Libri
1178 735 1368 793 erectionum
1387 734 1408 789 1.
1424 740 1467 789 atr.
1481 737 1511 786 lt

789 1003 854 1086 (ils.
878 1020 952 1087 441.

572 1173 672 1254 1370,
694 1175 737 1243 25
759 1175 964 1263 listopadu.
986 1174 1020 1244 V
1035 1172 1166 1242 Prone.

220 1348 313 1417 Oioor'
334 1350 434 1416 Karai
455 1351 478 1415 Ι
481 1349 511 1412 V
520 1350 665 1433 pooolojc
686 1349 839 1433 ryclttcir'a‘,
861 1348 1021 1417 haidem
1042 1349 1056 1415 ι’
1076 1348 1128 1415 est
1147 1347 1221 1414 obce‘
1242 1349 1357 1415 mesta
1369 1344 1514 1414 Domufflc

277 1464 416 1547 lucerna·
436 1464 481 1529 clo
499 1484 542 1546 po
563 1464 608 1528 ta·
628 1464 702 1541 leto,
725 1465 787 1548 oby
807 1467 959 1550 oeajnoso
971 1463 1048 1549 jabo
1069 1466 1167 1529 misto
1188 1461 1299 1529 mollo·
1322 1463 1464 1530 &aaut

321 1623 461 1689 Karolus
492 1629 625 1704 quartus
655 1623 769 1689 diuina
796 1623 927 1691 fauente
960 1623 1134 1691 clemencia
1163 1622 1400 1691 Romanorum
1430 1622 1514 1704 impe

217 1740 305 1801 rator
328 1754 454 1818 semper
476 1742 634 1819 augustus
658 1741 692 1802 et
712 1737 847 1804 Boemie
867 1755 934 1803 res.
957 1738 1078 1805 Notum
1091 1736 1234 1803 iacimus
1256 1742 1380 1805 tenore
1400 1753 1514 1821 proeen

220 1849 304 1915 cium
320 1850 491 1930 uniuersis,
508 1850 593 1932 quod
609 1851 777 1933 cupientes
793 1851 1016 1918 condicionem
1030 1850 1177 1917 ciuitatis
1192 1855 1316 1918 nostre
1330 1843 1514 1935 'lIusteusisl

218 1960 289 2028 fieri
310 1963 484 2043 meliorem,
503 1963 608 2044 Judici
630 1968 664 2028 et
679 1963 800 2047 juratis
823 1970 856 2029 et
877 1965 993 2031 incolis
1022 1965 1126 2047 ipsius
1148 1966 1308 2047 graciose
1331 1964 1514 2031 indulsimus

219 2081 252 2140 et
274 2076 314 2141 de
336 2082 424 2142 certa
453 2083 566 2142 nostra
596 2078 737 2144 sciencia
767 2083 879 2144 tenore
908 2078 1112 2161 presencium
1141 2076 1371 2162 indulgemus,
1404 2084 1441 2144 ut
1467 2093 1514 2158 pro

220 2208 316 2271 opere
345 2191 635 2273 pauimentacionis
666 2192 769 2273 ipsius
800 2193 985 2258 theloneum
1007 2194 1191 2274 competens
1215 2196 1252 2257 et
1272 2210 1339 2275 pro
1362 2192 1513 2275 pammen-

220 2305 347 2369 tacione
370 2302 533 2370 sufficiens
556 2304 748 2386 instaurare,
776 2305 906 2387 exigere
928 2309 962 2371 et
981 2304 1127 2387 recipere
1149 2303 1294 2385 valeant,
1329 2305 1422 2371 iuxta
1440 2299 1513 2385 quod

220 2417 393 2498 expediens
416 2418 521 2482 uisum
543 2416 643 2483 luerit
663 2421 697 2482 et
717 2417 796 2484 ordo
823 2419 967 2501 exegerit
995 2417 1145 2485 racionis.
1191 2417 1397 2485 Maudamus
1426 2416 1511 2499 igitur

222 2531 382 2596 uniuersis
405 2536 439 2597 et
462 2531 610 2613 siugulis
632 2548 713 2613 quos
735 2529 797 2597 hoc
818 2549 1011 2597 concernere
1032 2530 1206 2613 videbitur,
1235 2537 1405 2615 quatenus
1424 2527 1510 2596 delo

221 2663 316 2709 neuim
353 2643 536 2711 huiusmodi
571 2662 629 2725 per
662 2643 766 2709 dict-os
796 2644 949 2726 judicem,
982 2645 1110 2727 juratos
1144 2649 1178 2710 et
1212 2644 1345 2711 incolas
1379 2640 1506 2711 ciuitatis

221 2752 416 2842 Tlusteusis]
440 2757 533 2823 modo
556 2758 712 2839 premisso
737 2758 971 2823 instituendum
1004 2758 1131 2824 soluere
1157 2756 1313 2839 debeant,
1346 2754 1507 2825 contradic

222 2871 315 2935 cione
336 2890 374 2936 ac
397 2871 627 2952 impedimento
650 2871 848 2953 quibuslibet.
869 2872 981 2953 procul
1003 2872 1109 2952 motis,
1140 2871 1229 2937 sicut
1257 2890 1374 2939 rerum
1394 2883 1505 2938 suarum

222 2985 365 3066 pericula
380 2990 413 3050 et
427 2985 492 3049 alia
508 2986 684 3065 incomoda,
700 3005 757 3068 pro
772 2986 976 3068 negligencia
988 2984 1174 3052 huiusmodi
1188 2983 1376 3069 infligenda
1390 2983 1501 3055 eisdem

223 3099 363 3180 diligunt
378 3100 512 3179 euitare,
536 3099 740 3181 presentibus
755 3100 797 3165 ad
812 3099 988 3165 triennium
1003 3099 1170 3165 dumtaxat
1184 3099 1406 3183 computando
1416 3096 1502 3163 adata

223 3213 424 3294 presencium
455 3214 613 3279 valituris
658 3214 865 3279 Prosencium
896 3213 957 3279 sub
988 3213 1166 3295 imperialis
1195 3214 1386 3279 maiestatis
1413 3214 1501 3277 nosue

224 3326 332 3407 sigillo
354 3326 539 3391 testimonio
560 3328 734 3392 literarum.
758 3327 878 3391 Datum
892 3326 997 3408 Prage
1011 3344 1095 3392 anno
1117 3324 1242 3392 domiui
1258 3316 1500 3395 M⁰COC⁰LXX⁰÷

223 3439 404 3505 indiccione
426 3440 512 3520 llll,
535 3437 611 3503 Vll⁰
632 3438 787 3504 kalendas
811 3438 1009 3521 Decembris,
1031 3456 1205 3521 regnorum
1227 3444 1290 3505 etc

326 3594 397 3663 liop.
422 3595 554 3663 vrukop.
582 3594 784 3657 „Formularius
808 3593 944 3648 lobannis
968 3593 1108 3647 Praimda¹¹
1133 3592 1285 3649 sarchisu
1310 3594 1378 3665 kap.
1401 3586 1499 3647 Pulsi?

223 3689 291 3759 sign.
310 3690 328 3744 J
347 3696 381 3743 40
400 3707 436 3744 na
452 3692 470 3745 l.
490 3696 539 3743 337
562 3707 594 3743 za
613 3691 753 3759 napisem:
780 3691 885 3760 „Super
907 3689 1151 3759 pauimentacione
1175 3689 1301 3745 ciuitatis
1324 3689 1441 3745 iududsio
1454 3685 1498 3739 de

221 3788 322 3840 lonei“.
340 3818 372 3828 -
391 3787 521 3855 Palaclsy,
541 3788 613 3841 l'ber
631 3788 845 3841 Formelbbcber
863 3787 896 3841 lI.
915 3795 964 3841 str.
984 3794 1041 3842 1³1.

789 4054 853 4136 dis.
880 4073 953 4138 442.

557 4227 654 4310 1371,
677 4228 699 4294 2
722 4229 855 4298 duona.
878 4230 910 4298 V
931 4226 1185 4297 Norimberce.

226 4400 320 4468 Cisal
342 4405 441 4470 Korel
462 4405 519 4479 ll',
552 4406 715 4488 essuriroje
744 4403 925 4487 sbisdatpy,
955 4403 1093 4488 kniicty,
1115 4402 1265 4487 braama,
1289 4405 1395 4489 pdny.
1425 4395 1503 4485 tyd'r'l'

225 4538 247 4580 o
270 4522 369 4599 ernesto
390 4541 426 4583 ee
440 4518 587 4584 lloncdo
609 4542 630 4583 o
654 4519 819 4584 Bororsdo
840 4515 963 4602 zerrrsdy'
984 4519 1049 4582 mir
1069 4538 1114 4583 no
1135 4517 1218 4600 clyti
1237 4518 1316 4596 len,
1336 4514 1503 4597 wasonis

226 4632 291 4695 nod
314 4634 380 4697 ιιίιιι
401 4633 495 4717 rubor
517 4633 797 4717 jcdcudotic'lcmni.
823 4631 915 4715 jabo?
938 4630 1098 4713 pr'edscda
1126 4630 1275 4715 domja
1294 4632 1368 4699 sciat
1390 4654 1412 4698 o
1431 4626 1505 4696 cdl«
