3098 5392
129 377 195 443 330
738 377 814 428 caco.

127 583 377 666 ligneaminibus
410 579 569 646 dictorum
603 587 741 664 quatuor
773 585 939 649 laneorum
969 583 1097 664 possint
1125 587 1159 648 et
1189 581 1332 650 debeam
1363 603 1437 667 per-

129 698 236 780 petuis
259 694 456 778 temporibus
478 694 683 775 successiuis,
715 695 874 761 vendendi
905 701 1013 761 autem
1039 713 1098 760 seu
1128 695 1295 762 alienandi
1327 696 1436 764 dictos

128 811 239 876 laneos
261 809 302 876 ab
324 811 396 891 ipsa
418 809 552 874 ciuitate
573 807 654 874 dicti
676 809 766 874 ciues
788 810 911 874 nullam
928 826 1062 890 prorsus
1076 807 1219 875 habeant
1232 808 1434 877 facultatem

130 923 321 988 Mandonius
344 922 444 1003 igitur
466 921 627 985 nniuersis
651 925 684 985 et
706 921 845 1002 singulis
865 919 1058 987 officialibus
1081 925 1115 985 et
1134 919 1288 988 fidelibus
1311 925 1435 989 noemia

129 1055 187 1119 per
208 1037 373 1102 Bocmiam
395 1040 428 1100 ct
449 1034 639 1114 Morauiam,
673 1035 728 1114 qui
759 1053 845 1101 nunc
877 1039 954 1100 sunt
983 1038 1040 1099 aut
1069 1039 1165 1100 eruut
1193 1053 1254 1116 pro
1275 1040 1434 1119 tempore,

128 1157 286 1232 quatenus
309 1149 413 1214 dictos
436 1148 524 1212 ciocs
548 1153 581 1211 et
602 1146 774 1229 plebanum
797 1165 855 1212 seu
879 1147 1045 1213 ciuitatem
1068 1148 1174 1229 ipsam
1189 1149 1224 1214 in
1240 1148 1304 1216 bac
1323 1156 1435 1216 nostre

130 1263 318 1328 donacionis
341 1266 374 1326 et
396 1260 525 1325 unionis
548 1260 658 1342 gracia
679 1278 743 1326 non
762 1261 949 1343 impediant,
972 1278 1085 1327 verum
1099 1279 1156 1327 eos
1172 1262 1207 1327 in
1222 1264 1433 1344 possessione

131 1376 290 1442 dictorum
304 1376 470 1440 laneorum
484 1370 619 1454 pacifica
633 1378 872 1456 manuteneant,
894 1379 1116 1457 protegantet
1130 1373 1319 1456 defendant,
1338 1383 1433 1459 prout

129 1495 274 1556 nostram
295 1488 554 1571 indignacionem
576 1504 710 1569 grauem
732 1487 868 1568 cupiunt
889 1489 1022 1555 euitare.
1046 1488 1168 1554 Datum
1190 1487 1227 1553 in
1248 1487 1431 1571 Nurmberg

130 1604 164 1667 in
187 1603 241 1668 die
264 1602 368 1668 sancti
390 1601 493 1666 Marci
516 1618 600 1666 anno
625 1601 746 1666 domini
769 1599 1049 1667 MGCGXXX1X⁰.

233 1774 285 1826 Dia
311 1772 474 1827 ztraceneho
501 1774 567 1840 nynt
597 1770 678 1835 „Cod
706 1770 762 1824 MS.
790 1771 902 1826 membr.
930 1772 1005 1827 arch.
1031 1772 1098 1841 Reg.
1126 1770 1254 1828 Haecine·
1281 1791 1337 1829 ar.
1364 1779 1425 1828 stoa

129 1870 309 1938 Bienenberg,
328 1869 490 1924 Gescbicbte
508 1868 558 1921 der
569 1866 648 1921 stadt
660 1866 828 1936 Koniggratz
842 1875 890 1923 str.
904 1873 962 1922 114.
975 1899 1009 1908 -
1021 1868 1122 1934 Emlcr,
1140 1868 1265 1938 negem
1275 1869 1324 1926 lv.
1335 1869 1357 1925 b.
1369 1875 1422 1926 675.

692 2132 756 2236 da.
790 2149 863 2215 nou.

449 2323 546 2404 1339,
569 2320 612 2388 28
635 2322 771 2389 dnbna
806 2319 1113 2390 Vitorimborcc.

135 2499 217 2563 drot
238 2496 306 2562 Jao
329 2498 414 2563 ᾱάυά
435 2496 587 2580 mahtais,
609 2495 769 2561 konbeltim
791 2496 804 2560 i
824 2497 876 2561 css
902 2496 968 2562 obca'
996 2501 1098 2564 mesto
1119 2497 1292 2582 Buddy'ooic
1313 2497 1411 2581 proco,

131 2610 193 2692 uby
213 2610 359 2685 koiddbo,
382 2609 441 2674 lodo
463 2611 535 2675 dria'
555 2608 661 2691 stotlcy
684 2631 705 2674 a
721 2607 873 2690 poscmky
894 2607 1029 2675 amasa
1053 2609 1245 2692 ptimer'eac',
1271 2608 1412 2694 patrocli

421 2722 551 2798 lctooca,
573 2723 612 2804 by
634 2722 746 2787 sacione
767 2722 908 2804 spoletani
923 2723 1024 2804 paco
1045 2722 1144 2788 borni.

237 2900 401 2965 Jobanucs
424 2898 476 2963 dei
499 2898 607 2980 gracia
623 2898 755 2963 Boemie
777 2915 833 2963 rex
855 2916 894 2963 ac
915 2896 1208 2980 Lucemburgensis
1231 2919 1345 2966 comes.
1368 2899 1412 2965 Di·

132 3014 224 3079 lectis
248 3012 311 3077 sibi
333 3012 444 3093 iudici,
468 3013 582 3077 iuratis
606 3017 638 3076 et
660 3011 864 3076 uniuersitati
888 3012 1010 3077 ciuium
1032 3012 1066 3077 in
1088 3011 1263 3096 Budywois
1286 3014 1413 3096 gramm

131 3127 253 3208 regiam
276 3130 309 3191 et
330 3144 425 3191 omne
445 3125 572 3191 bonum.
596 3124 680 3205 Quia
703 3124 789 3189 circa
811 3125 1054 3191 commoditates
1078 3129 1205 3192 vestras
1224 3133 1337 3193 nostra
1358 3143 1414 3192 ner·

131 3245 221 3304 satur
242 3239 381 3321 benigne
403 3238 542 3304 intencio
563 3243 596 3303 et
611 3238 769 3317 voluntas,
792 3237 920 3304 acideo
936 3238 1109 3305 statuimus
1124 3239 1272 3306 volentes
1288 3241 1413 3316 omuino,

132 3357 290 3434 quatenus
313 3352 481 3416 uniuersos
504 3356 537 3415 et
559 3350 704 3432 singulos
726 3349 768 3414 ad
791 3350 1048 3417 contribuciones
1071 3351 1240 3418 vobiscum
1261 3353 1414 3420 faciendas

132 3465 287 3530 debonis
311 3471 343 3529 ct
364 3462 634 3546 possessionibus,
665 3480 746 3543 quas
775 3467 808 3527 et
837 3480 900 3544 que
929 3449 1085 3530 infundo
1108 3463 1195 3531 dicte
1216 3471 1327 3532 caere
1349 3465 1415 3533 ciui·

130 3577 190 3641 tati
213 3577 439 3643 admensurato
468 3576 622 3655 obtinent,
653 3573 797 3639 debeatis
827 3574 1018 3656 compellere
1048 3576 1180 3643 inantea
1209 3579 1366 3646 seriosius
1391 3582 1417 3642 ot

130 3695 250 3771 tenore,
273 3690 361 3756 nullo
384 3689 425 3754 ab
447 3689 630 3755 huiusmodi
647 3687 940 3754 contribucionibus
955 3689 1087 3770 penitus
1102 3668 1281 3773 exceptato.
1306 3691 1416 3758 Harum

132 3812 313 3870 nostrarum
343 3804 528 3871 testimonio
562 3805 750 3869 litterarum.
796 3804 916 3868 Datum
945 3802 1167 3871 Nurembercb
1199 3805 1283 3871 feria
1314 3810 1417 3898 quarta

131 3925 206 3983 ante
234 3919 352 3984 festum
382 3919 600 3999 commotorum
630 3917 771 3997 Philippi
803 3922 836 4007 et
866 3915 978 3981 Jacobi
1009 3917 1176 3984 beatorum
1198 3937 1284 3984 anno
1308 3916 1419 3985 domini

131 4032 301 4097 millesimo
323 4033 548 4096 trecentesimo
571 4030 734 4094 tricesimo
756 4048 849 4095 nono.

241 4186 313 4254 Orig.
337 4202 412 4255 pcrg.
437 4184 544 4254 druhdy
563 4203 579 4237 v
598 4184 708 4238 archivo
733 4199 769 4236 m.
791 4181 949 4251 Buddjonic,
976 4182 1085 4239 odkudi
1110 4183 1196 4256 kopie
1213 4201 1231 4239 v
1248 4168 1422 4261 arcbivnfic·

132 4281 219 4336 skeho
239 4298 342 4347 musea,
367 4285 433 4351 nyni
452 4299 468 4333 v
491 4280 634 4334 norounon
654 4296 779 4335 museum
798 4279 952 4334 Uherskem
971 4297 987 4333 v
1004 4279 1087 4336 Pasti.
1116 4279 1245 4351 spodon
1261 4282 1424 4353 poducenou,

133 4379 167 4431 do
187 4378 251 4431 listu
263 4377 438 4447 piitiitdnon.
458 4410 490 4416 -
509 4378 609 4442 Emlcr,
627 4377 748 4444 Rogesta
758 4374 804 4429 IV.
823 4375 845 4430 b.
859 4377 996 4431 oid—V
1008 4376 1327 4447 archivumBuddjoric
1343 4380 1426 4435 chont

133 4490 163 4528 sc
182 4474 249 4542 orig.
269 4477 329 4527 licta
347 4494 374 4527 ze
392 4478 442 4528 dccc
462 4480 491 4525 11
508 4475 630 4540 prosince
648 4475 724 4540 1346,
747 4470 791 4524 dle
809 4471 925 4527 ktenebo
945 4472 1043 4526 nolano
1065 4472 1129 4540 bylo
1148 4488 1209 4527 osni
1227 4476 1312 4529 mnid
1330 4494 1346 4530 ι
1363 4475 1428 4547 rady

132 4569 141 4621 i
159 4586 174 4622 z
193 4571 260 4623 obcc
277 4570 470 4638 Buddjosickd,
498 4571 604 4637 ktorym
623 4568 686 4635 bylo
705 4568 820 4621 uloicno
846 4566 1015 4622 odbadnouti
1036 4567 1088 4635 jak
1106 4567 1259 4624 cavendae
1278 4570 1365 4628 domn
1382 4573 1433 4628 tak
