3098 5392
664 459 738 508 1³40.

614 718 677 801 ds.
702 735 775 798 arr.

374 903 472 983 1340,
494 906 537 971 na
559 923 686 992 srpna.
709 907 741 974 V
759 868 1005 975 Beaumontn.

76 1072 136 1140 Krtil
143 1079 201 1143 Joa
211 1079 298 1145 ἀάυά
311 1084 489 1146 medanam
506 1076 677 1166 Clicbslcp'm
692 1082 822 1146 dedicari
835 1081 917 1146 cir'ad
931 1078 1127 1164 lesoiistrsky
1148 1101 1167 1144 v
1185 1077 1332 1145 Chabaka.

149 1253 308 1321 lohannes
331 1257 385 1321 dci
407 1257 517 1338 gracia
540 1257 672 1322 Boemie
693 1277 749 1323 rex
772 1276 811 1323 ac
832 1257 1122 1338 Lucemburgensis
1143 1274 1257 1321 coines.
1284 1255 1333 1321 lid

75 1363 263 1434 minersorum
285 1369 440 1434 noticiam
462 1370 666 1451 presencium
688 1370 834 1435 volumus
857 1370 1036 1452 peruenire,
1059 1369 1144 1452 quod
1168 1387 1226 1434 nos
1242 1374 1334 1449 grata

72 1482 334 1562 quamplurimum
356 1486 389 1545 et
411 1488 543 1563 accepta
566 1482 720 1547 habentes
750 1482 890 1548 seruicia
920 1481 1062 1547 fidelium
1084 1486 1266 1547 nostrorum
1290 1482 1333 1545 ci-

71 1590 135 1657 uinn
153 1594 348 1676 Egrensium
375 1596 408 1659 in
439 1595 541 1661 oculis
565 1595 684 1660 nostris
711 1596 820 1677 regila,
844 1595 1040 1676 legalitatem
1063 1613 1100 1658 ac
1123 1595 1334 1674 circumspec-

67 1701 144 1770 tionis
165 1707 359 1772 industriam
382 1710 524 1789 ipsorum
547 1708 760 1788 attendentes,
792 1708 907 1789 quibus
935 1707 1081 1772 omnibus
1104 1708 1136 1773 in
1161 1712 1332 1788 conspectu

64 1819 131 1897 regio
150 1821 373 1902 multipliciter
396 1823 593 1903 complacere
617 1826 821 1901 curanerunt,
845 1821 919 1885 istis
942 1821 1050 1902 itaque
1068 1821 1147 1884 moti
1164 1818 1331 1901 condignis

61 1934 309 2003 premiacionibus
331 1935 428 1999 dictis
452 1935 570 2000 nostris
595 1935 721 2000 ciuibus
743 1933 942 2016 Egrcnsibus
973 1950 1150 2011 occurrere,
1181 1932 1332 2013 quemad-

60 2045 165 2111 nodum
186 2048 330 2129 regalem
345 2046 437 2112 decet
456 2047 691 2127 excellenciam,
712 2046 909 2127 promeritis
932 2044 1150 2126 disponentes,
1172 2048 1331 2127 quatenus

58 2147 114 2220 freti
135 2159 299 2240 regalibus
322 2159 555 2226 munificenciis
582 2160 621 2223 ad
645 2165 756 2223 nostra
787 2159 926 2222 seruicia
949 2176 984 2222 sc
1005 2157 1131 2237 erigant
1153 2155 1273 2222 sorcius
1298 2158 1330 2221 in

55 2258 188 2352 futurum,
220 2269 372 2351 officium,
406 2273 496 2354 quod·
522 2272 683 2354 vulgariter
705 2271 1094 2353 ivorstmeystiramrneclit
1116 2275 1329 2351 nuncupatur,

52 2370 133 2449 dictis
154 2385 276 2451 nostris
300 2385 427 2452 ciuibus
449 2386 483 2450 in
506 2385 717 2451 hereditatem
741 2389 929 2467 perpetuam
949 2383 989 2448 dc
1004 2383 1198 2449 liberalitate
1220 2389 1331 2449 nostra

47 2499 126 2575 regio
148 2498 273 2579 damus,
297 2499 500 2565 concedimus
524 2505 557 2563 et
579 2499 735 2565 donamus
758 2516 816 2579 per
838 2498 926 2580 ipsos
950 2498 1039 2562 ciues
1063 2503 1189 2562 nost-ros
1209 2497 1330 2563 dictum

42 2599 175 2677 officium
199 2613 383 2694 tenendum,
406 2613 596 2693 habendum,
620 2612 850 2694 possidendum
873 2617 905 2676 et
927 2610 1144 2676 vtifrnendum
1164 2611 1329 2691 perpetuis

36 2709 232 2805 *emporibus
261 2724 396 2807 pacifice
425 2730 459 2790 et
487 2727 603 2808 quieta.
650 2724 841 2790 Mandantes
872 2730 905 2788 et
933 2724 1080 2788 districte
1113 2722 1328 2805 precipientes

31 2838 204 2917 capitaneo
226 2844 337 2905 nostro
358 2839 508 2922 Egrensi,
540 2840 594 2922 qni
618 2858 703 2903 nunc
726 2844 776 2903 est
798 2843 855 2902 eut
876 2837 930 2919 qui
960 2856 1018 2917 pro
1048 2842 1192 2917 tempore
1221 2835 1327 2916 fuerit,

29 2948 66 3003 lt
99 2952 202 3015 dictos
234 2958 361 3017 nostros
391 2954 480 3018 ciues
515 2959 626 3018 contra
648 2951 808 3034 quoslibet.
831 2952 864 3014 in
888 2950 973 3013 dicto
997 2948 1102 3014 officio
1123 2954 1329 3013 manuteneat

24 3064 144 3129 nostro
166 3065 296 3129 nomine
319 3071 352 3129 et
372 3065 523 3130 mandato
539 3085 597 3146 pro
613 3065 736 3129 viribus
759 3070 789 3129 et
807 3066 983 3128 conseruet.
1008 3060 1130 3125 Harum
1146 3067 1328 3126 nostrarum

22 3167 218 3244 testimonio
240 3180 417 3259 literarum,
440 3179 554 3260 quibus
579 3178 722 3259 sigillum
745 3182 889 3242 nostrum
910 3175 1113 3256 presentibus
1137 3180 1187 3239 eat
1208 3193 1327 3256 appen-

25 3293 116 3353 Sum.
151 3293 269 3356 Datum
292 3293 324 3355 in
348 3291 425 3355 villa
447 3291 604 3355 Beamont
626 3308 726 3370 prope
748 3291 889 3369 Dirwage
920 3287 1051 3352 sabbato
1081 3289 1225 3368 proximo
1255 3293 1329 3367 post

25 3389 121 3465 diem
141 3403 226 3468 beati
250 3403 468 3468 Bartholomei
491 3404 628 3485 apostoli
652 3422 736 3466 anno
759 3402 880 3466 domini
907 3401 1077 3465 millesimo
1100 3401 1326 3465 trecentesimo

27 3514 289 3598 quadragesimo.

136 3686 206 3756 Orig.
227 3703 302 3756 perg.
321 3703 336 3738 v
356 3685 470 3738 archivii
491 3703 525 3738 m.
546 3685 648 3739 Chcbn.
676 3686 693 3738 S
712 3685 812 3738 velkon
831 3685 923 3753 peisti
941 3684 1117 3738 lrrdlovslson.
1146 3681 1190 3737 Na
1208 3682 1278 3736 rubu
1295 3683 1325 3736 li-

38 3775 110 3847 Stiny
126 3783 211 3835 rnkou
225 3781 288 3835 XIV
298 3781 379 3834 stol:
403 3780 561 3846 „lohannes
582 3781 650 3833 uber
668 3780 718 3832 daz
732 3781 1015 3848 to1·stmaistcrampt.“
1036 3810 1067 3817 -
1086 3779 1199 3843 Drirok,
1218 3767 1326 3831 illicet-e

41 3864 195 3932 Geschicnte
214 3896 237 3930 v.
258 3878 331 3946 Eget
348 3884 396 3931 atr.
416 3883 474 3930 323.
493 3908 527 3917 —-
544 3877 670 3940 Biilnnca
695 3877 817 3945 Regestc
835 3876 941 3945 imperii
959 3875 999 3928 N⁰
1017 3881 1074 3928 514.
1094 3905 1127 3912 —
1145 3874 1245 3940 linior,
1272 3874 1324 3927 Ile-

45 3973 173 4025 kfrstolll.
191 3975 213 4027 i.
232 3979 291 4027 817.
319 4004 353 4012 -
378 3971 519 4041 Ncmeclrp
547 3971 663 4040 pielrlad
689 3973 808 4025 obsaien
824 3972 854 4038 je
872 3972 915 4039 pii
934 3971 1036 4023 vidimu
1053 3969 1150 4024 tohoto
1170 3970 1236 4023 listu
1254 3985 1324 4023 var-

47 4055 117 4120 thim
132 4069 284 4124 Chebslrcm
303 4069 462 4134 choranem,
480 4069 560 4136 ktery
578 4073 644 4135 opat
662 4066 785 4120 klaitera
803 4065 1009 4119 Valdsasskc'ho
1022 4065 1143 4119 misulas
1163 4071 1178 4118 8
1196 4064 1325 4134 prosince

52 4154 107 4213 ΗΠ
121 4164 163 4220 dal
186 4165 351 4234 Chebskym
370 4196 405 4204 —
423 4163 492 4217 Pied
517 4166 565 4216 tini
589 4165 660 4216 cisni
684 4161 793 4215 Lndrilr
816 4161 854 4214 IV
873 4163 955 4213 liccem
980 4164 1005 4214 d.
1024 4181 1038 4212 o
1058 4161 1220 4213 Norimberce
1237 4165 1251 4212 1
1272 4163 1323 4214 ler-

50 4257 111 4309 ”moe
127 4265 189 4314 1340
202 4261 284 4315 udelil
298 4260 474 4316 Albreclitovi
486 4257 628 4312 ieienenru
638 4257 819 4310 Nothlrastovi
840 4255 1007 4321 „custodiam
1027 4255 1145 4310 nemoris
1158 4257 1240 4309 riustri
1252 4256 1324 4311 circa

50 4330 130 4412 Flilani
156 4356 189 4409 ad
219 4357 309 4410 instar
336 4356 400 4409 diue
428 4355 629 4409 recordacionis
659 4353 770 4406 llenrici
799 4358 825 4405 ct
853 4352 966 4418 iilberti,
994 4353 1176 4406 Romanorum
1211 4356 1320 4420 regnm“

50 4433 140 4516 (Enim,
156 4451 278 4520 Regesta
302 4452 348 4503 IV.
368 4451 390 4505 i.
411 4456 479 4520 799),
498 4469 514 4505 a
536 4452 635 4504 mvndi
655 4447 818 4501 lnrillimc1
840 4447 877 4499 lV
896 4448 978 4500 lislam
1000 4450 1026 4501 d.
1049 4467 1078 4500 ce
1101 4430 1187 4516 ,ἕψω
1205 4449 1322 4501 &donna

52 4534 104 4594 ¹349
132 4548 308 4601 Albrechtovi
343 4547 521 4602 Nothliaitovi
555 4565 569 4598 z
597 4546 740 4599 ilirsteina
767 4543 833 4596 riiud
863 4544 1071 4597 losmistrovstri
1095 4560 1110 4595 v
1134 4542 1191 4598 cele
1215 4543 1323 4611 krap'ina

50 4625 155 4697 Clenna
174 4642 266 4696 unuin.
307 4643 421 4710 (nuber,
452 4645 588 4711 negasses
618 4642 638 4694 a.
671 4643 741 4706 aaa.)
