3150 5378
844 421 920 473 188³.

808 613 873 697 os.
896 630 970 697 oso.

616 802 782 883 138310
804 802 941 871 dubna
964 803 998 871 V
1019 801 1151 871 Panae.

234 995 321 1060 Krcil
351 995 465 1061 l'ciclao
488 999 509 1061 I
514 998 542 1057 l
557 996 701 1079 naissujc
733 994 896 1077 rycltor'i„
917 993 1114 1060 kondeltim
1100 1015 1113 1058 a
1134 995 1186 1060 oli
1211 992 1280 1058 odoi
1308 998 1415 1060 mata
1437 976 1529 1065 hice,

234 1109 295 1192 abo
316 1108 498 1175 sloieooilm
511 1109 586 1192 jebo
611 1108 750 1175 lbiclcooi
771 1107 909 1174 sHorck
926 1130 970 1192 po
992 1112 1047 1174 dos
1063 1107 1138 1191 Jebo
1160 1107 1265 1173 aeota
1279 1107 1440 1190 cypiciceli
1453 1108 1531 1172 rodni

236 1222 312 1287 cirok
333 1224 375 1286 31
399 1224 458 1305 loop
481 1224 524 1285 33
544 1246 593 1306 or.
617 1245 639 1288 o
653 1222 791 1305 jcdimho
815 1221 933 1299 holere,
956 1220 1047 1307 lieri
1072 1220 1231 1304 omboes
1244 1220 1316 1302 fiet
1330 1225 1529 1288 mdstoano-

234 1338 335 1402 r'icem'
361 1338 465 1403 ciaor'a
486 1337 595 1402 Koila
617 1339 639 1401 Ι
644 1337 672 1399 V
695 1358 716 1401 o
737 1337 785 1401 1ἑὲ
806 1334 881 1419 jabo
903 1334 1052 1418 Hynlcoci
1071 1356 1090 1402 s
1110 1336 1217 1402 Rideo
1239 1356 1261 1400 a
1274 1333 1353 1419 jalo
1384 1332 1529 1401 maiolo

788 1450 840 1531 ool
863 1449 979 1515 docan.

338 1643 566 1709 Wenczeslans
588 1680 632 1689 -
655 1650 764 1709 notum
788 1643 925 1710 iacimus
947 1680 1000 1724 --,
1016 1644 1102 1725 qnod
1126 1644 1283 1725 inspectis
1299 1681 1346 1689 —
1362 1643 1528 1709 indefessis

234 1755 409 1838 obsequiis
426 1754 543 1838 quibus
560 1758 727 1822 screnitati
744 1762 853 1823 nostre
868 1758 1006 1823 dilectus
1023 1762 1132 1823 noster
1146 1754 1274 1839 Wanyk
1296 1756 1338 1823 de
1354 1756 1474 1835 Horeb,
1488 1756 1528 1821 ta-

234 1868 371 1934 miliaris
387 1876 506 1950 noster,
530 1870 670 1936 seruiuit
684 1871 852 1951 hactenns,
873 1872 977 1935 seruit
999 1869 1132 1935 cottidie
1155 1874 1188 1934 et
1210 1870 1344 1935 inantea
1360 1869 1486 1937 debebit
1500 1877 1527 1933 et

237 1983 356 2064 poterit
378 1984 581 2064 prestancins
597 1984 756 2064 famulari,
780 1982 843 2049 sibi
860 1983 1051 2065 -triginta
1070 2002 1165 2048 snam
1187 2001 1380 2065 senegaune,
1401 1982 1528 2066 triginta

235 2096 280 2161 lx
294 2114 424 2178 grossos
448 2103 482 2162 et
496 2116 594 2162 vnum
616 2098 781 2162 holensem
806 2114 921 2162 census
937 2096 1038 2160 annui
1054 2095 1088 2159 in
1103 2100 1137 2160 et
1151 2112 1250 2177 snper
1273 2096 1412 2163 ciuitate
1426 2100 1528 2163 nostra

234 2210 377 2290 Sacensi,
400 2228 496 2294 quem
518 2210 601 2275 alias
624 2209 761 2276 Hinczie
784 2210 825 2274 de
848 2209 965 2275 Blssan
989 2215 1022 2273 et
1045 2208 1242 2275 conthoralis
1266 2208 1415 2277 eiusdem
1437 2230 1457 2275 a
1477 2209 1529 2275 do·

233 2322 321 2388 mino
343 2323 490 2406 genitore
520 2329 632 2390 nostro
655 2329 688 2388 ct
709 2343 729 2389 a
751 2322 844 2388 nobis
876 2321 1029 2388 habuisse
1051 2322 1250 2388 attenuisse
1280 2328 1471 2403 noscuntur,
1491 2358 1528 2369 —

234 2434 348 2502 damus
371 2442 405 2500 et
426 2472 469 2482 --
492 2435 649 2502 donamus
671 2455 729 2519 per
752 2437 858 2519 ipsum
881 2436 922 2501 ad
946 2437 1013 2502 vite
1038 2454 1097 2502 sne
1132 2435 1301 2501 dumtaxat
1323 2441 1472 2521 tempora
1490 2473 1527 2483 -

235 2549 409 2614 tenendum
430 2586 474 2596 —-
497 2550 585 2615 etin
609 2569 685 2616 vans
709 2568 785 2617 suos
807 2549 1027 2633 beneplacitos
1051 2548 1314 2617 concertandum.
1340 2550 1527 2617 blandnntes

234 2711 241 2723 .
258 2713 265 2727 .
290 2662 392 2728 indici
415 2669 449 2728 ct
471 2663 657 2730 consulibus
680 2664 796 2731 iuratis
813 2668 846 2729 et
861 2664 1084 2731 communitati
1100 2662 1245 2729 ciuitatis
1261 2668 1376 2729 nostre
1389 2663 1528 2747 predicte

232 2776 398 2857 Zacensis‚
421 2775 571 2843 fidelibus
594 2778 725 2860 nostris,
749 2784 910 2861 qnatenus
933 2777 1019 2843 dicto
1050 2776 1204 2843 familiari
1233 2782 1349 2845 nostro
1371 2777 1414 2843 de
1436 2796 1528 2844 censu

232 2888 360 2971 prefato
383 2908 481 2972 super
504 2891 652 2958 terminis
676 2893 840 2957 consuetis
863 2892 945 2957 alias
968 2891 1062 2957 annis
1085 2889 1226 2973 singulis
1248 2890 1471 2973 respondeant
1490 2890 1526 2957 ad

233 3003 300 3068 vite
315 3021 373 3068 sue
387 3008 533 3087 tempora
548 3010 581 3069 ct
596 3005 733 3071 eundem
745 3005 808 3070 sibi
821 3005 1034 3088 irrrequisitis
1046 3003 1139 3070 nobis
1152 3002 1298 3070 tribuant
1308 3008 1345 3069 et
1355 3006 1526 3089 assignent,

233 3114 374 3183 finaliter
396 3118 517 3184 nullam
540 3119 574 3184 in
591 3120 655 3184 hiis
671 3119 841 3185 comissnri
864 3118 1107 3201 negligenciam.
1123 3152 1168 3164 -
1182 3116 1304 3183 Datum
1318 3116 1427 3202 Prage
1450 3136 1525 3185 anno

233 3228 354 3294 domini
371 3227 701 3298 ΜὋΟΟἻᾸΧΧΙΠ0
722 3231 917 3298 diedecima
932 3232 1053 3298 mensis
1068 3230 1203 3315 Aprilis,
1218 3248 1395 3314 regnorum
1408 3236 1524 3301 noane

232 3360 303 3407 rum
325 3361 409 3409 anno
432 3344 564 3410 Boemie
585 3345 671 3427 XX⁰‚
694 3347 909 3411 Romanorum
933 3364 1008 3412 vero
1030 3343 1115 3411 vul

1013 3457 1065 3524 Ad
1087 3457 1276 3525 mandatnm
1297 3458 1425 3527 domini
1445 3458 1520 3543 ragin

1087 3570 1249 3639 Martinus
1270 3574 1472 3643 scolasticus.

333 3683 371 3749 R.
396 3684 573 3750 Benessins
596 3684 637 3750 de
658 3685 801 3752 Nachod.

334 3839 460 3894 Pamctni
478 3839 564 3894 kniha
576 3824 700 3895 iatecns
717 3858 731 3894 z
749 3841 821 3895 rokn
841 3847 907 3896 138³
925 3857 962 3895 na
974 3840 991 3894 l.
1010 3846 1054 3893 to
1069 3856 1104 3896 aa
1114 3840 1256 3911 napinam:
1276 3840 1417 3907 ,Donacin
1429 3854 1514 3899 comas

231 3932 429 4005 Wanylsonis.“
449 3965 483 3976 -
501 3935 684 4006 Schlesingcr,
701 3935 929 3992 Urlsnndenbncb
946 3934 996 3992 der
1013 3936 1052 3991 st.
1070 3935 1140 3991 Sana
1157 3935 1181 3992 d.
1200 3941 1260 3991 111.

802 4149 866 4233 Clo.
890 4167 964 4233 590.

609 4321 704 4404 1383,
728 4322 772 4390 21
796 4322 943 4389 torena.
967 4321 999 4388 V
1023 4320 1152 4389 Pnaza.

233 4478 317 4545 ls'rol
348 4480 461 4546 llicloo
484 4482 504 4544 Ι
510 4480 537 4541 V
549 4483 711 4563 potvrzoje
732 4479 876 4561 rychtciia'
900 4478 1033 4562 Ondr'cjs'
1046 4477 1149 4561 ojabo
1171 4478 1315 4546 doceam
1336 4476 1516 4563 rycbio'iatci

234 4579 403 4659 Cdslocski
417 4615 450 4659 sc
463 4595 545 4658 viiio
553 4594 822 4677 platoceros-coen,
843 4592 929 4661 ltere
949 4612 989 4658 eo
1003 4593 1107 4657 cison
1120 4592 1230 4661 nara
1243 4592 1267 4658 I
1270 4592 1298 4655 V
1314 4592 1368 4677 byl
1383 4592 1425 4659 od
1436 4594 1515 4661 Jona
