<?xml version="1.0" encoding="UTF-8"?>
<!DOCTYPE html PUBLIC "-//W3C//DTD XHTML 1.0 Transitional//EN"
    "http://www.w3.org/TR/xhtml1/DTD/xhtml1-transitional.dtd">
<html xmlns="http://www.w3.org/1999/xhtml" xml:lang="en" lang="en">
 <head>
  <title>
</title>
<meta http-equiv="Content-Type" content="text/html;charset=utf-8" />
  <meta name='ocr-system' content='tesseract 3.04.00' />
  <meta name='ocr-capabilities' content='ocr_page ocr_carea ocr_par ocr_line ocrx_word'/>
</head>
<body>
  <div class='ocr_page' id='page_1' title='image "./sbrkapramenprva01kingoog/sbrkapramenprva01kingoog_0768.png"; bbox 0 0 3098 5392; ppageno 0'>
   <div class='ocr_carea' id='block_1_1' title="bbox 831 397 915 469">
    <p class='ocr_par' dir='ltr' id='par_1_1' title="bbox 831 397 915 469">
     <span class='ocr_line' id='line_1_1' title="bbox 831 397 915 469; baseline 0.048 -4"><span class='ocrx_word' id='word_1_1' title='bbox 831 397 915 469; x_wconf 74' lang='lat' dir='ltr'><strong>rear.</strong></span> 
     </span>
    </p>
   </div>
   <div class='ocr_carea' id='block_1_2' title="bbox 767 659 971 743">
    <p class='ocr_par' dir='ltr' id='par_1_2' title="bbox 767 659 971 743">
     <span class='ocr_line' id='line_1_2' title="bbox 767 659 971 743; baseline 0 -2"><span class='ocrx_word' id='word_1_2' title='bbox 767 674 784 714; x_wconf 83' lang='lat'>*</span> <span class='ocrx_word' id='word_1_3' title='bbox 809 659 874 743; x_wconf 74' lang='lat' dir='ltr'><strong>dn</strong></span> <span class='ocrx_word' id='word_1_4' title='bbox 896 675 971 742; x_wconf 84' lang='lat' dir='ltr'><strong>oce.</strong></span> 
     </span>
    </p>
   </div>
   <div class='ocr_carea' id='block_1_3' title="bbox 563 863 1135 975">
    <p class='ocr_par' dir='ltr' id='par_1_3' title="bbox 563 863 1135 975">
     <span class='ocr_line' id='line_1_3' title="bbox 563 863 1135 975; baseline -0.005 -42"><span class='ocrx_word' id='word_1_5' title='bbox 563 971 565 975; x_wconf 23' lang='grc' dir='ltr'>Ι</span> <span class='ocrx_word' id='word_1_6' title='bbox 603 865 702 949; x_wconf 82' lang='grc'><strong>1381,</strong></span> <span class='ocrx_word' id='word_1_7' title='bbox 726 863 983 936; x_wconf 48' lang='lat' dir='ltr'><strong>illinere]⁷</strong></span> <span class='ocrx_word' id='word_1_8' title='bbox 1006 865 1135 933; x_wconf 84' lang='lat' dir='ltr'><strong>Prazc.</strong></span> 
     </span>
    </p>
   </div>
   <div class='ocr_carea' id='block_1_4' title="bbox 220 1053 1511 1369">
    <p class='ocr_par' dir='ltr' id='par_1_4' title="bbox 220 1053 1511 1369">
     <span class='ocr_line' id='line_1_4' title="bbox 220 1053 1511 1141; baseline 0.002 -21"><span class='ocrx_word' id='word_1_9' title='bbox 220 1056 304 1123; x_wconf 79' lang='lat' dir='ltr'><strong>Krcil</strong></span> <span class='ocrx_word' id='word_1_10' title='bbox 339 1056 454 1122; x_wconf 75' lang='lat' dir='ltr'><strong>Vdduo</strong></span> <span class='ocrx_word' id='word_1_11' title='bbox 479 1058 536 1123; x_wconf 88' lang='lat' dir='ltr'><strong>IV</strong></span> <span class='ocrx_word' id='word_1_12' title='bbox 555 1059 726 1141; x_wconf 77' lang='lat' dir='ltr'><strong>postupajc</strong></span> <span class='ocrx_word' id='word_1_13' title='bbox 746 1056 859 1124; x_wconf 67' lang='lat' dir='ltr'><strong>Jb&#39;sku</strong></span> <span class='ocrx_word' id='word_1_14' title='bbox 888 1055 1046 1123; x_wconf 76' lang='lat' dir='ltr'><strong>sRoatolc</strong></span> <span class='ocrx_word' id='word_1_15' title='bbox 1075 1055 1198 1123; x_wconf 69' lang='lat' dir='ltr'><strong>cabod</strong></span> <span class='ocrx_word' id='word_1_16' title='bbox 1218 1076 1237 1123; x_wconf 74' lang='lat' dir='ltr'><strong>a</strong></span> <span class='ocrx_word' id='word_1_17' title='bbox 1258 1056 1310 1123; x_wconf 76' lang='lat' dir='ltr'><strong>olo</strong></span> <span class='ocrx_word' id='word_1_18' title='bbox 1332 1053 1511 1140; x_wconf 74' lang='lat' dir='ltr'><strong>oyblraodo</strong></span> 
     </span>
     <span class='ocr_line' id='line_1_5' title="bbox 220 1169 1511 1257; baseline -0.003 -22"><span class='ocrx_word' id='word_1_19' title='bbox 220 1169 396 1253; x_wconf 79' lang='lat' dir='ltr'><strong>cdobytlca</strong></span> <span class='ocrx_word' id='word_1_20' title='bbox 419 1193 441 1236; x_wconf 89' lang='lat' dir='ltr'><strong>a</strong></span> <span class='ocrx_word' id='word_1_21' title='bbox 455 1171 569 1257; x_wconf 65' lang='lat' dir='ltr'><strong>jingicb</strong></span> <span class='ocrx_word' id='word_1_22' title='bbox 598 1169 737 1238; x_wconf 67' lang='lat' dir='ltr'><strong>mensal</strong></span> <span class='ocrx_word' id='word_1_23' title='bbox 757 1173 825 1237; x_wconf 71' lang='lat' dir='ltr'><strong>vsa</strong></span> <span class='ocrx_word' id='word_1_24' title='bbox 851 1193 870 1236; x_wconf 87' lang='lat' dir='ltr'><strong>u</strong></span> <span class='ocrx_word' id='word_1_25' title='bbox 900 1174 1000 1237; x_wconf 71' lang='lat' dir='ltr'><strong>mesta</strong></span> <span class='ocrx_word' id='word_1_26' title='bbox 1027 1169 1215 1249; x_wconf 65' lang='lat' dir='ltr'><strong>Rakooolca</strong></span> <span class='ocrx_word' id='word_1_27' title='bbox 1245 1169 1346 1238; x_wconf 74' lang='lat' dir='ltr'><strong>coldo</strong></span> <span class='ocrx_word' id='word_1_28' title='bbox 1372 1169 1511 1254; x_wconf 75' lang='lat' dir='ltr'><strong>oybc&#39;rdol</strong></span> 
     </span>
     <span class='ocr_line' id='line_1_6' title="bbox 636 1285 1115 1369; baseline 0.002 -18"><span class='ocrx_word' id='word_1_29' title='bbox 636 1286 686 1351; x_wconf 84' lang='lat' dir='ltr'><strong>clu</strong></span> <span class='ocrx_word' id='word_1_30' title='bbox 707 1306 741 1352; x_wconf 78' lang='lat' dir='ltr'><strong>ac</strong></span> <span class='ocrx_word' id='word_1_31' title='bbox 763 1287 823 1353; x_wconf 80' lang='lat' dir='ltr'><strong>soli</strong></span> <span class='ocrx_word' id='word_1_32' title='bbox 843 1286 916 1351; x_wconf 73' lang='lat' dir='ltr'><strong>subd</strong></span> <span class='ocrx_word' id='word_1_33' title='bbox 936 1285 1115 1369; x_wconf 76' lang='lat' dir='ltr'><strong>vpbrocujc.</strong></span> 
     </span>
    </p>
   </div>
   <div class='ocr_carea' id='block_1_5' title="bbox 219 1474 1523 4049">
    <p class='ocr_par' dir='ltr' id='par_1_5' title="bbox 219 1474 1523 4049">
     <span class='ocr_line' id='line_1_7' title="bbox 324 1474 1510 1561; baseline -0.001 -20"><span class='ocrx_word' id='word_1_34' title='bbox 324 1475 534 1543; x_wconf 87' lang='lat' dir='ltr'><strong>Wenceslaus</strong></span> <span class='ocrx_word' id='word_1_35' title='bbox 557 1476 609 1543; x_wconf 92' lang='lat' dir='ltr'><strong>dei</strong></span> <span class='ocrx_word' id='word_1_36' title='bbox 633 1479 743 1561; x_wconf 81' lang='lat' dir='ltr'><strong>gracia</strong></span> <span class='ocrx_word' id='word_1_37' title='bbox 765 1481 983 1546; x_wconf 84' lang='lat' dir='ltr'><strong>Romanorum</strong></span> <span class='ocrx_word' id='word_1_38' title='bbox 1006 1492 1062 1544; x_wconf 84' lang='lat' dir='ltr'><strong>rer</strong></span> <span class='ocrx_word' id='word_1_39' title='bbox 1084 1495 1212 1559; x_wconf 88' lang='lat' dir='ltr'><strong>semper</strong></span> <span class='ocrx_word' id='word_1_40' title='bbox 1234 1481 1397 1558; x_wconf 83' lang='lat' dir='ltr'><strong>augustus</strong></span> <span class='ocrx_word' id='word_1_41' title='bbox 1413 1481 1445 1541; x_wconf 91' lang='lat' dir='ltr'><strong>et</strong></span> <span class='ocrx_word' id='word_1_42' title='bbox 1459 1474 1510 1540; x_wconf 89' lang='grc' dir='ltr'><strong>Βο·</strong></span> 
     </span>
     <span class='ocr_line' id='line_1_8' title="bbox 221 1589 1510 1675; baseline -0.003 -20"><span class='ocrx_word' id='word_1_43' title='bbox 221 1591 327 1656; x_wconf 89' lang='lat' dir='ltr'><strong>bemie</strong></span> <span class='ocrx_word' id='word_1_44' title='bbox 347 1608 414 1656; x_wconf 86' lang='lat' dir='ltr'><strong>rer.</strong></span> <span class='ocrx_word' id='word_1_45' title='bbox 437 1590 558 1657; x_wconf 87' lang='lat' dir='ltr'><strong>Notum</strong></span> <span class='ocrx_word' id='word_1_46' title='bbox 580 1592 717 1658; x_wconf 86' lang='lat' dir='ltr'><strong>facimus</strong></span> <span class='ocrx_word' id='word_1_47' title='bbox 740 1599 852 1658; x_wconf 90' lang='lat' dir='ltr'><strong>tenore</strong></span> <span class='ocrx_word' id='word_1_48' title='bbox 874 1589 1273 1675; x_wconf 82' lang='lat' dir='ltr'><strong>presenciumvniuersis,</strong></span> <span class='ocrx_word' id='word_1_49' title='bbox 1299 1589 1388 1674; x_wconf 87' lang='lat' dir='ltr'><strong>quod</strong></span> <span class='ocrx_word' id='word_1_50' title='bbox 1410 1589 1510 1654; x_wconf 91' lang='lat' dir='ltr'><strong>aduer-</strong></span> 
     </span>
     <span class='ocr_line' id='line_1_9' title="bbox 220 1701 1508 1786; baseline -0.003 -18"><span class='ocrx_word' id='word_1_51' title='bbox 220 1708 330 1769; x_wconf 88' lang='lat' dir='ltr'><strong>tentes</strong></span> <span class='ocrx_word' id='word_1_52' title='bbox 347 1703 488 1786; x_wconf 92' lang='lat' dir='ltr'><strong>benigne</strong></span> <span class='ocrx_word' id='word_1_53' title='bbox 511 1706 690 1772; x_wconf 88' lang='lat' dir='ltr'><strong>constantis</strong></span> <span class='ocrx_word' id='word_1_54' title='bbox 719 1703 795 1770; x_wconf 83' lang='lat' dir='ltr'><strong>fidei</strong></span> <span class='ocrx_word' id='word_1_55' title='bbox 826 1710 859 1770; x_wconf 91' lang='lat' dir='ltr'><strong>et</strong></span> <span class='ocrx_word' id='word_1_56' title='bbox 881 1704 1091 1770; x_wconf 80' lang='lat' dir='ltr'><strong>servitiorum</strong></span> <span class='ocrx_word' id='word_1_57' title='bbox 1113 1703 1229 1768; x_wconf 89' lang='lat' dir='ltr'><strong>merita</strong></span> <span class='ocrx_word' id='word_1_58' title='bbox 1254 1703 1451 1785; x_wconf 81' lang='lat' dir='ltr'><strong>multiplicia</strong></span> <span class='ocrx_word' id='word_1_59' title='bbox 1471 1701 1508 1766; x_wconf 90' lang='lat' dir='ltr'><strong>di·</strong></span> 
     </span>
     <span class='ocr_line' id='line_1_10' title="bbox 221 1815 1508 1901; baseline -0.003 -21"><span class='ocrx_word' id='word_1_60' title='bbox 221 1816 297 1883; x_wconf 91' lang='lat' dir='ltr'><strong>lecti</strong></span> <span class='ocrx_word' id='word_1_61' title='bbox 320 1816 413 1884; x_wconf 89' lang='lat' dir='ltr'><strong>nobis</strong></span> <span class='ocrx_word' id='word_1_62' title='bbox 438 1818 572 1901; x_wconf 79' lang='lat' dir='ltr'><strong>Georgii</strong></span> <span class='ocrx_word' id='word_1_63' title='bbox 594 1817 634 1883; x_wconf 92' lang='lat' dir='ltr'><strong>de</strong></span> <span class='ocrx_word' id='word_1_64' title='bbox 655 1817 790 1898; x_wconf 85' lang='lat' dir='ltr'><strong>Roztok,</strong></span> <span class='ocrx_word' id='word_1_65' title='bbox 821 1816 985 1883; x_wconf 71' lang='lat' dir='ltr'><strong>forestarii</strong></span> <span class='ocrx_word' id='word_1_66' title='bbox 1017 1815 1241 1882; x_wconf 82' lang='lat' dir='ltr'><strong>etfamiliaris</strong></span> <span class='ocrx_word' id='word_1_67' title='bbox 1264 1817 1380 1898; x_wconf 86' lang='lat' dir='ltr'><strong>nostri,</strong></span> <span class='ocrx_word' id='word_1_68' title='bbox 1405 1815 1508 1899; x_wconf 87' lang='lat' dir='ltr'><strong>quibus</strong></span> 
     </span>
     <span class='ocr_line' id='line_1_11' title="bbox 222 1929 1508 2012; baseline -0.004 -17"><span class='ocrx_word' id='word_1_69' title='bbox 222 1929 308 1996; x_wconf 91' lang='lat' dir='ltr'><strong>idern</strong></span> <span class='ocrx_word' id='word_1_70' title='bbox 332 1932 501 1997; x_wconf 86' lang='lat' dir='ltr'><strong>serenitati</strong></span> <span class='ocrx_word' id='word_1_71' title='bbox 524 1935 634 1997; x_wconf 81' lang='lat' dir='ltr'><strong>nosue</strong></span> <span class='ocrx_word' id='word_1_72' title='bbox 652 1932 754 1997; x_wconf 90' lang='lat' dir='ltr'><strong>multo</strong></span> <span class='ocrx_word' id='word_1_73' title='bbox 769 1931 835 1996; x_wconf 93' lang='lat' dir='ltr'><strong>iam</strong></span> <span class='ocrx_word' id='word_1_74' title='bbox 848 1934 994 2012; x_wconf 86' lang='lat' dir='ltr'><strong>tempore</strong></span> <span class='ocrx_word' id='word_1_75' title='bbox 1008 1934 1100 2012; x_wconf 88' lang='lat' dir='ltr'><strong>grate</strong></span> <span class='ocrx_word' id='word_1_76' title='bbox 1116 1929 1320 2012; x_wconf 89' lang='lat' dir='ltr'><strong>complacuit,</strong></span> <span class='ocrx_word' id='word_1_77' title='bbox 1345 1930 1508 2012; x_wconf 90' lang='lat' dir='ltr'><strong>complacet</strong></span> 
     </span>
     <span class='ocr_line' id='line_1_12' title="bbox 222 2041 1508 2126; baseline -0.002 -18"><span class='ocrx_word' id='word_1_78' title='bbox 222 2044 367 2124; x_wconf 76' lang='lat' dir='ltr'><strong>quotidie</strong></span> <span class='ocrx_word' id='word_1_79' title='bbox 395 2049 429 2110; x_wconf 88' lang='lat' dir='ltr'><strong>et</strong></span> <span class='ocrx_word' id='word_1_80' title='bbox 458 2045 591 2110; x_wconf 82' lang='lat' dir='ltr'><strong>inantea</strong></span> <span class='ocrx_word' id='word_1_81' title='bbox 620 2044 740 2126; x_wconf 82' lang='lat' dir='ltr'><strong>polerit</strong></span> <span class='ocrx_word' id='word_1_82' title='bbox 768 2042 900 2110; x_wconf 88' lang='lat' dir='ltr'><strong>uberius</strong></span> <span class='ocrx_word' id='word_1_83' title='bbox 935 2044 1152 2126; x_wconf 78' lang='lat' dir='ltr'><strong>complacere,</strong></span> <span class='ocrx_word' id='word_1_84' title='bbox 1185 2043 1219 2108; x_wconf 92' lang='lat' dir='ltr'><strong>in</strong></span> <span class='ocrx_word' id='word_1_85' title='bbox 1248 2042 1392 2125; x_wconf 87' lang='lat' dir='ltr'><strong>aliquam</strong></span> <span class='ocrx_word' id='word_1_86' title='bbox 1423 2041 1508 2109; x_wconf 85' lang='lat' dir='ltr'><strong>serri-</strong></span> 
     </span>
     <span class='ocr_line' id='line_1_13' title="bbox 221 2154 1507 2239; baseline -0.005 -17"><span class='ocrx_word' id='word_1_87' title='bbox 221 2156 345 2222; x_wconf 89' lang='lat' dir='ltr'><strong>ciornm</strong></span> <span class='ocrx_word' id='word_1_88' title='bbox 378 2162 412 2223; x_wconf 91' lang='lat' dir='ltr'><strong>et</strong></span> <span class='ocrx_word' id='word_1_89' title='bbox 432 2154 509 2222; x_wconf 89' lang='lat' dir='ltr'><strong>fidei</strong></span> <span class='ocrx_word' id='word_1_90' title='bbox 540 2175 671 2223; x_wconf 90' lang='lat' dir='ltr'><strong>suorum</strong></span> <span class='ocrx_word' id='word_1_91' title='bbox 701 2156 888 2224; x_wconf 92' lang='lat' dir='ltr'><strong>huiusmodi</strong></span> <span class='ocrx_word' id='word_1_92' title='bbox 917 2173 1169 2239; x_wconf 80' lang='lat' dir='ltr'><strong>recompensem,</strong></span> <span class='ocrx_word' id='word_1_93' title='bbox 1204 2154 1268 2221; x_wconf 93' lang='lat' dir='ltr'><strong>sibi</strong></span> <span class='ocrx_word' id='word_1_94' title='bbox 1290 2161 1326 2221; x_wconf 92' lang='lat' dir='ltr'><strong>et</strong></span> <span class='ocrx_word' id='word_1_95' title='bbox 1347 2155 1507 2222; x_wconf 91' lang='lat' dir='ltr'><strong>heredibus</strong></span> 
     </span>
     <span class='ocr_line' id='line_1_14' title="bbox 221 2267 1508 2353; baseline -0.003 -19"><span class='ocrx_word' id='word_1_96' title='bbox 221 2269 290 2335; x_wconf 92' lang='lat' dir='ltr'><strong>suis</strong></span> <span class='ocrx_word' id='word_1_97' title='bbox 311 2288 377 2335; x_wconf 92' lang='lat' dir='ltr'><strong>non</strong></span> <span class='ocrx_word' id='word_1_98' title='bbox 399 2272 458 2352; x_wconf 89' lang='lat' dir='ltr'><strong>per</strong></span> <span class='ocrx_word' id='word_1_99' title='bbox 488 2288 628 2337; x_wconf 91' lang='lat' dir='ltr'><strong>errorem</strong></span> <span class='ocrx_word' id='word_1_100' title='bbox 658 2275 715 2336; x_wconf 90' lang='lat' dir='ltr'><strong>aut</strong></span> <span class='ocrx_word' id='word_1_101' title='bbox 749 2269 939 2353; x_wconf 90' lang='lat' dir='ltr'><strong>improuide,</strong></span> <span class='ocrx_word' id='word_1_102' title='bbox 974 2270 1031 2336; x_wconf 89' lang='lat' dir='ltr'><strong>sed</strong></span> <span class='ocrx_word' id='word_1_103' title='bbox 1065 2269 1173 2335; x_wconf 90' lang='lat' dir='ltr'><strong>animo</strong></span> <span class='ocrx_word' id='word_1_104' title='bbox 1203 2268 1384 2337; x_wconf 89' lang='lat' dir='ltr'><strong>deliberato</strong></span> <span class='ocrx_word' id='word_1_105' title='bbox 1417 2267 1508 2336; x_wconf 88' lang='lat' dir='ltr'><strong>etde</strong></span> 
     </span>
     <span class='ocr_line' id='line_1_15' title="bbox 221 2360 1509 2465; baseline -0.001 -18"><span class='ocrx_word' id='word_1_106' title='bbox 221 2387 309 2448; x_wconf 89' lang='lat' dir='ltr'><strong>certa</strong></span> <span class='ocrx_word' id='word_1_107' title='bbox 325 2387 436 2449; x_wconf 89' lang='lat' dir='ltr'><strong>nostra</strong></span> <span class='ocrx_word' id='word_1_108' title='bbox 452 2382 603 2463; x_wconf 88' lang='lat' dir='ltr'><strong>sciencie,</strong></span> <span class='ocrx_word' id='word_1_109' title='bbox 619 2384 775 2449; x_wconf 88' lang='lat' dir='ltr'><strong>telonium</strong></span> <span class='ocrx_word' id='word_1_110' title='bbox 790 2387 936 2454; x_wconf 85' lang='lat' dir='ltr'><strong>nostmm</strong></span> <span class='ocrx_word' id='word_1_111' title='bbox 950 2383 1059 2449; x_wconf 89' lang='lat' dir='ltr'><strong>minus</strong></span> <span class='ocrx_word' id='word_1_112' title='bbox 1074 2382 1108 2448; x_wconf 91' lang='lat' dir='ltr'><strong>in</strong></span> <span class='ocrx_word' id='word_1_113' title='bbox 1123 2381 1312 2465; x_wconf 81' lang='lat' dir='ltr'><strong>Rakownik,</strong></span> <span class='ocrx_word' id='word_1_114' title='bbox 1333 2360 1509 2450; x_wconf 81' lang='lat' dir='ltr'><strong>consuetum</strong></span> 
     </span>
     <span class='ocr_line' id='line_1_16' title="bbox 219 2494 1508 2578; baseline -0.002 -19"><span class='ocrx_word' id='word_1_115' title='bbox 219 2495 290 2561; x_wconf 89' lang='lat' dir='ltr'><strong>dari</strong></span> <span class='ocrx_word' id='word_1_116' title='bbox 320 2496 361 2561; x_wconf 93' lang='lat' dir='ltr'><strong>de</strong></span> <span class='ocrx_word' id='word_1_117' title='bbox 391 2495 571 2578; x_wconf 87' lang='lat' dir='ltr'><strong>pecoribus,</strong></span> <span class='ocrx_word' id='word_1_118' title='bbox 601 2496 779 2578; x_wconf 87' lang='lat' dir='ltr'><strong>pecudibus</strong></span> <span class='ocrx_word' id='word_1_119' title='bbox 810 2501 843 2561; x_wconf 88' lang='lat' dir='ltr'><strong>et</strong></span> <span class='ocrx_word' id='word_1_120' title='bbox 865 2496 982 2562; x_wconf 86' lang='lat' dir='ltr'><strong>ceteris</strong></span> <span class='ocrx_word' id='word_1_121' title='bbox 1005 2496 1121 2578; x_wconf 85' lang='lat' dir='ltr'><strong>parnis</strong></span> <span class='ocrx_word' id='word_1_122' title='bbox 1147 2495 1254 2576; x_wconf 91' lang='lat' dir='ltr'><strong>rebus,</strong></span> <span class='ocrx_word' id='word_1_123' title='bbox 1288 2496 1419 2563; x_wconf 85' lang='lat' dir='ltr'><strong>teloneo</strong></span> <span class='ocrx_word' id='word_1_124' title='bbox 1443 2494 1508 2562; x_wconf 88' lang='lat' dir='ltr'><strong>salis</strong></span> 
     </span>
     <span class='ocr_line' id='line_1_17' title="bbox 220 2607 1509 2693; baseline -0.002 -20"><span class='ocrx_word' id='word_1_125' title='bbox 220 2609 360 2689; x_wconf 87' lang='lat' dir='ltr'><strong>excluso,</strong></span> <span class='ocrx_word' id='word_1_126' title='bbox 393 2607 551 2690; x_wconf 84' lang='lat' dir='ltr'><strong>dedimus,</strong></span> <span class='ocrx_word' id='word_1_127' title='bbox 587 2609 791 2691; x_wconf 90' lang='lat' dir='ltr'><strong>contulimus,</strong></span> <span class='ocrx_word' id='word_1_128' title='bbox 814 2609 1064 2693; x_wconf 87' lang='lat' dir='ltr'><strong>essignauimus,</strong></span> <span class='ocrx_word' id='word_1_129' title='bbox 1088 2608 1317 2691; x_wconf 86' lang='lat' dir='ltr'><strong>deputauimns</strong></span> <span class='ocrx_word' id='word_1_130' title='bbox 1348 2616 1383 2676; x_wconf 92' lang='lat' dir='ltr'><strong>et</strong></span> <span class='ocrx_word' id='word_1_131' title='bbox 1411 2614 1509 2676; x_wconf 83' lang='lat' dir='ltr'><strong>tenore</strong></span> 
     </span>
     <span class='ocr_line' id='line_1_18' title="bbox 222 2721 1510 2806; baseline -0.002 -21"><span class='ocrx_word' id='word_1_132' title='bbox 222 2722 419 2804; x_wconf 87' lang='lat' dir='ltr'><strong>presentium</strong></span> <span class='ocrx_word' id='word_1_133' title='bbox 442 2723 636 2789; x_wconf 86' lang='lat' dir='ltr'><strong>auctoritate</strong></span> <span class='ocrx_word' id='word_1_134' title='bbox 657 2724 748 2805; x_wconf 84' lang='lat' dir='ltr'><strong>regia</strong></span> <span class='ocrx_word' id='word_1_135' title='bbox 770 2723 925 2790; x_wconf 89' lang='lat' dir='ltr'><strong>Bohemie</strong></span> <span class='ocrx_word' id='word_1_136' title='bbox 952 2723 1076 2804; x_wconf 88' lang='lat' dir='ltr'><strong>damus,</strong></span> <span class='ocrx_word' id='word_1_137' title='bbox 1104 2721 1261 2789; x_wconf 90' lang='lat' dir='ltr'><strong>donamus</strong></span> <span class='ocrx_word' id='word_1_138' title='bbox 1283 2727 1318 2789; x_wconf 89' lang='lat' dir='ltr'><strong>et</strong></span> <span class='ocrx_word' id='word_1_139' title='bbox 1340 2721 1510 2806; x_wconf 75' lang='lat' dir='ltr'><strong>gracimius</strong></span> 
     </span>
     <span class='ocr_line' id='line_1_19' title="bbox 222 2833 1512 2919; baseline 0.001 -21"><span class='ocrx_word' id='word_1_140' title='bbox 222 2833 406 2916; x_wconf 79' lang='lat' dir='ltr'><strong>elargimur,</strong></span> <span class='ocrx_word' id='word_1_141' title='bbox 429 2853 487 2916; x_wconf 90' lang='lat' dir='ltr'><strong>per</strong></span> <span class='ocrx_word' id='word_1_142' title='bbox 509 2835 617 2917; x_wconf 90' lang='lat' dir='ltr'><strong>ipsum</strong></span> <span class='ocrx_word' id='word_1_143' title='bbox 639 2841 672 2902; x_wconf 93' lang='lat' dir='ltr'><strong>et</strong></span> <span class='ocrx_word' id='word_1_144' title='bbox 691 2836 825 2902; x_wconf 89' lang='lat' dir='ltr'><strong>heredes</strong></span> <span class='ocrx_word' id='word_1_145' title='bbox 849 2854 936 2916; x_wconf 91' lang='lat' dir='ltr'><strong>suos,</strong></span> <span class='ocrx_word' id='word_1_146' title='bbox 960 2840 1056 2918; x_wconf 92' lang='lat' dir='ltr'><strong>prout</strong></span> <span class='ocrx_word' id='word_1_147' title='bbox 1077 2835 1209 2919; x_wconf 87' lang='lat' dir='ltr'><strong>antiquo</strong></span> <span class='ocrx_word' id='word_1_148' title='bbox 1231 2853 1322 2902; x_wconf 91' lang='lat' dir='ltr'><strong>more</strong></span> <span class='ocrx_word' id='word_1_149' title='bbox 1343 2835 1449 2903; x_wconf 88' lang='lat' dir='ltr'><strong>leuari</strong></span> <span class='ocrx_word' id='word_1_150' title='bbox 1471 2854 1512 2901; x_wconf 86' lang='lat' dir='ltr'><strong>so</strong></span> 
     </span>
     <span class='ocr_line' id='line_1_20' title="bbox 219 2947 1514 3032; baseline 0.003 -22"><span class='ocrx_word' id='word_1_151' title='bbox 219 2947 314 3011; x_wconf 91' lang='lat' dir='ltr'><strong>litum</strong></span> <span class='ocrx_word' id='word_1_152' title='bbox 337 2952 396 3027; x_wconf 92' lang='lat' dir='ltr'><strong>est,</strong></span> <span class='ocrx_word' id='word_1_153' title='bbox 419 2948 613 3029; x_wconf 89' lang='lat' dir='ltr'><strong>habendum,</strong></span> <span class='ocrx_word' id='word_1_154' title='bbox 636 2949 821 3029; x_wconf 90' lang='lat' dir='ltr'><strong>tenendum,</strong></span> <span class='ocrx_word' id='word_1_155' title='bbox 851 2948 1034 3029; x_wconf 86' lang='lat' dir='ltr'><strong>leuandum,</strong></span> <span class='ocrx_word' id='word_1_156' title='bbox 1062 2947 1294 3031; x_wconf 83' lang='lat' dir='ltr'><strong>recipiendum,</strong></span> <span class='ocrx_word' id='word_1_157' title='bbox 1326 2948 1514 3032; x_wconf 82' lang='lat' dir='ltr'><strong>exigendum</strong></span> 
     </span>
     <span class='ocr_line' id='line_1_21' title="bbox 220 3059 1514 3143; baseline 0.002 -19"><span class='ocrx_word' id='word_1_158' title='bbox 220 3065 253 3124; x_wconf 93' lang='lat' dir='ltr'><strong>et</strong></span> <span class='ocrx_word' id='word_1_159' title='bbox 283 3065 438 3142; x_wconf 90' lang='lat' dir='ltr'><strong>perpetuo</strong></span> <span class='ocrx_word' id='word_1_160' title='bbox 472 3062 713 3143; x_wconf 90' lang='lat' dir='ltr'><strong>possidendum.</strong></span> <span class='ocrx_word' id='word_1_161' title='bbox 748 3061 942 3127; x_wconf 87' lang='lat' dir='ltr'><strong>Mandantes</strong></span> <span class='ocrx_word' id='word_1_162' title='bbox 965 3061 1128 3127; x_wconf 81' lang='lat' dir='ltr'><strong>universis</strong></span> <span class='ocrx_word' id='word_1_163' title='bbox 1162 3059 1358 3129; x_wconf 85' lang='lat' dir='ltr'><strong>officialibus</strong></span> <span class='ocrx_word' id='word_1_164' title='bbox 1388 3063 1514 3141; x_wconf 89' lang='lat' dir='ltr'><strong>nostris,</strong></span> 
     </span>
     <span class='ocr_line' id='line_1_22' title="bbox 221 3171 1517 3258; baseline 0.003 -23"><span class='ocrx_word' id='word_1_165' title='bbox 221 3171 276 3252; x_wconf 89' lang='lat' dir='ltr'><strong>qui</strong></span> <span class='ocrx_word' id='word_1_166' title='bbox 301 3177 376 3237; x_wconf 91' lang='lat' dir='ltr'><strong>sunt</strong></span> <span class='ocrx_word' id='word_1_167' title='bbox 398 3174 449 3239; x_wconf 81' lang='lat' dir='ltr'><strong>vel</strong></span> <span class='ocrx_word' id='word_1_168' title='bbox 472 3181 577 3254; x_wconf 90' lang='lat' dir='ltr'><strong>erunt,</strong></span> <span class='ocrx_word' id='word_1_169' title='bbox 608 3175 775 3256; x_wconf 86' lang='lat' dir='ltr'><strong>signanter</strong></span> <span class='ocrx_word' id='word_1_170' title='bbox 796 3173 972 3255; x_wconf 88' lang='lat' dir='ltr'><strong>burgrauio</strong></span> <span class='ocrx_word' id='word_1_171' title='bbox 1000 3178 1110 3240; x_wconf 89' lang='lat' dir='ltr'><strong>nostro</strong></span> <span class='ocrx_word' id='word_1_172' title='bbox 1132 3173 1167 3239; x_wconf 91' lang='lat' dir='ltr'><strong>in</strong></span> <span class='ocrx_word' id='word_1_173' title='bbox 1190 3173 1364 3258; x_wconf 88' lang='lat' dir='ltr'><strong>Burgleins</strong></span> <span class='ocrx_word' id='word_1_174' title='bbox 1386 3174 1517 3242; x_wconf 87' lang='lat' dir='ltr'><strong>firmiter</strong></span> 
     </span>
     <span class='ocr_line' id='line_1_23' title="bbox 220 3284 1518 3372; baseline 0.003 -23"><span class='ocrx_word' id='word_1_175' title='bbox 220 3287 253 3350; x_wconf 90' lang='lat' dir='ltr'><strong>et</strong></span> <span class='ocrx_word' id='word_1_176' title='bbox 275 3284 431 3367; x_wconf 89' lang='lat' dir='ltr'><strong>districte,</strong></span> <span class='ocrx_word' id='word_1_177' title='bbox 462 3292 622 3370; x_wconf 89' lang='lat' dir='ltr'><strong>quatenns</strong></span> <span class='ocrx_word' id='word_1_178' title='bbox 653 3285 814 3368; x_wconf 88' lang='lat' dir='ltr'><strong>prelatum</strong></span> <span class='ocrx_word' id='word_1_179' title='bbox 838 3286 1014 3368; x_wconf 87' lang='lat' dir='ltr'><strong>Georgium</strong></span> <span class='ocrx_word' id='word_1_180' title='bbox 1036 3293 1070 3352; x_wconf 94' lang='lat' dir='ltr'><strong>et</strong></span> <span class='ocrx_word' id='word_1_181' title='bbox 1090 3287 1196 3370; x_wconf 87' lang='lat' dir='ltr'><strong>ipsius</strong></span> <span class='ocrx_word' id='word_1_182' title='bbox 1224 3287 1363 3355; x_wconf 88' lang='lat' dir='ltr'><strong>heredes</strong></span> <span class='ocrx_word' id='word_1_183' title='bbox 1392 3289 1429 3355; x_wconf 89' lang='lat' dir='ltr'><strong>in</strong></span> <span class='ocrx_word' id='word_1_184' title='bbox 1452 3308 1518 3372; x_wconf 88' lang='lat' dir='ltr'><strong>per-</strong></span> 
     </span>
     <span class='ocr_line' id='line_1_24' title="bbox 221 3399 1519 3482; baseline 0.003 -18"><span class='ocrx_word' id='word_1_185' title='bbox 221 3399 373 3481; x_wconf 89' lang='lat' dir='ltr'><strong>cepcione</strong></span> <span class='ocrx_word' id='word_1_186' title='bbox 403 3405 436 3465; x_wconf 90' lang='lat' dir='ltr'><strong>et</strong></span> <span class='ocrx_word' id='word_1_187' title='bbox 458 3418 530 3481; x_wconf 90' lang='lat' dir='ltr'><strong>usu,</strong></span> <span class='ocrx_word' id='word_1_188' title='bbox 561 3399 721 3466; x_wconf 90' lang='lat' dir='ltr'><strong>lruicione</strong></span> <span class='ocrx_word' id='word_1_189' title='bbox 742 3400 863 3466; x_wconf 91' lang='lat' dir='ltr'><strong>telonei</strong></span> <span class='ocrx_word' id='word_1_190' title='bbox 892 3400 1078 3466; x_wconf 86' lang='lat' dir='ltr'><strong>huiusmodi</strong></span> <span class='ocrx_word' id='word_1_191' title='bbox 1101 3419 1164 3467; x_wconf 92' lang='lat' dir='ltr'><strong>non</strong></span> <span class='ocrx_word' id='word_1_192' title='bbox 1186 3400 1367 3482; x_wconf 89' lang='lat' dir='ltr'><strong>impediant</strong></span> <span class='ocrx_word' id='word_1_193' title='bbox 1388 3403 1443 3468; x_wconf 85' lang='lat' dir='ltr'><strong>vel</strong></span> <span class='ocrx_word' id='word_1_194' title='bbox 1465 3403 1519 3468; x_wconf 92' lang='lat' dir='ltr'><strong>im·</strong></span> 
     </span>
     <span class='ocr_line' id='line_1_25' title="bbox 224 3513 1519 3597; baseline 0.005 -20"><span class='ocrx_word' id='word_1_195' title='bbox 224 3513 329 3593; x_wconf 90' lang='lat' dir='ltr'><strong>pediri</strong></span> <span class='ocrx_word' id='word_1_196' title='bbox 364 3514 474 3580; x_wconf 88' lang='lat' dir='ltr'><strong>sinant</strong></span> <span class='ocrx_word' id='word_1_197' title='bbox 506 3513 761 3595; x_wconf 86' lang='lat' dir='ltr'><strong>quomodolibet,</strong></span> <span class='ocrx_word' id='word_1_198' title='bbox 793 3514 985 3597; x_wconf 88' lang='lat' dir='ltr'><strong>quinpocius</strong></span> <span class='ocrx_word' id='word_1_199' title='bbox 1016 3513 1145 3580; x_wconf 89' lang='lat' dir='ltr'><strong>eosdem</strong></span> <span class='ocrx_word' id='word_1_200' title='bbox 1175 3515 1262 3580; x_wconf 93' lang='lat' dir='ltr'><strong>circa</strong></span> <span class='ocrx_word' id='word_1_201' title='bbox 1285 3515 1352 3581; x_wconf 88' lang='lat' dir='ltr'><strong>boc</strong></span> <span class='ocrx_word' id='word_1_202' title='bbox 1380 3515 1519 3594; x_wconf 80' lang='lat' dir='ltr'><strong>foveant,</strong></span> 
     </span>
     <span class='ocr_line' id='line_1_26' title="bbox 220 3622 1520 3711; baseline 0.006 -23"><span class='ocrx_word' id='word_1_203' title='bbox 220 3630 399 3708; x_wconf 88' lang='lat' dir='ltr'><strong>protegant,</strong></span> <span class='ocrx_word' id='word_1_204' title='bbox 417 3631 648 3692; x_wconf 86' lang='lat' dir='ltr'><strong>manuteneant</strong></span> <span class='ocrx_word' id='word_1_205' title='bbox 663 3622 838 3692; x_wconf 77' lang='lat' dir='ltr'><strong>efficaciter</strong></span> <span class='ocrx_word' id='word_1_206' title='bbox 853 3632 886 3691; x_wconf 91' lang='lat' dir='ltr'><strong>et</strong></span> <span class='ocrx_word' id='word_1_207' title='bbox 900 3624 1104 3703; x_wconf 82' lang='lat' dir='ltr'><strong>conseruent,</strong></span> <span class='ocrx_word' id='word_1_208' title='bbox 1126 3626 1224 3709; x_wconf 82' lang='lat' dir='ltr'><strong>prout</strong></span> <span class='ocrx_word' id='word_1_209' title='bbox 1236 3627 1362 3711; x_wconf 90' lang='lat' dir='ltr'><strong>regiam</strong></span> <span class='ocrx_word' id='word_1_210' title='bbox 1377 3636 1520 3696; x_wconf 89' lang='lat' dir='ltr'><strong>nostram</strong></span> 
     </span>
     <span class='ocr_line' id='line_1_27' title="bbox 220 3737 1522 3823; baseline 0.006 -21"><span class='ocrx_word' id='word_1_211' title='bbox 220 3737 479 3821; x_wconf 90' lang='lat' dir='ltr'><strong>indignacionem</strong></span> <span class='ocrx_word' id='word_1_212' title='bbox 512 3740 674 3807; x_wconf 87' lang='lat' dir='ltr'><strong>voluerint</strong></span> <span class='ocrx_word' id='word_1_213' title='bbox 696 3741 832 3806; x_wconf 86' lang='lat' dir='ltr'><strong>euitare.</strong></span> <span class='ocrx_word' id='word_1_214' title='bbox 854 3740 1063 3807; x_wconf 82' lang='lat' dir='ltr'><strong>Ptesencium</strong></span> <span class='ocrx_word' id='word_1_215' title='bbox 1093 3740 1153 3807; x_wconf 88' lang='lat' dir='ltr'><strong>sub</strong></span> <span class='ocrx_word' id='word_1_216' title='bbox 1174 3741 1266 3823; x_wconf 90' lang='lat' dir='ltr'><strong>regie</strong></span> <span class='ocrx_word' id='word_1_217' title='bbox 1287 3748 1401 3809; x_wconf 87' lang='lat' dir='ltr'><strong>nostre</strong></span> <span class='ocrx_word' id='word_1_218' title='bbox 1424 3745 1522 3811; x_wconf 78' lang='lat' dir='ltr'><strong>maie</strong></span> 
     </span>
     <span class='ocr_line' id='line_1_28' title="bbox 222 3852 1521 3937; baseline 0.005 -20"><span class='ocrx_word' id='word_1_219' title='bbox 222 3852 316 3917; x_wconf 87' lang='lat' dir='ltr'><strong>statis</strong></span> <span class='ocrx_word' id='word_1_220' title='bbox 340 3852 449 3935; x_wconf 88' lang='lat' dir='ltr'><strong>sigillo</strong></span> <span class='ocrx_word' id='word_1_221' title='bbox 471 3853 657 3919; x_wconf 90' lang='lat' dir='ltr'><strong>testimonio</strong></span> <span class='ocrx_word' id='word_1_222' title='bbox 679 3853 871 3919; x_wconf 88' lang='lat' dir='ltr'><strong>litterarum.</strong></span> <span class='ocrx_word' id='word_1_223' title='bbox 895 3854 1015 3919; x_wconf 89' lang='lat' dir='ltr'><strong>Datum</strong></span> <span class='ocrx_word' id='word_1_224' title='bbox 1037 3853 1142 3937; x_wconf 87' lang='lat' dir='ltr'><strong>Prage</strong></span> <span class='ocrx_word' id='word_1_225' title='bbox 1162 3872 1247 3921; x_wconf 87' lang='lat' dir='ltr'><strong>anno</strong></span> <span class='ocrx_word' id='word_1_226' title='bbox 1269 3855 1395 3922; x_wconf 91' lang='lat' dir='ltr'><strong>domini</strong></span> <span class='ocrx_word' id='word_1_227' title='bbox 1418 3858 1521 3924; x_wconf 83' lang='lat' dir='ltr'><strong>mille</strong></span> 
     </span>
     <span class='ocr_line' id='line_1_29' title="bbox 220 3966 1523 4049; baseline 0.004 -18"><span class='ocrx_word' id='word_1_228' title='bbox 220 3967 301 4031; x_wconf 90' lang='lat' dir='ltr'><strong>simo</strong></span> <span class='ocrx_word' id='word_1_229' title='bbox 317 3968 542 4033; x_wconf 89' lang='lat' dir='ltr'><strong>trecentesimo</strong></span> <span class='ocrx_word' id='word_1_230' title='bbox 558 3967 777 4049; x_wconf 91' lang='lat' dir='ltr'><strong>octuagesimo</strong></span> <span class='ocrx_word' id='word_1_231' title='bbox 792 3968 905 4049; x_wconf 91' lang='lat' dir='ltr'><strong>primo,</strong></span> <span class='ocrx_word' id='word_1_232' title='bbox 928 3966 1110 4033; x_wconf 88' lang='lat' dir='ltr'><strong>indiccione</strong></span> <span class='ocrx_word' id='word_1_233' title='bbox 1132 3972 1257 4048; x_wconf 87' lang='lat' dir='ltr'><strong>quarta,</strong></span> <span class='ocrx_word' id='word_1_234' title='bbox 1272 3966 1353 4035; x_wconf 84' lang='lat' dir='ltr'>XIII</span> <span class='ocrx_word' id='word_1_235' title='bbox 1366 3969 1523 4036; x_wconf 81' lang='lat' dir='ltr'><strong>kalendas</strong></span> 
     </span>
    </p>
   </div>
   <div class='ocr_carea' id='block_1_6' title="bbox 220 4078 1523 4273">
    <p class='ocr_par' dir='ltr' id='par_1_6' title="bbox 220 4078 1523 4273">
     <span class='ocr_line' id='line_1_30' title="bbox 220 4078 1523 4164; baseline 0.007 -22"><span class='ocrx_word' id='word_1_236' title='bbox 220 4078 340 4159; x_wconf 85' lang='lat' dir='ltr'><strong>Martii,</strong></span> <span class='ocrx_word' id='word_1_237' title='bbox 371 4098 543 4162; x_wconf 87' lang='lat' dir='ltr'><strong>regnorum</strong></span> <span class='ocrx_word' id='word_1_238' title='bbox 578 4085 762 4146; x_wconf 89' lang='lat' dir='ltr'><strong>nostrorum</strong></span> <span class='ocrx_word' id='word_1_239' title='bbox 795 4099 879 4145; x_wconf 93' lang='lat' dir='ltr'><strong>anno</strong></span> <span class='ocrx_word' id='word_1_240' title='bbox 901 4078 1057 4147; x_wconf 90' lang='lat' dir='ltr'><strong>Bohemie</strong></span> <span class='ocrx_word' id='word_1_241' title='bbox 1090 4080 1214 4147; x_wconf 91' lang='lat' dir='ltr'><strong>decimo</strong></span> <span class='ocrx_word' id='word_1_242' title='bbox 1244 4086 1372 4164; x_wconf 86' lang='lat' dir='ltr'><strong>octauo,</strong></span> <span class='ocrx_word' id='word_1_243' title='bbox 1405 4083 1523 4151; x_wconf 84' lang='lat' dir='ltr'><strong>Roma·</strong></span> 
     </span>
     <span class='ocr_line' id='line_1_31' title="bbox 221 4192 580 4273; baseline 0.014 -20"><span class='ocrx_word' id='word_1_244' title='bbox 221 4209 335 4254; x_wconf 90' lang='lat' dir='ltr'><strong>norum</strong></span> <span class='ocrx_word' id='word_1_245' title='bbox 358 4209 436 4257; x_wconf 89' lang='lat' dir='ltr'><strong>uero</strong></span> <span class='ocrx_word' id='word_1_246' title='bbox 458 4192 580 4273; x_wconf 87' lang='lat' dir='ltr'><strong>quinto.</strong></span> 
     </span>
    </p>
   </div>
   <div class='ocr_carea' id='block_1_7' title="bbox 1002 4331 1526 4520">
    <p class='ocr_par' dir='ltr' id='par_1_7' title="bbox 1002 4331 1526 4520">
     <span class='ocr_line' id='line_1_32' title="bbox 1002 4331 1526 4422; baseline 0.015 -24"><span class='ocrx_word' id='word_1_247' title='bbox 1002 4332 1053 4399; x_wconf 85' lang='lat' dir='ltr'><strong>Ad</strong></span> <span class='ocrx_word' id='word_1_248' title='bbox 1076 4331 1264 4400; x_wconf 84' lang='lat' dir='ltr'><strong>mandatnm</strong></span> <span class='ocrx_word' id='word_1_249' title='bbox 1287 4335 1414 4404; x_wconf 92' lang='lat' dir='ltr'><strong>domini</strong></span> <span class='ocrx_word' id='word_1_250' title='bbox 1437 4340 1526 4422; x_wconf 83' lang='lat' dir='ltr'><strong>regis</strong></span> 
     </span>
     <span class='ocr_line' id='line_1_33' title="bbox 1069 4446 1464 4520; baseline 0.02 -8"><span class='ocrx_word' id='word_1_251' title='bbox 1069 4446 1231 4514; x_wconf 84' lang='lat' dir='ltr'><strong>Martinus</strong></span> <span class='ocrx_word' id='word_1_252' title='bbox 1255 4450 1464 4520; x_wconf 88' lang='lat' dir='ltr'><strong>scolasticus.</strong></span> 
     </span>
    </p>
   </div>
   <div class='ocr_carea' id='block_1_8' title="bbox 322 4581 827 4665">
    <p class='ocr_par' dir='ltr' id='par_1_8' title="bbox 322 4581 827 4665">
     <span class='ocr_line' id='line_1_34' title="bbox 322 4581 827 4665; baseline 0.006 -18"><span class='ocrx_word' id='word_1_253' title='bbox 322 4583 358 4647; x_wconf 86' lang='lat' dir='ltr'><strong>R.</strong></span> <span class='ocrx_word' id='word_1_254' title='bbox 383 4581 576 4647; x_wconf 84' lang='lat' dir='ltr'><strong>Wilbelruus</strong></span> <span class='ocrx_word' id='word_1_255' title='bbox 600 4584 827 4665; x_wconf 82' lang='lat' dir='ltr'><strong>Kortelangeu.</strong></span> 
     </span>
    </p>
   </div>
   <div class='ocr_carea' id='block_1_9' title="bbox 0 0 1560 5392">
    <p class='ocr_par' dir='ltr' id='par_1_9' title="bbox 0 0 1560 5392">
     <span class='ocr_line' id='line_1_35' title="bbox 0 0 1560 5392; baseline 0 0"><span class='ocrx_word' id='word_1_256' title='bbox 0 0 1560 5392; x_wconf 95' lang='lat' dir='ltr'><strong> </strong></span> 
     </span>
    </p>
   </div>
  </div>
 </body>
</html>
