3098 5392
684 439 759 489 raao.
1316 438 1379 504 267

114 646 335 727 nsiderantes,
365 645 451 729 quod
473 663 532 727 per
553 646 738 714 huiusmodi
764 647 969 714 liberalitatis
992 652 1101 716 nostre
1123 647 1379 713 beniuolenciam

113 760 170 826 »bis
194 760 402 826 subditorum
430 764 614 825 nostrorum
645 779 683 827 ac
704 762 842 827 aliorum
863 760 1007 827 fidelium
1029 766 1103 827 vota
1134 760 1325 828 fauorabilia
1347 766 1380 826 et

113 875 272 939 instancia
293 891 418 939 necnon
441 873 543 939 eciam
566 873 792 957 obsequiorum
814 893 945 940 suorum
975 874 1261 956 promptitudinem
1284 874 1378 940 certi·

113 987 273 1053 rdinaliter
297 986 514 1067 vendicamus,
538 986 628 1053 vobis
651 988 812 1054 vniuersis
835 992 868 1053 et
891 989 1029 1070 singulis
1048 989 1230 1068 vestrisque
1253 1005 1378 1053 succes·

113 1099 209 1165 uibus
232 1100 268 1165 in
291 1099 409 1182 oppido
433 1118 491 1166 seu
514 1100 648 1167 ciuitate
669 1101 815 1183 predicta
837 1101 877 1167 de
900 1102 996 1168 solita
1019 1101 1194 1168 clemencia
1215 1100 1376 1181 largitatis

113 1219 191 1279 estre
213 1214 298 1278 hanc
320 1214 462 1295 graciam
493 1213 665 1294 specialem
694 1213 841 1296 facimus,
873 1214 1076 1282 concedimus
1100 1219 1133 1279 et
1154 1212 1266 1278 harum
1292 1213 1378 1278 litte-

113 1343 191 1391 arum
214 1328 301 1392 serie
322 1326 499 1392 liberaliter
529 1327 743 1410 indulgemus,
774 1333 808 1394 vt
830 1330 863 1394 in
887 1329 1023 1411 singulis
1056 1327 1242 1394 ciuitatibus
1266 1331 1298 1391 et
1319 1345 1377 1408 per

113 1439 229 1521 iugulas
253 1445 286 1505 et
303 1440 469 1505 uniuersas
493 1440 653 1522 ciuitates,
677 1442 805 1523 oppida,
828 1442 907 1522 loca,
931 1441 1026 1507 villas
1049 1445 1082 1507 et
1104 1445 1210 1506 castra
1225 1440 1377 1505 uniuersa

113 1553 227 1618 lomano
251 1554 386 1635 imperio
410 1572 467 1618 seu
490 1572 588 1636 reguo
612 1554 755 1622 subiecta
779 1574 837 1621 seu
853 1555 1023 1634 subiectas,
1047 1554 1236 1636 abicumque
1259 1552 1377 1619 consti·

113 1669 155 1729 ata
186 1685 246 1731 seu
280 1668 481 1748 constitutas,
516 1673 648 1734 cunetas
677 1687 730 1735 res
762 1687 819 1734 sen
841 1669 1038 1735 mercantias
1060 1673 1194 1747 vestras,
1227 1666 1311 1733 bona
1339 1685 1377 1730 ac

113 1780 411 1846 narcimouiasestra
434 1799 641 1865 quecumque,
665 1784 894 1866 cuiuscumque
915 1782 1064 1863 nominis,
1087 1787 1210 1861 natiue,
1238 1779 1375 1862 generis,

113 1893 206 1973 speciei
230 1913 288 1958 seu
311 1894 509 1961 condicionis
533 1896 682 1976 existant,
706 1897 776 1962 sine
787 1897 950 1961 solucione
966 1913 1024 1961 seu
1045 1894 1247 1976 prestatione
1269 1894 1376 1958 cuius-

113 2021 183 2082 quam
211 2006 353 2073 thelonei
376 2026 413 2072 ao
435 2008 565 2091 pedagii
588 2008 714 2090 ducere,
745 2007 883 2075 educere
904 2014 938 2074 et
958 2008 1120 2087 reducere,
1152 2025 1266 2085 emere,
1300 2025 1376 2071 veu-

113 2114 165 2183 lero
184 2126 216 2185 et
237 2127 420 2202 permutare
449 2128 483 2186 et
512 2122 692 2188 distrahere
726 2141 783 2188 seu
816 2123 958 2188 alienare
986 2140 1024 2187 ac
1054 2122 1155 2187 eciam
1185 2120 1226 2186 de
1255 2121 1376 2186 eisdem

113 2229 169 2296 alias
189 2233 360 2316 disponere
382 2254 420 2300 ac
441 2240 590 2319 tractare,
613 2242 767 2318 tanquam
783 2238 850 2301 veri
867 2237 1005 2318 exempti
1028 2235 1068 2300 ab
1083 2253 1179 2302 onere
1202 2234 1376 2300 solucionis

113 2341 297 2413 beomorum
331 2350 549 2431 predictorum
580 2352 706 2434 queatis
730 2356 762 2416 et
785 2350 920 2415 valeatis
954 2349 1132 2415 liberaliter
1160 2350 1290 2413 inantea
1318 2367 1376 2430 pro

113 2462 193 2522 lasne
207 2459 298 2526 libito
313 2462 499 2528 voluntatis.
523 2463 640 2529 Nullus
664 2481 739 2545 ergo
755 2463 914 2545 princeps,
941 2462 1043 2529 eciam
1066 2463 1094 2527 si
1116 2461 1218 2544 regali
1233 2461 1284 2526 vel
1299 2478 1376 2542 pon-

113 2564 199 2636 tifieali
225 2573 429 2657 prefulgeant
450 2576 618 2659 dignitate,
641 2578 812 2659 nullusque
834 2576 909 2657 dux,
926 2627 957 2641 ..
981 2576 1133 2656 marchio,
1151 2627 1179 2640 ..
1211 2592 1325 2655 comes,
1343 2626 1374 2638 ..

113 2674 176 2762 baro,
191 2737 219 2751 ..
242 2688 419 2754 aduocatos
442 2691 661 2773 prouincialis‚
692 2697 806 2773 rector,
831 2689 1001 2773 officiatus,
1028 2690 1155 2770 ciuitas,
1178 2689 1373 2754 uniuersitas

113 2807 155 2859 Seu
181 2803 397 2882 communitas,
433 2803 602 2886 collegium
631 2824 669 2870 ac
699 2805 763 2869 alia
796 2822 934 2886 persona
968 2802 1141 2886 singularis
1164 2819 1373 2884 quecumque,

113 2908 312 2997 ruirtscumque
336 2920 450 2994 status,
474 2917 709 2997 preeminencie
725 2918 774 2982 vel
791 2916 958 2999 dignitatis
976 2916 1102 2996 existat,
1127 2915 1240 2980 amodo
1256 2915 1375 2979 audeat

114 3024 150 3085 rel
166 3035 321 3106 presumat
351 3035 461 3094 contra
491 3031 650 3112 presentis
680 3033 894 3112 exempcionis
926 3031 997 3095 siue
1020 3029 1235 3095 concessionis
1267 3034 1376 3094 nostre

114 3139 224 3212 adalam
246 3161 266 3205 a
288 3142 382 3207 nobis
405 3129 565 3209 uniuersis
588 3149 645 3208 aut
666 3162 686 3207 a
709 3144 852 3225 quolibet
881 3144 1037 3225 singulari
1062 3142 1204 3208 ciuitatis
1231 3141 1375 3222 predicte

115 3253 263 3335 ratesque
286 3257 536 3339 successoribus
560 3263 594 3322 vt
615 3260 808 3339 premissum
831 3263 889 3339 est,
912 3258 1033 3324 directe
1055 3258 1106 3322 vel
1130 3256 1295 3336 indirecte,
1319 3274 1376 3337 pu-

116 3354 175 3428 blice
194 3370 239 3432 sel
258 3370 393 3449 occulte,
417 3389 474 3451 per
485 3390 529 3451 se,
552 3372 651 3436 alium
675 3371 725 3436 vel
748 3372 839 3451 alica,
864 3372 1020 3451 thelonea,
1044 3372 1231 3436 exactiones
1248 3370 1298 3433 vel
1321 3387 1375 3450 pe-

119 3469 186 3556 dagia
205 3483 341 3563 exigere,
365 3488 484 3564 petere,
507 3485 659 3565 recipere,
691 3485 803 3549 tollere
826 3489 881 3548 aut
904 3484 1085 3565 aliqualiter
1108 3489 1305 3563 extorquere.
1342 3480 1376 3544 Si

118 3587 284 3662 pulsantem
307 3595 525 3676 predictorum
537 3596 596 3662 hoe
618 3603 809 3678 attemptare
831 3599 1071 3678 presumpserit,
1088 3596 1248 3678 presentis
1268 3595 1376 3677 gracie

119 3708 196 3770 lesbo
226 3709 376 3789 pagiuam
407 3728 488 3774 ausu
518 3712 687 3776 temerario
719 3711 751 3774 in
781 3716 847 3775 toto
871 3711 922 3775 uel
945 3711 977 3774 iu
1001 3715 1091 3792 parte
1121 3710 1306 3791 aliqualiter
1328 3708 1376 3772 in·

117 3805 261 3900 tingendo,
278 3820 538 3902 indignacionem
553 3829 695 3889 nostram
711 3828 743 3888 et
759 3841 890 3905 gratlem
904 3823 1083 3887 maiestatis
1099 3828 1208 3888 nostre
1223 3820 1376 3887 offensam

115 3932 237 3998 aeciam
259 3952 377 4015 penam
401 3937 633 4019 quinquaginta
656 3938 808 4002 librarum
824 3938 894 4002 auri
910 3938 992 4019 puri,
1015 3956 1149 4019 quarum
1171 3937 1376 4002 medietatem

113 4032 166 4108 fisco
191 4047 360 4127 imperiali,
390 4048 547 4130 reliquam
569 4068 644 4116 vero
668 4051 757 4117 vobis
788 4051 894 4132 passis
922 4050 1003 4116 solui
1028 4050 1173 4116 volumus
1196 4052 1267 4132 ipso
1289 4050 1374 4115 facto

113 4157 130 4216 tt
146 4162 268 4245 tociens,
303 4165 456 4246 quociens
479 4164 660 4244 violouerit,
691 4165 723 4228 in
747 4165 856 4246 gracia
886 4170 996 4229 nostra
1028 4163 1152 4246 prefata
1186 4183 1221 4228 se
1250 4164 1377 4229 nouerit

113 4275 193 4339 trocul
215 4276 314 4342 dubio
337 4277 522 4343 incurrisse.
546 4277 583 4342 ln
600 4278 691 4344 cuius
714 4279 762 4342 rei
784 4278 1005 4344 testimonium
1028 4282 1193 4359 presentes
1217 4277 1375 4343 conscribi

113 4389 237 4454 tnostra
251 4390 341 4455 bulla
357 4409 455 4456 aurea
478 4392 634 4475 signoque
657 4397 813 4457 consueto
829 4392 984 4458 iussimus
1005 4388 1233 4472 communiri.¹)
1256 4392 1375 4456 Datum

113 4518 182 4583 pyro
201 4503 363 4569 dominice
384 4504 528 4585 proxima
548 4506 751 4570 antefestum
770 4505 856 4570 beati
872 4505 940 4570 Viti
955 4524 1038 4569 anno
1062 4505 1182 4571 domini
1204 4506 1374 4571 millesimo

115 4619 307 4683 erentesimo
330 4619 504 4698 tricesimo,
534 4620 625 4701 regni
648 4621 750 4684 nostri
774 4638 857 4684 anno
880 4624 968 4683 sexto
992 4618 1125 4699 decimo,
1150 4619 1277 4701 imperii
1300 4637 1374 4683 vero
