3098 5392
202 424 266 492 744
813 427 888 478 msa

201 633 362 718 quandam
391 634 519 699 literam
550 635 800 701 aserenissimo
831 634 992 717 quondam
1022 634 1153 715 Korde,
1184 634 1427 702 recordacionis
1457 633 1497 699 ie

199 749 272 815 licis
309 748 526 813 Romanorum
557 747 753 829 imperatore
784 754 817 815 et
847 737 980 815 Boemia
1009 766 1095 830 rege,
1130 749 1277 830 genitore
1309 753 1423 817 nostro
1451 766 1497 813 ca·

198 862 340 942 rissimo,
372 879 469 942 super
498 879 610 926 eorum
635 861 775 942 juribus,
809 864 939 950 graciis,
971 860 1176 927 libertatibus
1207 865 1241 926 et
1271 863 1421 945 antiquis
1450 861 1497 927 ob

199 975 338 1040 seruatis
361 973 517 1040 hactenus
541 974 829 1040 consuetudinibus
847 975 1001 1041 traditam
1020 979 1053 1040 et
1068 962 1265 1056 concessam,
1289 992 1418 1042 necnon
1439 975 1497 1040 alia

199 1087 327 1170 singula
350 1087 495 1170 ipsorum
518 1088 693 1170 priuilegia
715 1123 758 1134 -
780 1088 821 1154 ab
843 1088 956 1154 eodem
987 1089 1133 1170 genitore
1158 1093 1269 1153 nostro
1301 1093 1336 1153 et
1366 1088 1407 1154 ab
1430 1089 1496 1154 aliis

199 1200 319 1266 nostris
348 1199 633 1283 predecessoribus
665 1199 741 1266 data
770 1235 814 1247 -
843 1198 1032 1266 confirmare
1062 1200 1243 1283 graciosius
1280 1200 1496 1283 dignaremur.

198 1312 322 1378 Littera
352 1332 428 1379 vero
458 1318 552 1379 tenor
584 1314 731 1395 sequitur
761 1313 795 1378 in
818 1313 877 1379 hec
899 1313 1013 1379 verba:
1045 1314 1186 1380 Karalus
1208 1319 1269 1380 etc.
1310 1313 1496 1398 (Ndsleduje

198 1426 293 1491 rndnl
315 1427 394 1493 listu
417 1426 507 1491 lrrtle
531 1426 631 1491 Karla
644 1425 699 1491 IV.
723 1425 753 1490 d.
770 1445 790 1489 r
807 1426 908 1492 Prone
930 1427 993 1492 dne
1015 1426 1249 1509 relictorum
1267 1427 1354 1490 1352
1371 1426 1398 1492 d.
1414 1425 1495 1490 337¹.

197 1539 228 1604 N
230 1559 266 1606 os
289 1559 365 1605 vero
388 1576 429 1585 —
452 1540 594 1605 litteram
616 1539 794 1622 predictam
810 1576 851 1585 —
868 1558 992 1606 necnon
1016 1545 1049 1605 et
1071 1546 1179 1606 cetera
1201 1540 1334 1622 singula
1356 1539 1494 1622 ipsorum

197 1653 381 1735 priuilegia,
412 1653 538 1735 gracias
570 1658 603 1719 et
632 1652 826 1735 approbatas
857 1652 1109 1719 consuetudines
1133 1687 1173 1698 -
1197 1651 1437 1719 confirmamus.
1458 1686 1494 1696 -

198 1766 318 1831 Datum
341 1766 444 1849 Prage
466 1786 550 1833 anno
583 1766 704 1833 domini
737 1766 981 1832 trecentessimo
1014 1766 1233 1848 octuagesimo
1264 1766 1420 1846 secundo,
1449 1765 1494 1830 die

197 1877 272 1944 XVa
293 1881 413 1946 mensis
436 1880 562 1961 Marcii,
593 1899 764 1962 regnorum
788 1886 970 1945 nostrorum
994 1899 1078 1944 anno
1100 1880 1235 1945 Boemie
1256 1877 1360 1960 X1X⁰,
1386 1879 1493 1946 Roma·

197 2011 311 2059 norum
334 2011 410 2059 vero
437 1998 537 2059 serto.

642 2181 706 2264 [Na
728 2181 846 2265 chbu:]
870 2183 932 2249 Per
955 2183 1120 2248 dominum
1142 2182 1321 2250 Henricum
1344 2183 1386 2249 de
1408 2182 1494 2249 Duba

992 2297 1155 2362 Martinus
1178 2296 1384 2363 scolasticus.

301 2484 380 2580 Oripg.v
396 2499 471 2554 perg.
489 2503 505 2538 v
523 2483 635 2540 archivo
654 2501 689 2541 m.
709 2484 806 2539 Lokte.
832 2484 851 2538 S
869 2485 960 2554 pllrnd
984 2484 1161 2539 zachoranou
1188 2483 1288 2554 pedeti.
1316 2486 1409 2556 Kopie
1426 2504 1442 2540 r
1459 2483 1492 2538 di·

198 2582 345 2653 plomattii
363 2580 490 2636 Oeslreho
509 2595 613 2634 musea.

771 2836 826 2945 bs
858 2853 932 2918 oar.

569 3041 670 3121 1382,
695 3043 739 3110 15
762 3044 914 3110 bienna.
938 3042 970 3110 V
995 3044 1123 3111 l’razc.

197 3260 285 3327 Krot
316 3260 429 3326 Vdclao
451 3261 506 3324 IV
520 3263 685 3344 potvrruje
714 3262 893 3326 mdttundm
923 3283 944 3325 u
966 3262 1162 3343 obyaateldm
1191 3266 1294 3327 mdstu
1326 3263 1496 3328 lonclare

196 3396 240 3438 na
272 3374 383 3440 iddost
406 3374 560 3456 probosta
598 3373 852 3455 l'pdebrodskc'do
892 3375 1010 3440 l'a'lcbnu
1032 3396 1050 3440 s
1071 3376 1271 3442 Laads'tcs'nu
1303 3375 1497 3443 coclrdnce

191 3489 388 3570 probodtstcs‘
424 3487 679 3570 lpdebrudskddo
702 3489 874 3554 linariolas
904 3491 1035 3554 sDabc‘
1058 3490 1177 3573 prorsa,
1210 3489 1302 3556 klerd
1327 3492 1393 3575 ja'm
1423 3512 1495 3574 pro·

196 3602 317 3667 bodtoue'
347 3601 554 3684 Vps'edruds'tt
573 3602 696 3676 coctili,
719 3603 839 3668 actdstd
858 3607 892 3668 de
913 3606 995 3687 esaje
1013 3606 1135 3670 radicati
1156 3603 1262 3689 apetie
1277 3604 1365 3688 pra'v
1389 3627 1412 3670 a
1425 3607 1494 3688 oby-

195 3717 271 3798 dejci,
287 3714 366 3798 juko
396 3716 554 3796 obyvalete'
583 3715 791 3802 krdlocskpicd
821 3721 910 3792 orest,
943 3719 1081 3801 sejncc'nu
1112 3717 1245 3785 Sturdbo
1270 3723 1375 3784 nodata
1398 3721 1497 3786 Prud-

195 3830 287 3896 stetu
310 3853 332 3894 a
354 3829 464 3910 Ibsku,
489 3853 510 3895 a
531 3833 565 3896 de
586 3831 699 3896 orobos
721 3853 737 3896 o
762 3833 846 3896 sr'cm
868 3832 1008 3916 majctdrr
1029 3853 1073 3898 aa
1095 3833 1267 3899 smrtcdtnt
1293 3833 1415 3915 postoli
1441 3854 1498 3916 ps

775 3946 918 4013 disereti.

299 4151 509 4219 wenceslaus
540 4153 593 4218 dei
627 4154 737 4235 gracia
767 4155 984 4221 Romanorum
1016 4175 1073 4221 rex
1107 4174 1233 4238 semper
1266 4162 1429 4239 augustus
1462 4166 1496 4224 et

195 4264 328 4330 Boemie
343 4285 408 4332 rer.
425 4267 454 4331 N
457 4272 544 4332 otum
560 4267 697 4333 facimus
713 4274 825 4333 tenore
840 4271 1044 4351 presencium
1056 4269 1226 4349 uniuersis,
1238 4269 1325 4352 quod
1337 4271 1499 4338 accedens

195 4384 304 4444 nostre
334 4381 513 4445 maiestatis
543 4382 744 4462 presenciam
781 4382 973 4448 venerabilis
997 4380 1188 4448 Wilhalmus
1218 4382 1259 4446 de
1296 4382 1498 4463 Landstein‚

195 4492 378 4573 prepositus
401 4492 689 4575 wissegradensis,
723 4496 873 4577 princeps
907 4501 940 4561 et
970 4496 1108 4561 deuotus
1138 4501 1248 4560 noster
1277 4495 1432 4580 dilectus,
1466 4507 1501 4564 st

195 4623 267 4669 cum
290 4623 328 4668 eo
352 4606 469 4670 nobilis
493 4607 653 4672 Henricus
684 4609 724 4673 da
748 4609 851 4691 uota,
882 4608 989 4674 fidelis
1021 4614 1132 4673 noster
1161 4608 1311 4689 dilectus,
1341 4616 1501 4695 tanquam
