3098 5392
666 455 742 505 rasa.
1275 426 1338 518 idi)

105 680 166 727 rere
195 661 335 726 debeant
362 667 394 727 et
422 664 568 744 recipere
590 681 648 745 per
679 664 799 729 dictam
830 662 996 728 ciuitatem
1020 662 1196 727 Misensem
1219 669 1253 728 et
1276 682 1338 729 non

105 776 124 840 i.
150 774 327 841 Vicouersa
349 795 476 858 quoque
498 775 539 841 dc
573 776 761 842 ciuitatibus
785 775 949 859 pragensi,
982 774 1145 841 Pilsnensi
1178 782 1211 841 et
1232 776 1339 859 Nepo-

105 889 183 955 zensi
216 907 328 955 versus
351 889 514 969 predictas
537 891 689 957 ciuitates
713 910 785 957 cum
816 891 954 972 singulis
983 888 1211 970 mercimoniis,
1242 889 1339 957 rebus

105 1004 195 1083 ionia,
226 1002 403 1085 pecudibus
426 1008 459 1069 et
481 1003 651 1086 pecoribus
674 1023 731 1086 per
754 1004 889 1069 eandem
919 1003 1085 1069 ciuitatem
1108 1002 1285 1068 Misensem
1307 1008 1340 1069 et

135 1116 214 1181 aiibi
246 1122 415 1182 transeant
448 1117 762 1184 contradiccionibus
797 1123 830 1183 et
867 1117 1105 1199 impedimentis
1141 1116 1340 1197 quibuslibet

105 1229 150 1294 :ul
173 1230 280 1295 motis.
312 1229 468 1296 Volumus
492 1237 599 1296 tamen
622 1248 680 1313 per
702 1231 887 1296 huiusmodi
910 1229 1082 1295 transitum
1104 1230 1284 1295 theoloneis
1307 1235 1340 1295 et

105 1342 252 1408 ductibus
275 1344 395 1409 nostris
419 1348 452 1409 et
475 1362 697 1410 suceessorum
719 1349 902 1409 nostrorum
917 1362 1030 1425 regum
1045 1342 1201 1408 Bobemie
1215 1345 1340 1408 nullum

104 1456 170 1521 itus
186 1456 401 1538 preiudicium
415 1457 573 1538 generari.
598 1458 783 1523 Inhibemus
800 1459 900 1539 igitur
915 1456 1077 1522 uniuersis
1094 1456 1337 1536 mercatoribus,

105 1570 223 1635 :oribus
247 1574 279 1634 et
301 1571 424 1652 aurigis
448 1570 480 1635 in
506 1572 653 1636 curribus
677 1590 734 1637 seu
757 1569 842 1653 bigis
864 1589 917 1636 res
941 1576 973 1635 et
996 1588 1119 1635 merces
1134 1569 1221 1636 dicto
1245 1570 1339 1636 modo

105 1682 258 1746 rentibus
282 1687 315 1747 et
345 1700 462 1764 pecora
491 1700 549 1747 seu
579 1683 721 1765 pecudes
751 1684 945 1765 pellentibus
969 1683 1010 1748 de
1039 1683 1194 1765 predictis
1224 1683 1339 1749 ciuita-

105 1815 125 1859 s
157 1795 313 1878 usquein
337 1796 474 1877 Pragam
497 1802 530 1861 et
553 1814 571 1861 e
594 1815 759 1876 conuerso,
793 1816 834 1861 ne
863 1806 937 1877 post
968 1796 1173 1877 presencium
1195 1795 1338 1878 publica-

105 1926 164 1973 rem
187 1909 220 1972 in
244 1908 402 1990 predictis
425 1907 563 1974 fiendam
585 1911 666 1976 locis
689 1910 777 1990 alibi,
800 1928 896 1991 quam
918 1928 976 1991 per
998 1909 1156 1992 prefatam
1172 1909 1338 1974 ciuitatem

106 2040 217 2087 ensem
251 2022 373 2087 directo
407 2021 537 2086 tramite
571 2022 711 2087 transire
745 2021 883 2086 debeant
915 2019 975 2105 [et]
1009 2027 1205 2103 presumant,
1242 2028 1338 2104 prout

105 2154 186 2199 uum
209 2134 362 2216 periculis
385 2139 418 2198 et
441 2134 618 2200 incomodis
649 2152 706 2215 per
738 2135 1054 2215 impigneracionem,
1084 2133 1284 2201 oblacionem
1306 2141 1339 2200 et

105 2249 291 2314 stacionem
312 2266 421 2313 rerum
445 2265 576 2312 suarum
599 2246 800 2313 othonorum
815 2248 976 2313 voluerint
990 2248 1124 2313 euitare.
1146 2247 1338 2313 Mandemus

105 2383 140 2427 nr
173 2361 358 2444 burgrauiis
392 2361 513 2426 nostris
543 2361 577 2425 in
600 2361 700 2426 Tusta
732 2367 764 2425 et
793 2359 974 2442 Pirimberg
1008 2379 1131 2426 necnon
1161 2360 1337 2443 jndicibus,

105 2475 204 2553 :istrie
227 2475 358 2553 ciuium,
395 2473 581 2539 consulibus
604 2479 637 2539 et
654 2473 774 2556 juratis
797 2474 1015 2555 predictarum
1047 2474 1227 2554 ciuitatum,
1260 2473 1338 2539 fide-

108 2608 122 2654 s
146 2567 267 2654 uostris
290 2587 428 2668 dilectis,
452 2587 587 2652 tirmiter
610 2593 643 2652 et
665 2587 822 2669 districto,
848 2594 1007 2668 quatenus
1030 2590 1204 2653 transitum
1226 2587 1338 2653 huius·

105 2701 124 2765 ti
158 2720 216 2783 per
249 2700 427 2767 Misensem
457 2701 624 2766 ciuitatem
656 2700 849 2781 iaciendum,
885 2706 920 2765 vt
953 2703 1160 2782 premittitur,
1194 2702 1227 2766 in
1258 2702 1338 2768 locis

105 2835 150 2880 un
173 2814 279 2879 solitis
302 2816 493 2896 proclamari
525 2815 699 2897 disponant
728 2819 762 2880 et
784 2814 928 2882 efficiant
950 2814 1087 2896 publice,
1119 2814 1338 2897 predictisque

105 2929 160 2993 tris
185 2926 311 2994 ciuibus
335 2927 535 2993 Misensibus
558 2927 599 2992 ad
623 2928 838 2994 cohercendos
854 2934 886 2993 et
905 2927 1085 3009 puniendos
1102 2932 1337 3008 contemptores

105 3042 195 3106 usibus
229 3042 396 3106 memorati
432 3042 590 3105 assistant
624 3041 961 3122 impigneracionibus,
996 3040 1271 3107 arrestacionibus
1305 3048 1339 3107 et

105 3175 114 3219 r
138 3154 280 3236 cannitiis,
304 3156 369 3220 viis
393 3160 425 3220 et
440 3155 593 3221 remediis
609 3156 787 3237 oportunis,
810 3161 906 3237 prout
920 3156 1180 3237 indignacionem
1195 3161 1336 3221 nostram

105 3269 267 3334 nissimam
291 3270 452 3335 voluerint
475 3269 607 3334 euitare.
632 3270 837 3335 Presencium
854 3270 913 3335 sub
928 3271 1018 3351 regie
1034 3275 1142 3335 nostre
1157 3269 1337 3336 maiestatis

104 3383 147 3448 llo
170 3382 356 3449 testimonio
380 3384 555 3448 literarum.
597 3385 717 3449 Datum
739 3383 889 3448 Budueis
912 3402 997 3447 anno
1020 3381 1142 3447 domini
1164 3383 1336 3448 millesimo

107 3495 264 3560 entesimo
281 3497 499 3579 octuagesimo
516 3497 667 3576 secundo,
691 3495 873 3560 indiccione
895 3496 1017 3577 quinta,
1041 3495 1095 3561 die
1110 3501 1200 3561 sexto
1216 3497 1337 3561 mensis

105 3608 245 3689 tembris,
268 3628 441 3692 regnorum
463 3615 646 3675 nostrorum
669 3627 752 3673 anno
775 3609 908 3674 Boemio
931 3610 1095 3690 vicesimo,
1118 3609 1336 3674 Romanorum

105 3722 284 3803 ›septimo

429 3884 491 3974 [Na
515 3887 629 3971 olrbuz]
653 3888 715 3952 Per
738 3888 902 3954 domiuum
925 3888 1115 3954 Thiuronem
1139 3888 1180 3953 do
1205 3887 1335 3955 Coldicz

807 4002 968 4067 Martinus
993 4002 1191 4067 scolasticus.

141 4166 205 4249 [Na
228 4165 348 4250 rubu:]
372 4167 408 4231 It.
434 4130 574 4233 dacobus
600 4168 641 4232 de
666 4166 816 4232 Cromsir.

141 4355 519 4425 Origperg.va1·obivum.
539 4356 652 4411 Stiibra.
680 4354 763 4410 Podet
781 4358 905 4410 rabiens.
933 4356 1022 4426 liopie
1041 4374 1057 4409 v
1076 4356 1251 4426 diplonrata'ii
1279 4372 1335 4410 mu-

105 4455 144 4505 snr.
165 4481 196 4489 -
223 4451 321 4518 Petrei,
347 4452 615 4520 Lobeusgeschiobte
635 4452 683 4506 dus
703 4452 734 4505 Κ.
754 4451 963 4506 Wenncuslaus.
987 4451 1166 4506 Urkundenb.
1189 4451 1229 4505 N⁰
1250 4450 1338 4507 XXX·

105 4548 143 4601 ist
162 4547 290 4615 stejueho
310 4550 391 4600 zuoni
408 4564 441 4599 ve
460 4547 546 4601 formd
566 4547 696 4601 ruauddtu
716 4564 728 4600 s
748 4548 926 4616 vynechztnim
946 4547 1095 4616 ubkterp'ch
1109 4550 1155 4601 ret
1173 4548 1218 4617 byl
1230 4548 1335 4602 krdlem

106 4658 185 4699 arem
203 4641 241 4696 lv
260 4642 330 4696 ιέΙιοΞ
355 4645 405 4695 dire
423 4641 478 4696 dtu
505 4644 548 4696 ted
575 4642 726 4708 „universis
751 4651 778 4697 et
801 4642 916 4713 singulis
943 4642 1096 4699 oficialibus
1120 4650 1147 4698 et
1165 4643 1336 4713 burggrauiis
