3150 5378
666 416 756 475 .¹40⁰·
1289 417 1352 482 939

40 643 163 692 sorum
186 627 394 710 pragensium
417 645 532 693 census
554 629 655 694 annui
679 628 809 695 valeant
831 626 1011 707 comparari
1034 644 1092 692 seu
1115 625 1197 693 alias
1213 627 1254 694 ad
1267 629 1352 695 idem

40 741 215 822 hospitale
247 741 425 808 donacione
462 741 588 823 piorum
622 741 787 809 bominum
821 739 979 822 deputari,
1014 759 1149 825 cumque
1182 762 1239 825 pro
1264 742 1350 811 dicto

43 855 206 936 hospitali
239 856 357 923 dilecte
387 855 480 922 nobis
514 855 703 938 Katberina,
737 855 851 921 relicta
882 853 986 920 Otlini
1020 855 1103 921 ciuis
1126 856 1289 938 Zacensis,
1321 864 1353 923 et

46 966 159 1048 Clara,
195 970 389 1035 conthoralis
423 967 582 1035 Johannis
616 968 828 1050 Rothnetlini,
865 967 965 1034 veluti
1001 968 1145 1034 eiusdem
1180 970 1351 1053 hospitalis

46 1082 195 1149 secunde
210 1082 419 1164 fundatrices,
443 1084 566 1150 curiam
588 1082 717 1149 Nicolai
739 1081 933 1148 Mednsslini
965 1100 1022 1164 per
1046 1101 1100 1147 eos
1134 1089 1351 1165 comparatam

47 1214 127 1261 cum
149 1196 329 1262 hereditate
353 1202 429 1263 ante
451 1197 617 1263 ciuitatem
644 1198 839 1263 Zaczensern
862 1196 959 1261 sitam
983 1214 1054 1262 cum
1077 1197 1176 1279 agris,
1200 1197 1296 1263 cultis
1319 1203 1352 1263 et

48 1308 196 1383 incultis,
230 1309 351 1391 pratis,
385 1309 516 1391 pascuis
546 1313 580 1375 et
608 1309 819 1391 pertinenciis
850 1308 1022 1389 uniuersis,
1057 1309 1134 1375 item
1165 1310 1288 1375 curiam
1317 1311 1351 1376 in

47 1421 184 1488 Kozlow
206 1442 277 1490 cnm
293 1425 443 1504 araturis,
466 1423 564 1506 agris,
587 1422 783 1504 nemoribus,
807 1424 920 1507 pratis,
945 1423 1073 1505 pascuis
1090 1427 1123 1488 et
1138 1423 1350 1505 pertinenciis

49 1536 228 1617 uniuersis,
263 1555 388 1604 necnon
421 1537 454 1602 in
485 1537 563 1602 villa
593 1537 745 1605 Zeuslicz
776 1538 887 1604 decem
915 1556 1091 1622 sexagenas
1115 1555 1230 1604 census
1253 1538 1353 1602 annui

49 1656 86 1714 et
109 1650 258 1732 perpetui
281 1669 353 1716 cnm
375 1650 522 1732 annonis,
545 1650 654 1731 pullis,
677 1651 814 1734 agnellis
837 1656 870 1716 et
891 1651 982 1717 ancis
1004 1650 1045 1717 ad
1069 1652 1198 1717 eosdem
1236 1670 1350 1717 census

50 1762 303 1845 pertinentibus,
337 1768 370 1829 et
399 1764 433 1829 in
456 1763 535 1829 villa
556 1763 691 1848 Strnpcn
720 1764 889 1832 duodecim
913 1783 1089 1848 sexagenas
1113 1784 1229 1832 census
1252 1767 1351 1831 annni

49 1884 86 1945 et
117 1880 264 1961 perpetui
298 1897 357 1961 pro
388 1897 520 1944 suarum
549 1879 731 1946 animarum
760 1879 903 1945 remedio
935 1878 1021 1944 dicto
1052 1879 1206 1961 hospitali
1239 1885 1272 1945 et
1293 1898 1351 1962 pro

49 1992 165 2059 rsibus
195 1990 394 2059 infirmorum
426 1992 546 2059 ibidem
577 1992 841 2061 decumbencinm
871 1993 973 2059 libere
1002 1992 1151 2059 dederint
1188 1999 1221 2059 et
1253 1994 1351 2060 dona·

49 2105 163 2172 norint
196 2111 230 2170 et
262 2105 509 2189 deputanerint:
545 2106 665 2174 idcirco
695 2126 756 2174 nos
785 2106 980 2174 auctoritate
1001 2106 1093 2189 regia
1122 2107 1255 2173 Boemie
1280 2126 1352 2190 pre·

49 2221 155 2286 missa
177 2224 210 2285 et
232 2219 273 2286 de
295 2225 384 2287 certa
410 2225 521 2286 nostra
544 2221 686 2289 sciencia
708 2221 813 2288 dictas
836 2222 954 2302 curias,
977 2227 1043 2287 tam
1066 2221 1099 2287 in
1114 2239 1177 2305 qua
1192 2221 1354 2303 hospitale

48 2332 223 2398 fundatum
245 2339 304 2414 est,
335 2353 432 2416 qnam
455 2335 559 2402 eciam
580 2335 664 2401 alias
687 2335 795 2402 curias
817 2335 1015 2418 prescriptos
1050 2354 1122 2401 cnm
1147 2335 1297 2402 censibus
1320 2341 1353 2400 et

49 2447 265 2530 pertinenciis
289 2447 452 2514 uniuersis
474 2467 532 2530 pro
555 2447 667 2514 vribus
690 2445 900 2530 infirmorum,
932 2449 1157 2515 ministrorum
1179 2454 1212 2515 et
1233 2449 1352 2531 degen-

49 2561 141 2627 cinm
171 2560 381 2644 inhospitali
410 2560 523 2628 eodem
545 2562 801 2645 appropriamus,
831 2563 1078 2644 innisceramus,
1109 2563 1351 2646 incorporamus

49 2680 86 2741 at
116 2676 319 2741 annectimus
352 2683 385 2742 et
416 2677 543 2743 unimus
575 2677 623 2744 sic
653 2676 815 2758 videlicet,
850 2676 935 2759 quod
958 2676 1118 2744 dictorum
1140 2676 1296 2743 bonorum
1319 2682 1352 2743 et

49 2807 210 2855 censuum
244 2789 430 2856 usufructus
461 2789 503 2856 ad
533 2789 656 2857 dictum
687 2790 848 2873 hospitale
880 2809 1004 2857 necnon
1036 2810 1094 2872 pro
1122 2790 1233 2857 ssibus
1263 2789 1351 2856 infir-

48 2921 179 2969 morum
210 2907 242 2968 et
271 2886 492 2969 ministrorum
524 2903 628 2985 ipsius
658 2904 823 2986 perpetuis
854 2903 992 2970 debeant
1021 2904 1220 2986 temporibus
1251 2903 1351 2970 libere

49 3017 226 3099 pertinere.
271 3016 489 3083 Decementes
523 3017 636 3098 eciam,
671 3018 758 3099 qnod
788 3017 974 3099 capellanus
1005 3017 1149 3083 eiusdem
1180 3018 1352 3099 hospitalis

49 3130 176 3195 ibidem
206 3131 292 3196 circa
321 3130 482 3213 hospitale
512 3129 627 3197 debeat
658 3132 872 3214 personaliter
897 3130 1050 3211 residere,
1074 3131 1196 3196 nullius
1220 3149 1352 3196 excusa·

49 3243 159 3310 aionis
182 3243 382 3327 subterfugio
406 3244 646 3327 quomodolibet
667 3245 851 3312 adiuuento.
886 3245 1023 3327 Insuper
1038 3245 1255 3311 erreccionem
1271 3244 1350 3310 dicti

49 3358 226 3439 bospitalis
249 3376 307 3439 per
335 3358 533 3425 ordinarium
556 3359 674 3425 factam
704 3379 762 3442 per
784 3362 932 3441 patentes
954 3359 1076 3439 literas,
1100 3357 1252 3424 videlicet
1274 3357 1352 3422 Pra-

50 3471 166 3554 gensis
199 3472 447 3553 archiepiscopi,
478 3473 519 3538 de
553 3479 641 3538 certa
677 3478 789 3539 nostra
823 3471 965 3539 sciencia
997 3471 1202 3554 presentibus
1239 3469 1353 3537 contir-

52 3603 189 3651 mamns.
213 3584 370 3652 Volumus
394 3587 506 3666 eciam,
529 3586 614 3669 quod
629 3585 709 3653 dicti
733 3604 859 3666 census,
882 3585 1036 3652 videlicet
1058 3586 1168 3652 decem
1191 3603 1352 3667 sexagena

51 3706 86 3764 et
109 3698 279 3765 duodecim
310 3718 469 3782 sexagene
499 3706 531 3766 et
557 3706 624 3767 tres
647 3717 811 3783 sexagena
833 3719 1018 3783 grossorum
1041 3718 1156 3765 census
1180 3699 1351 3782 prescripti

51 3819 86 3876 ct
109 3811 226 3894 viginti
250 3812 407 3879 duntaxat
429 3814 536 3896 grossi
558 3814 599 3879 de
621 3832 721 3880 censu
743 3819 853 3879 nostro
877 3820 1005 3881 centum
1027 3819 1061 3879 et
1078 3813 1196 3895 viginti
1220 3831 1352 3894 senago·-

52 3944 169 3991 nnrum
199 3944 315 3991 census
346 3928 493 4008 perpetui
524 3927 732 3994 emendarum
760 3947 819 4010 pro
848 3927 1001 4009 hospitali
1032 3926 1170 3993 debeant
1197 3926 1350 3993 defaloari

53 4045 87 4104 et
118 4039 207 4104 curie
240 4043 420 4122 prescripto
454 4042 518 4123 ipsi
552 4042 706 4124 hospitali
736 4049 827 4107 extra
857 4048 974 4108 sortem
1009 4041 1193 4107 huiusmodi
1228 4060 1351 4107 summe

52 4152 194 4218 debeant
217 4154 383 4236 perpetuis
406 4154 604 4237 temporibus
627 4173 802 4235 remanere,
825 4154 871 4219 ita
893 4161 1009 4233 tamen,
1032 4153 1117 4239 quod
1140 4155 1268 4221 ciuitati
1291 4155 1351 4220 Za-

52 4267 144 4335 censi
177 4267 210 4331 in
243 4266 538 4335 contribucionibus
575 4268 614 4334 de
644 4268 741 4335 dictis
771 4269 870 4334 curiis
900 4273 938 4333 et
968 4267 1117 4334 censibus
1147 4267 1187 4333 ab
1217 4269 1350 4351 antiquo

52 4382 139 4448 solui
155 4382 261 4448 solitis
277 4387 310 4447 et
325 4383 487 4448 consuetis
511 4383 694 4448 nullatenus
718 4381 898 4464 derogetur,
912 4418 953 4427 -·
968 4382 1086 4447 ilatum
1102 4381 1243 4447 Mendici
1266 4401 1349 4448 anno

52 4497 178 4567 domini
195 4495 366 4563 millesimo
379 4497 706 4581 quadringentesimo,
719 4495 908 4562 diedecima
924 4497 1062 4578 septima
1074 4495 1194 4562 mensis
1206 4495 1349 4578 Septem-
