3150 5378
737 414 813 467 reno.
1375 417 1435 484 167

133 618 255 686 labem
279 641 302 683 a
325 619 436 704 slibtpc
457 623 634 688 medicatos
655 621 757 688 toleto
771 626 883 698 mesta,
904 623 939 688 lc
951 621 1016 705 jim
1031 620 1130 688 eloco
1145 623 1338 705 pleiotenim
1360 630 1435 709 spil-

132 732 271 797 sedenos
292 731 438 799 saprade
457 734 606 812 (11110110,
621 734 683 819 jak
699 736 815 801 rodose
828 734 903 819 jehu
925 733 1097 818 Moluoslp'
1120 735 1300 820 arctoislup
1324 740 1400 804 Pctr
1415 762 1436 804 a

133 845 269 911 Bcrtold
279 844 379 911 arcuo
391 867 410 911 a
420 846 626 913 Hmmoerlu
636 848 792 925 uslausei,
808 847 880 914 daie
890 848 924 913 ic
937 846 1070 930 oiechny
1081 846 1198 930 statkp,
1210 846 1295 915 ktcrc'
1305 848 1326 914 k
1335 855 1437 917 oreste

133 958 264 1041 druhdy
279 960 466 1042 pr'isluielp
499 981 572 1026 sose
593 959 721 1026 locoru
747 959 944 1044 pr'r'aaerdti,
967 983 989 1025 a
1010 963 1044 1025 dc
1069 961 1173 1044 zajate‘
1202 963 1436 1046 spoleemddtaop

580 1073 649 1157 jicio
670 1094 705 1139 ac
725 1075 822 1157 sajeti
836 1074 994 1156 proposit.

239 1213 308 1278 Nos
332 1213 496 1279 Johannes
519 1213 571 1279 dei
594 1215 703 1297 gracia
725 1213 858 1280 Boemie
880 1218 913 1279 et
935 1213 1067 1279 Polonie
1093 1233 1160 1294 rer,
1191 1217 1274 1281 sacri
1306 1216 1433 1300 imperii

134 1327 215 1392 citra
244 1334 371 1394 montes
403 1329 543 1394 vicarius
574 1330 735 1411 generalis
764 1348 802 1396 ac
833 1347 939 1395 comes
968 1328 1288 1412 Luczemburgensis,
1324 1334 1433 1396 notum

137 1439 273 1505 iacimus
297 1441 460 1506 vniuersis
482 1447 648 1523 presentes
664 1443 776 1508 literas
791 1443 996 1525 inspecturis,
1018 1440 1113 1526 qnod,
1135 1442 1211 1525 quia
1234 1460 1273 1507 ex
1294 1441 1434 1525 quadam

135 1552 370 1636 indignatione,
395 1572 490 1635 quam
512 1573 577 1621 non
600 1556 670 1621 sine
693 1573 792 1622 causa
813 1561 925 1623 contra
955 1555 1045 1621 ciues
1072 1555 1217 1620 ciuitatis
1239 1561 1349 1621 nostre
1372 1555 1432 1624 Oo-

136 1665 218 1731 lonie
240 1685 340 1749 supra
363 1667 464 1732 Albec
488 1687 747 1752 conceperamus,
773 1667 980 1751 deposicione
1010 1668 1163 1734 mercium
1186 1672 1220 1733 et
1240 1687 1349 1734 rerum
1379 1688 1432 1735 ve·

138 1781 271 1861 nulium,
295 1799 359 1862 qne
381 1779 527 1864 niderlag
550 1783 726 1865 vulgariter
740 1780 870 1864 dicitur,
893 1787 1009 1865 etque
1031 1783 1065 1848 in
1086 1783 1159 1866 ipsa
1174 1782 1308 1848 ciuitate
1322 1782 1432 1849 habita

138 1900 181 1958 est
202 1900 237 1959 et
258 1895 429 1960 consueuit
450 1895 562 1960 haberi
584 1896 701 1977 priscis
723 1895 933 1977 temporibus,
958 1896 1124 1962 ciuitatem
1146 1893 1326 1962 eandemet
1341 1896 1430 1962 ciues

139 2006 336 2085 priuauimus
365 2012 399 2071 et
426 2026 497 2073 eam
527 2009 561 2073 in
583 2007 805 2091 Numburgam
831 2027 929 2091 snper
950 2008 1061 2088 Albea,
1096 2015 1130 2074 vt
1163 2007 1283 2074 ibidem
1305 2029 1325 2073 a
1347 2009 1430 2076 festo

140 2117 257 2184 Pasohe
279 2117 418 2186 affuturo
440 2121 585 2203 proxime
606 2121 648 2185 ad
670 2140 767 2186 mum
797 2139 917 2186 aunum
946 2125 1062 2186 extunc
1092 2119 1325 2186 numerandum
1356 2141 1429 2187 con·

138 2233 221 2297 linue
250 2251 325 2298 esse
356 2233 480 2314 debeat
513 2234 749 2315 transtulimus,
771 2234 998 2316 promittimus,
1032 2233 1118 2316 qnod
1148 2234 1176 2299 si
1207 2234 1267 2300 hoc
1292 2235 1333 2300 de
1356 2254 1430 2301 con·

139 2361 228 2411 sensu
250 2347 373 2411 ciuium
394 2345 689 2429 Numburgensium
712 2365 785 2413 esse
805 2347 935 2429 poterit,
957 2348 1062 2430 ipsam
1084 2346 1325 2429 deposicionem
1346 2368 1428 2414 mer·

139 2459 224 2541 cinm,
248 2460 507 2542 quamprimum
529 2479 654 2526 exnunc
684 2461 871 2543 poterimus,
902 2465 959 2526 aut
981 2461 1010 2526 si
1032 2465 1109 2527 ante
1129 2459 1226 2527 finem
1248 2462 1327 2528 dicti
1351 2463 1429 2529 anni
1528 2498 1531 2504 ·

139 2569 189 2638 loc
210 2593 276 2639 non
298 2592 467 2655 possemus
489 2573 626 2654 efficere,
649 2578 727 2639 tuuc
748 2572 840 2639 finito
866 2592 950 2639 anno
981 2574 1052 2657 ipso
1084 2574 1323 2657 depositionem
1352 2594 1428 2662 ean·

139 2685 201 2752 deur
222 2687 265 2752 de
287 2686 477 2769 Nnmburga
490 2686 758 2752 retransferemus
780 2687 815 2752 in
831 2685 997 2752 Coloniam
1020 2688 1136 2753 iterato
1159 2693 1192 2753 et
1214 2707 1346 2755 censum
1368 2707 1426 2754 sen

139 2800 302 2866 utilitatem
335 2817 419 2865 auno
452 2801 597 2883 predicto
631 2799 672 2865 de
701 2800 909 2883 deposicione
942 2800 1067 2883 prelato
1100 2802 1312 2883 proueniente
1344 2802 1426 2884 ipsis
1532 2850 1542 2865 .

138 2913 253 2979 ciuibus
278 2912 535 2993 Coloniensibus,
559 2914 587 2977 si
611 2912 694 2977 inira
717 2932 836 2978 annum
859 2919 1040 2996 presentem
1062 2914 1219 2979 translata
1241 2933 1304 2978 non
1327 2913 1429 2979 luerit

140 3024 166 3090 in
196 3026 376 3107 Coloniam,
397 3025 614 3093 retundemus.
659 3027 751 3108 Ipsos
780 3045 906 3111 quoque
927 3028 1017 3093 ciues
1048 3026 1256 3092 Colonienses
1285 3027 1327 3092 ad
1357 3028 1426 3107 hoc,

139 3147 285 3221 qnantum
318 3159 488 3222 possumus
520 3142 572 3205 ria
597 3141 694 3223 jnris,
717 3141 863 3206 volumus
886 3140 1052 3220 adiuuare,
1083 3139 1169 3223 quod
1197 3141 1305 3205 omnia
1332 3139 1425 3220 bona,

137 3269 189 3333 que
211 3255 304 3336 prius
327 3252 521 3336 abantiquo
543 3255 768 3335 pertinuerrmt
790 3254 831 3318 ad
854 3254 959 3335 ipsam
985 3254 1151 3319 ciuitatem
1175 3251 1352 3334 Coloniam,
1383 3253 1425 3318 ad

137 3363 229 3446 ipsam
263 3366 403 3431 debeant
435 3367 476 3431 de
509 3374 615 3433 cetero
649 3368 818 3449 pertinere.
866 3368 915 3432 De
944 3368 1094 3432 libertate
1123 3368 1258 3449 insuper
1287 3380 1344 3449 per
1366 3386 1424 3432 uos

139 3480 256 3546 ciuitati
281 3485 314 3543 et
337 3479 462 3545 ciuibus
487 3479 732 3547 Coloniensibus
755 3481 910 3563 predictis
941 3480 1176 3561 concendenda,
1206 3479 1305 3546 iidem
1336 3480 1424 3546 ciues

138 3607 164 3656 te
184 3592 382 3660 venerabilis
404 3595 437 3658 in
462 3593 590 3659 Christo
613 3596 715 3676 patris
738 3594 858 3660 domini
883 3594 980 3673 Petri,
1004 3594 1140 3659 ecclesie
1162 3595 1423 3678 lloguntinensis

139 3707 215 3771 sedis
237 3707 484 3788 archiepiscopi,
508 3728 544 3773 ae
568 3708 685 3773 nobilis
706 3709 766 3772 riri
793 3708 979 3774 Berchtoldi
999 3708 1126 3775 comitis
1150 3708 1191 3772 de
1213 3706 1422 3774 chueberclr

137 3819 258 3885 unitrio
283 3820 462 3885 voluntarie
489 3821 714 3886 submiserunt.
750 3822 898 3903 Denique
927 3821 1156 3886 liberationem
1186 3820 1307 3885 ciuium
1331 3821 1424 3885 Colo

137 3934 288 3998 niensium
321 3934 522 4014 captiuorum
557 3935 713 4014 volumus,
753 3940 907 4016 quantum
941 3953 1123 4016 possumus,
1159 3952 1339 4016 procurare.
1385 3936 1422 3999 In

138 4047 217 4111 euius
239 4048 288 4111 rei
311 4048 532 4112 testimonium
555 4054 721 4129 presentes
742 4048 852 4114 literas
875 4046 945 4112 fieri
968 4055 1002 4114 et
1024 4054 1149 4114 secreto
1172 4048 1280 4129 sigillo
1302 4055 1422 4130 nostro,

138 4173 198 4237 qno,
220 4160 343 4241 majora
367 4160 506 4224 nondum
530 4159 683 4224 habentes
707 4161 824 4242 sigilla,
849 4180 932 4226 nunc
956 4162 1084 4240 vtimur,
1108 4162 1263 4225 iussimus
1283 4180 1422 4226 commu-

140 4272 199 4335 niri.
244 4273 418 4354 Postquam
441 4291 517 4338 sero
539 4272 694 4338 fuerimus
714 4273 843 4338 iouente
866 4274 995 4338 domino
1018 4274 1171 4338 coronati.
1194 4279 1362 4356 presentes
1383 4276 1422 4341 li·

138 4388 210 4449 teras
233 4387 335 4467 sigilli
359 4388 461 4452 nostri
484 4388 626 4466 maioris,
660 4406 723 4470 quo
753 4395 828 4452 tunc
853 4394 987 4467 utemur,
1022 4388 1177 4453 iaciemus
1199 4388 1314 4454 robore
1336 4408 1421 4455 ecum·

139 4501 251 4564 muniri,
299 4501 417 4565 Datum
441 4501 543 4582 Prsge
566 4519 649 4565 auno
673 4499 794 4566 domini
815 4501 986 4566 millesimo
1000 4501 1226 4566 trecentesimo
1243 4501 1419 4584 rudecimo‚

139 4614 264 4680 secunde
286 4614 441 4679 kalendas
465 4613 623 4680 Januarii¹
