3098 5392
129 428 192 492 225
757 426 831 476 issu.

130 633 226 688 uentui
250 631 453 702 persoluerunt
489 629 557 683 Item
582 629 821 701 pronuncciamus‚
850 630 922 700 quod
949 631 1134 701 prescriptum
1153 631 1262 701 Kugem
1289 649 1353 686 cum
1378 634 1433 688 suis

130 727 317 799 pertinenciis,
335 726 460 783 videlicet
478 727 561 796 egris,
578 727 675 797 pratis,
694 728 904 797 promontoriis,
921 727 1048 795 vallibus,
1072 728 1153 784 sinos
1172 734 1200 783 et
1218 730 1334 799 pascuis
1353 731 1434 800 perti·

131 831 196 880 neat
221 824 356 894 perpetim
383 821 551 878 hereditarie
570 822 604 877 sd
623 823 762 878 ciuitatem
787 823 947 878 Lunensem
964 823 1015 878 tali
1033 823 1124 891 modo,
1151 823 1226 894 quod
1252 841 1434 895 possessores

130 920 219 990 ipsius
237 919 353 988 Kugem,
371 918 417 986 qui
435 918 538 972 fuerint
556 934 606 988 pro
625 926 757 987 tempore,
782 918 844 973 illas
868 917 938 974 duas
964 935 1119 989 sexsgenas
1143 936 1206 974 cum
1232 928 1296 977 octo
1322 923 1434 991 grossis,

131 1032 199 1085 quus
224 1015 301 1085 prius
326 1013 419 1068 abbati
437 1019 465 1067 et
483 1014 631 1068 conuentui
656 1014 817 1069 monasterii
840 1013 958 1084 predicti
980 1015 1061 1070 annis
1080 1015 1198 1086 singulis
1224 1019 1435 1086 persoluebant,

132 1110 241 1166 eusdem
260 1109 392 1179 magistro
411 1108 521 1176 ciuium,
535 1110 637 1178 juratis
655 1110 816 1166 consulibus
836 1115 863 1164 et
881 1111 1069 1166 communitati
1088 1111 1210 1167 ciuitatis
1219 1112 1363 1168 Lunensis
1376 1131 1435 1183 pre·

131 1207 203 1262 dicte
221 1206 288 1262 dent
307 1211 335 1260 et
351 1205 515 1277 persoluant
533 1205 613 1261 cunis
632 1205 747 1274 singulis
766 1206 794 1258 in
814 1212 987 1275 perpetuum.
1012 1205 1080 1261 Item
1097 1209 1344 1277 pronunoeismns‚
1364 1208 1434 1278 quod

131 1319 185 1357 vna
202 1296 343 1356 medietas*
355 1301 482 1371 superior
499 1306 605 1370 propte,
629 1300 768 1369 wlgeriter
791 1316 871 1371 nyss.
888 1308 1056 1372 nuncupate,
1081 1304 1221 1373 pertineat
1245 1312 1384 1375 perpetue
1403 1305 1436 1360 sd

132 1414 212 1468 egros
231 1397 352 1452 ciuitatis
361 1396 502 1452 Lunensis
522 1396 668 1463 antedicte,
687 1404 715 1450 et
733 1397 788 1451 ulia
805 1395 939 1452 medietas
961 1397 1076 1454 inferior
1094 1399 1234 1470 pertineat
1252 1400 1289 1455 ud
1307 1400 1436 1456 homines

130 1494 195 1548 ville
211 1493 343 1558 Brzezen,
360 1491 487 1546 videlicet
505 1491 539 1546 sd
557 1490 683 1546 homines
702 1491 811 1546 obbatis
830 1497 858 1545 et
876 1498 1030 1548 conuentus
1050 1496 1211 1550 monasterii
1225 1497 1377 1565 'antedicti
1395 1515 1436 1553 se-

131 1588 249 1645 cundum
267 1593 357 1642 metus
375 1603 427 1658 per
443 1602 495 1641 nos
513 1586 601 1641 iactas
621 1593 648 1640 et
666 1585 834 1655 designatas.
871 1589 940 1641 item
964 1591 1206 1658 pronuncciamus,
1234 1593 1312 1661 quod
1331 1594 1378 1649 illo
1397 1611 1436 1649 ar-

131 1684 241 1751 ticulus,
267 1682 314 1753 qui
335 1682 493 1738 continetur
516 1681 545 1736 in
567 1681 660 1735 littera
678 1681 832 1737 maiestatis
854 1681 958 1737 domini
977 1683 1123 1752 Johannis,
1142 1685 1257 1742 Boemie
1275 1694 1305 1743 et
1323 1690 1437 1744 Polonie

132 1781 206 1850 regis
225 1797 257 1835 ac
275 1778 523 1846 Lucemburgensis
534 1776 649 1844 comitis,
668 1792 771 1832 sonans
791 1793 876 1846 super
893 1777 1048 1849 prescripto
1059 1780 1150 1835 media
1161 1798 1269 1853 pascua
1286 1802 1340 1854 pro
1358 1794 1438 1855 parte

133 1876 233 1930 ciuium
253 1881 281 1929 et
298 1874 494 1928 communitate
511 1871 632 1927 ciuitatis
650 1871 790 1927 Lunensis
809 1872 948 1928 antedicto
960 1874 1063 1929 nullius
1077 1876 1114 1930 sit
1130 1879 1269 1948 perpetim
1292 1880 1440 1936 firmitatis

133 1971 268 2026 Volumus
286 1977 388 2035 umen,
406 1968 480 2038 quod
498 1968 561 2038 ipsu
578 1967 670 2022 littere
681 1968 834 2023 maiestatis
853 1968 882 2022 in
901 1969 1028 2024 omnibus
1048 1976 1076 2024 et
1094 1971 1211 2041 singulis
1230 1973 1296 2030 aliis
1315 1976 1438 2032 articulis

136 2069 165 2120 in
194 2066 288 2121 eudem
319 2066 412 2120 littera
445 2063 597 2118 maiestatis
629 2064 833 2120 continentibus
862 2065 946 2119 robur
972 2072 1108 2136 perpetue
1137 2068 1263 2123 obtineat
1292 2070 1442 2126 firmitatis.

134 2162 204 2216 Item
223 2160 450 2232 pronuncciamus
469 2167 498 2213 et
516 2159 680 2214 auctoritate
703 2159 779 2228 regia
803 2159 974 2226 mandamus,
999 2168 1138 2231 quotenus
1162 2170 1259 2234 partes
1283 2169 1442 2238 prescripta

137 2264 292 2329 presentem
312 2264 435 2311 nostram
455 2255 728 2326 pronuncciaoionem
747 2255 775 2308 in
794 2262 854 2310 toto
873 2256 989 2312 firmiter
1003 2265 1117 2313 teneant
1135 2265 1164 2313 et
1181 2258 1383 2318 inviolabiliter
1394 2265 1437 2318 ob-

135 2359 248 2410 seruent
266 2354 293 2407 in
314 2360 439 2407 eternum
459 2352 510 2407 sub
527 2351 608 2420 penis
633 2366 719 2421 supru
738 2358 765 2404 et
783 2351 855 2406 infra
876 2352 997 2421 scriptis,
1019 2353 1115 2409 taliter
1131 2354 1269 2425 videlicet,
1294 2359 1370 2428 quod
1395 2361 1437 2414 illa

136 2467 209 2522 pars,
228 2466 282 2519 que
301 2465 356 2502 non
374 2454 485 2502 tenetur
503 2447 567 2518 [sic]
590 2454 749 2518 presentem
776 2454 899 2502 nostram
922 2450 1201 2518 pronuncciscionem
1218 2453 1249 2507 in
1267 2460 1330 2510 toto
1349 2455 1434 2510 ueliu

136 2546 227 2615 aliquo
248 2546 372 2612 articulo,
391 2544 464 2614 quod
484 2560 546 2599 mox
565 2542 665 2613 perdat
683 2559 794 2597 causam
813 2543 965 2613 predictum
983 2561 1016 2600 ac
1033 2545 1116 2601 tidem
1133 2553 1161 2602 et
1177 2547 1315 2604 honorem
1334 2568 1434 2607 necnon

136 2643 257 2697 incurret
274 2658 374 2711 penem
393 2644 578 2694 trecentarum
598 2653 798 2707 sexagenorum
817 2654 976 2706 grossorum
996 2647 1106 2696 monete
1122 2659 1211 2712 prag,
1237 2644 1370 2702 videlicet
1392 2647 1434 2702 du-

135 2743 231 2792 centus
259 2753 350 2804 sexag.
378 2753 418 2804 gr.
444 2751 495 2804 pro
523 2749 630 2787 camera
657 2733 733 2802 regie
759 2740 787 2788 et
814 2740 923 2789 centum
952 2752 1046 2806 sexug.
1075 2755 1114 2807 gr.
1142 2740 1216 2809 parti
1244 2741 1388 2798 obedienti
1411 2751 1434 2797 et

136 2833 243 2887 tenenti
262 2839 418 2902 presentem
437 2837 560 2885 nostram
578 2830 863 2900 pronuncciscionem‚
881 2832 988 2887 intuto
1006 2847 1024 2887 a
1041 2832 1086 2887 die
1104 2833 1260 2890 incidsncie
1278 2854 1354 2906 pene
1371 2839 1436 2892 inira

135 2944 217 2982 vnum
245 2942 365 2982 mensem
396 2926 599 2981 soluendurum.
635 2927 721 2993 Quum
753 2924 862 2994 quidem
895 2928 1172 2997 pronuneciacionem
1202 2939 1331 2987 nostrum
1362 2935 1435 2989 umbe

135 3031 230 3096 partes
249 3004 348 3078 ibidem
358 3030 503 3093 presentes
522 3023 627 3077 intuto
646 3028 869 3091 occeptuueruut,
888 3022 967 3077 nobis
986 3024 1127 3081 inmensas
1143 3027 1299 3096 graciarum
1312 3030 1436 3085 acciones

135 3120 286 3175 referentes
305 3135 337 3174 ac
354 3119 547 3189 promittentes
573 3116 687 3172 eandem
712 3118 987 3187 pronuncciacionem
1013 3121 1042 3174 in
1063 3126 1123 3177 toto
1141 3128 1280 3193 perpetue
1296 3130 1395 3180 tenere
1412 3132 1437 3180 et

135 3215 329 3271 inviolabiliter
346 3215 494 3270 obseruare
513 3213 564 3269 sub
583 3214 662 3283 penis
677 3213 882 3283 suprascriptis.
902 3215 934 3268 In
951 3232 1067 3285 quornm
1080 3217 1203 3272 omnium
1221 3223 1251 3272 et
1269 3219 1437 3289 singulorum

137 3312 325 3367 testimonium
343 3317 371 3365 ot
389 3311 473 3365 robur
490 3314 636 3380 presentes
655 3309 762 3363 litteras
781 3309 840 3364 fieri
860 3315 887 3363 et
905 3327 956 3380 per
973 3310 1121 3380 Andrean,
1142 3314 1282 3369 notarium
1300 3316 1438 3386 publicum

136 3409 350 3478 infrascriptum,
378 3407 460 3462 scribi
478 3413 507 3459 et
525 3405 659 3476 publicari
676 3405 800 3472 fecimus,
824 3405 1039 3477 sigillorumque,
1063 3408 1193 3464 videlicet
1209 3408 1312 3467 fumosi
1337 3412 1438 3468 domini

137 3504 282 3576 ilaykonis
300 3504 335 3559 do
353 3502 501 3574 Hodietyn,
526 3517 576 3570 pro
594 3508 662 3555 tunc
680 3501 759 3570 regni
781 3500 895 3557 Boemie
920 3503 1123 3572 subcamerarii,
1147 3522 1258 3562 necnon
1281 3516 1439 3564 nostrorum

137 3608 221 3670 utque
240 3599 347 3656 abbatis
366 3605 394 3654 et
412 3603 565 3653 conuentus
584 3597 744 3651 monasterii
754 3597 837 3652 Porto
846 3598 1044 3669 Apostolorum
1056 3601 1254 3670 predictorum,
1266 3604 1439 3675 appensione

136 3696 345 3766 procursuimus
364 3693 531 3749 communiri.
567 3691 669 3747 Datum
688 3698 714 3745 et
733 3697 823 3746 sctum
842 3709 930 3764 prope
948 3695 1089 3751 ciuitatem
1107 3696 1268 3753 Lunensem
1286 3699 1438 3769 predictam

138 3795 166 3846 in
179 3793 334 3861 prescripta
346 3796 452 3861 prayta,
470 3789 608 3858 wlgariter
626 3803 705 3858 nywu
722 3796 905 3859 nunccupsta,
925 3806 997 3846 anno
1016 3791 1120 3848 domini
1138 3795 1285 3851 millesimo
1310 3796 1437 3866 quadrin-

138 3888 289 3955 gentesimo
308 3893 406 3956 quarto
429 3886 542 3952 decimo,
560 3883 713 3939 indiccione
732 3885 857 3953 septima,
876 3884 921 3939 die
939 3892 1039 3955 quarta
1056 3886 1162 3944 decima
1179 3889 1286 3945 mensis
1304 3889 1438 3957 Octobris,

141 3982 210 4036 hors
228 3981 373 4036 terciarum
392 3981 436 4035 uel
455 3981 543 4051 qussi,
561 3980 737 4050 pontificatus
757 3979 925 4034 sanctissimi
942 3981 971 4035 in
984 3981 1094 4036 Christo
1104 3985 1195 4053 patris
1214 3991 1242 4040 et
1259 3985 1376 4055 domini,
1392 3987 1438 4042 do

138 4077 204 4131 mini
223 4077 368 4142 Johunnis,
387 4076 481 4131 diuina
499 4075 678 4146 prouidencia
697 4090 769 4145 pape
786 4076 908 4129 vicesimi
926 4077 1013 4144 tercii,
1032 4094 1105 4133 anno
1130 4080 1237 4148 quinto,
1261 4082 1437 4150 presentibus

138 4172 237 4227 ibidem
256 4173 381 4243 partibus
400 4172 529 4227 hincinde
539 4172 659 4227 Martius
680 4170 846 4238 deDrasow,
863 4173 973 4227 nomrio
989 4173 1108 4243 publico,
1126 4182 1156 4230 et
1172 4174 1314 4245 iohanne,
1332 4180 1439 4235 notario

138 4270 257 4324 ciuitatis
277 4269 425 4337 Lunensis,
444 4267 616 4325 acHuburdo
636 4272 663 4320 et
681 4265 794 4320 Andreu
811 4266 884 4321 dicto
901 4267 1009 4323 Prszak
1028 4274 1056 4322 et
1074 4269 1136 4323 aliis
1153 4268 1290 4328 frutribus
1303 4273 1438 4343 protessis

139 4366 297 4419 monasterii
317 4366 448 4420 antedicti
475 4364 536 4419 aliis
561 4377 670 4432 quoque
691 4362 784 4417 multis
808 4363 895 4431 partis
921 4363 1064 4433 utriusque
1087 4363 1246 4421 bominibus
1271 4374 1301 4423 ct
1325 4370 1435 4426 sernito

139 4461 222 4527 ribus,
241 4463 313 4516 circu
331 4463 467 4531 premissa
484 4459 603 4514 testibus
622 4458 677 4511 fide
695 4457 810 4525 dignis.“
847 4457 982 4527 vtpovsu
1007 4465 1038 4513 tu
1060 4459 1167 4528 pordiil
1193 4462 1341 4526 „Andress
1359 4473 1434 4521 natus

140 4555 276 4625 quondum
295 4554 399 4610 Mathis
418 4556 451 4609 de
470 4554 618 4609 dermericz
632 4552 821 4607 Olomucensis
840 4551 968 4620 diocesis,
987 4553 1113 4624 publicus
1124 4555 1265 4626 imperiali
1277 4561 1433 4616 metonae

141 4652 281 4706 notarius“
303 4666 319 4703 a
337 4649 455 4703 Louniti
472 4650 528 4703 dali
544 4649 567 4716 ji
586 4648 693 4716 sapsati
706 4647 741 4701 do
762 4647 847 4717 knihy
866 4649 1001 4718 privilegii
1018 4666 1067 4704 ar.
1088 4655 1155 4706 uto
1173 4667 1211 4707 na
1227 4652 1248 4706 1.
1269 4656 1328 4709 lib
1344 4673 1379 4712 ss
1394 4656 1433 4712 uir
