3150 5378
851 457 927 507 1⁸40.

793 698 858 780 do.
882 715 957 780 ms.

499 885 596 961 1340,
620 888 664 954 ts
686 886 801 972 iljna.
824 886 1100 956 Vddmeckem
1122 887 1257 955 Brode.

230 1061 349 1125 Pertolt
372 1061 493 1143 zLepe',
522 1061 652 1144 prodest
683 1060 912 1146 i'ysehrodshy,
945 1060 1073 1127 houd&
1101 1083 1123 1127 a
1152 1064 1232 1136 ocio.
1261 1060 1426 1127 marsdtel
1455 1061 1530 1127 drei-

232 1173 346 1238 loestec'
368 1153 510 1249 eleseu,
532 1197 551 1238 e
567 1173 718 1240 souhlosu
740 1175 909 1241 chutrem
928 1177 1016 1259 scp'm
1040 1154 1170 1240 &leden
1192 1197 1214 1241 a
1235 1175 1338 1240 ddlica'
1357 1177 1531 1259 tanichisi

229 1287 334 1351 brutii
361 1287 454 1371 soy'ch
482 1287 638 1353 ostatuich
670 1288 847 1370 osvoboeuje
875 1288 1033 1370 obycatcle
1062 1293 1161 1353 misto
1191 1287 1384 1354 hemiolo
1408 1290 1530 1363 Brodu,

229 1399 311 1464 lteri
337 1399 448 1465 obsim
476 1399 601 1485 veldy'cb
633 1399 709 1465 skort
731 1402 859 1482 ospacti,
889 1402 930 1466 od
954 1403 1084 1484 placenti
1110 1400 1222 1477 sdirek,
1256 1402 1347 1468 botei
1375 1425 1398 1467 a
1416 1402 1529 1487 jioy'ch

575 1514 675 1580 docel·
691 1515 817 1597 pond-m
839 1519 940 1580 rirdsto
960 1537 1005 1580 oa
1028 1516 1112 1581 desei
1133 1516 1184 1581 lei.

331 1688 398 1755 Nos
422 1689 594 1755 Bertoldus
627 1691 666 1755 do
689 1691 770 1773 Lipa
804 1691 856 1755 dei
887 1691 996 1772 gracia
1026 1691 1209 1772 prepositus
1231 1689 1524 1773 wissegradensis,

229 1801 440 1867 cancellarius
464 1808 494 1866 et
511 1821 653 1867 summus
669 1803 885 1868 marschalcus
901 1803 993 1885 regni
1005 1802 1146 1882 Boemie‚
1168 1803 1210 1868 ud
1226 1804 1455 1871 vniucrsorum
1473 1826 1526 1870 no-

229 1915 340 1981 ticiam
369 1921 481 1980 tenore
510 1916 713 1995 presencium
741 1916 888 1981 volumus
918 1917 1098 1997 peruenire,
1133 1915 1217 1995 quod
1248 1915 1462 1999 dampnosum
1494 1920 1524 1982 in

228 2029 335 2093 animo
358 2034 468 2093 nostro
491 2027 639 2093 dolorose
660 2028 866 2093 reuoluentes
889 2035 1039 2093 euentum
1061 2034 1160 2110 atque
1182 2028 1322 2110 dampna
1343 2029 1444 2096 nimis
1465 2033 1525 2096 heu

231 2142 354 2223 grauia,
379 2159 441 2221 que
463 2141 607 2206 rniuersi
631 2142 774 2207 ciuitatis
801 2146 910 2207 nostre
932 2141 1038 2207 Brode
1060 2142 1304 2208 Theutunicalis
1329 2143 1526 2209 habitatores

229 2259 262 2319 et
285 2255 391 2320 incole
406 2273 463 2336 per
486 2254 647 2321 crudelem
670 2255 765 2336 ignis,
789 2255 868 2336 proh
891 2254 997 2320 dolor!
1027 2255 1230 2339 pertulerunt
1259 2258 1458 2338 voraginem.
1489 2258 1525 2322 ob

229 2385 292 2449 que
321 2386 417 2450 quam
446 2368 554 2449 plures
586 2368 760 2434 eorundem
789 2367 830 2432 ad
861 2367 1105 2434 irreuocabilem
1139 2369 1340 2435 dauenerunt
1373 2371 1524 2453 inopiam,

228 2479 313 2564 quod
346 2487 491 2547 nostrum
521 2500 620 2564 greum
650 2482 806 2547 sentimus
836 2481 1044 2563 dispendium
1073 2487 1106 2548 et
1135 2501 1199 2547 non
1232 2483 1396 2549 modicum
1427 2483 1524 2548 detri-

229 2599 381 2674 mentum,
417 2593 533 2676 quibus
564 2600 671 2660 tumen
701 2594 755 2676 pie
784 2595 1006 2676 conpassionis
1039 2613 1097 2661 nos
1130 2592 1248 2660 affectu
1280 2602 1433 2662 mouente
1462 2598 1523 2660 sin·

234 2707 339 2773 cerins
362 2706 568 2773 condolentes
591 2726 702 2773 eorum
723 2708 833 2789 inopie
853 2709 936 2792 ylari
952 2708 1185 2775 consolacionis
1200 2709 1343 2775 remedio
1359 2708 1402 2775 de
1416 2715 1521 2774 nostro

228 2818 454 2886 munificencia
476 2838 514 2886 ex
538 2819 646 2886 debito
662 2820 811 2887 duximus
828 2822 1087 2902 succurrendum,
1104 2826 1137 2886 et
1152 2826 1187 2886 rt
1200 2819 1330 2887 facilius
1352 2823 1520 2903 pristinum

228 2935 388 3016 attingere
421 2938 541 2999 sutum
570 2934 699 2999 valeant
727 2953 765 2998 ac
794 2953 814 2998 a
843 2935 974 3000 miseric
1006 2935 1168 3016 pressuris
1191 2939 1225 2999 et
1247 2936 1386 3001 sarcinis
1417 2941 1519 3000 nostra

229 3045 425 3130 suffragante
456 3047 561 3129 gratio
590 3047 738 3125 releuari,
775 3047 854 3128 ipsis
886 3047 1045 3112 uniuersis
1077 3053 1110 3111 et
1139 3047 1276 3129 singulis
1303 3046 1344 3113 dc
1367 3066 1520 3113 consensu

228 3160 337 3225 fratris
359 3161 463 3225 ntistri
486 3159 706 3226 Tschcnkonis
729 3159 936 3224 etheredum
967 3159 1101 3224 fratrum
1127 3165 1310 3226 nostrorum
1332 3160 1439 3227 felicis
1459 3179 1524 3225 me·

228 3275 330 3339 menie
360 3274 484 3339 afesto
515 3273 696 3337 natiuitatis
725 3273 847 3337 Christi
878 3277 1011 3338 venturo
1040 3273 1184 3355 proxime
1212 3273 1254 3338 ad
1284 3274 1396 3339 decem
1424 3291 1526 3339 annos

228 3389 379 3453 continue
402 3385 616 3452 numerandos
639 3386 678 3450 ab
701 3386 848 3451 omnibns
872 3386 1107 3465 exaccionihus,
1135 3385 1445 3468 contrihucionihns,
1467 3387 1525 3451 do-

229 3501 417 3566 nacionibus
441 3519 496 3565 seu
520 3498 734 3581 peticionibus
756 3499 847 3564 nobis
863 3499 1021 3565 iaciendis
1036 3498 1163 3580 plenam
1178 3505 1276 3581 atoue
1290 3518 1412 3566 meram
1427 3501 1521 3566 liber-

227 3621 325 3679 tatem
349 3614 539 3679 ‹loirauimus
562 3619 594 3678 et
617 3613 820 3695 presentibus
837 3613 1030 3678 conterimus
1053 3617 1086 3676 et
1107 3612 1274 3691 donamus,
1298 3616 1519 3695 promittentes

229 3746 286 3809 pro
310 3727 401 3793 nobis
425 3734 458 3792 et.
479 3727 578 3792 fratre
602 3733 711 3794 nostro
730 3726 874 3808 predicto
889 3731 986 3808 atoue
1001 3724 1173 3791 heredibus
1187 3725 1324 3791 fratrum
1343 3735 1514 3793 nostrorum

228 3859 265 3904 oc
289 3842 408 3905 nostris
431 3838 622 3905 officialibus
645 3840 910 3923 quibuscumque,
941 3839 1025 3919 quod
1056 3857 1115 3903 nec
1145 3857 1203 3920 per
1225 3858 1285 3905 nos
1308 3858 1368 3906 nec
1391 3860 1445 3907 eos
1464 3838 1511 3903 aut

228 3971 285 4034 per
307 3971 538 4036 quemcumque
559 3954 723 4019 hominum
745 3959 855 4018 nostro
878 3953 1007 4018 nomine
1029 3952 1101 4033 ipso
1123 3952 1255 4017 libertas
1271 3953 1430 4034 prelibata
1452 3950 1506 4016 rni·

228 4064 398 4129 uersaliter
420 4070 478 4129 out.
500 4067 683 4148 specialiter
709 4065 793 4130 inira
815 4065 994 4146 predictum
1025 4065 1129 4145 ipsius
1158 4064 1319 4130 libertatis
1342 4066 1505 4150 tempuset
1557 4064 1565 4155 ξ

228 4178 368 4258 spatium
396 4179 504 4260 aliquo
532 4180 748 4261 predictorum
778 4179 871 4244 modo
902 4178 1006 4260 ipsius
1036 4178 1156 4243 nostris
1186 4177 1336 4244 fidelihus
1370 4176 1505 4262 predictis

138 4290 141 4295 '
228 4290 342 4354 debeat
364 4291 602 4373 quomodolibet
624 4292 749 4357 violari.
773 4292 809 4356 In
833 4292 925 4357 cuius
948 4292 995 4355 rei
1018 4292 1240 4356 testimonium
1261 4301 1432 4374 presentes
1452 4289 1507 4358 ficri
1561 4292 1565 4347 ἲ

229 4408 261 4466 et
283 4404 384 4467 nostri
409 4405 508 4486 sigilli
532 4406 729 4486 appensione
752 4406 905 4470 iussimus
928 4405 1127 4468 communiri.
1162 4403 1231 4471 Nos
1254 4423 1333 4470 uero
1356 4404 1508 4472 Tschenho
1553 4396 1565 4439 ⁴

227 4514 391 4595 predictus
415 4517 590 4597 predictum
613 4516 771 4580 libertatis
787 4518 930 4596 graciam
951 4517 993 4581 de
1016 4523 1124 4581 nostro
1148 4536 1309 4583 consensu
1332 4526 1365 4583 et
1387 4538 1512 4586 assensn
1547 4442 1565 4567 i

227 4630 486 4710 recognoscimus
509 4631 706 4712 processisse
729 4630 824 4695 etad
848 4631 1110 4697 obseruacionem
1133 4630 1278 4697 eiusdem
1301 4632 1515 4703 inuiolsbden
