3150 5378
726 427 799 480 rats.
1384 426 1426 491 55

130 641 248 717 quatur
266 637 402 702 euidens
416 636 636 702 testimoninm
656 636 792 702 verimti.
818 634 898 701 Cum
913 633 1013 718 igitur
1027 633 1117 700 ciues
1132 634 1234 699 nostri
1250 634 1290 698 de
1305 633 1424 700 Lutho·

131 749 248 814 mericz
278 749 416 832 quedam
446 749 531 817 bona
552 755 586 816 et
605 750 827 834 possessiones
849 766 869 814 a
890 747 970 813 viris
999 745 1287 814 honorabilibus..
1311 747 1425 813 abbate

137 861 173 925 de
198 862 309 929 Ozzek
332 868 365 928 et
387 883 429 930 a.
447 915 455 929 .
471 863 641 946 Pragense,
657 914 690 930 ..
713 857 1030 943 Lutbomericense²l
1054 879 1177 927 necnon
1199 861 1427 942 Dogczanense

136 993 168 1039 ae
197 975 478 1043 l'bohessoniense
510 976 718 1043 ecclesiarum
749 975 923 1058 prepositis
957 980 990 1039 et
1018 993 1039 1039 a
1067 974 1218 1056 capitulis
1253 974 1425 1049 eammdem

140 1107 256 1154 necnon
287 1108 308 1154 a
338 1088 513 1156 Crnoiieris
536 1088 663 1174 [domus
685 1093 795 1156 sancte
825 1088 929 1154 Maria
951 1087 1053 1171 Plaga
1082 1088 1116 1152 in
1150 1086 1231 1170 pede
1265 1087 1373 1169 pontis
1396 1091 1428 1151 et

141 1221 157 1267 a
174 1202 337 1268 nobilibus
360 1202 401 1268 de
415 1202 606 1270 Sternberob
623 1222 662 1269 ac
676 1203 717 1268 ab
730 1202 805 1268 aliis
826 1199 1000 1267 baronibus
1023 1204 1056 1265 et
1076 1198 1225 1266 fidelibus
1248 1195 1425 1282 nostris]‚⁸)

142 1317 204 1380 sine
224 1315 414 1398 spirituales
437 1316 509 1381 siue
529 1317 690 1382 seculares
713 1333 849 1398 persone
870 1315 1019 1394 existant,
1042 1314 1105 1380 rite
1121 1313 1164 1379 'ac
1186 1312 1426 1380 racionabiliter

145 1429 391 1510 comparauerint
413 1429 516 1512 tytulo
531 1429 716 1512 empcionis,
740 1427 915 1494 secundnm
928 1426 1012 1510 quod
1027 1428 1062 1492 in
1077 1426 1220 1509 ipsorum
1242 1426 1425 1510 priuilegiis

147 1559 230 1623 snper
250 1541 318 1607 biis
341 1541 495 1608 conlectis
518 1543 701 1625 expressius
723 1542 913 1624 condnetur,
936 1559 995 1607 nos
1010 1540 1184 1607 eonmdem
1206 1540 1327 1606 ciuium
1342 1558 1426 1605 com-⁴

148 1654 226 1720 nodo
258 1674 297 1720 ac
327 1653 486 1737 prolectni
519 1654 731 1736 intendentes,
765 1658 964 1720 contractum
991 1653 1175 1720 huiusmodi
1205 1671 1263 1735 per
1284 1651 1424 1736 prefatos

150 1767 289 1849 abbatem,
312 1768 505 1851 prepositos,
535 1767 708 1834 cruciferos
738 1785 776 1833 ac
797 1765 908 1833 fideles
930 1771 1057 1833 nostros
1083 1765 1164 1831 alios
1186 1765 1426 1831 racionabiliter

152 1897 178 1943 ac
196 1881 351 1963 legittime
372 1882 576 1962 celebratum,
599 1883 743 1964 ipsorum
764 1881 886 1948 ciuium
907 1879 1056 1963 precibus
1071 1879 1227 1959 inclinati,
1250 1879 1427 1944 liberaliter

154 2010 181 2056 ac
199 1993 417 2062 fauorabiliter
437 1994 646 2077 admittimus,
668 1995 860 2062 anctoritate
877 1995 968 2076 regia
989 1991 1212 2059 confirmantes
1235 1993 1294 2058 sub
1317 1991 1426 2058 condi-

155 2106 279 2173 cionibus
309 2107 518 2191 infrasriptis‚
552 2109 703 2177 videlicet
730 2107 816 2192 quod
845 2106 982 2190 predicti
1015 2107 1103 2173 ciues
1131 2106 1172 2171 de
1202 2105 1425 2173 Lnthomericz

156 2219 228 2286 nobis
248 2223 289 2287 de
311 2223 435 2288 eisdem
462 2222 556 2289 bonis
585 2223 650 2289 iarn
679 2222 829 2306 aquisitis
859 2226 892 2287 et
914 2221 947 2286 in
969 2225 1133 2303 posterum
1163 2220 1203 2284 de
1225 2219 1299 2284 aliis
1326 2220 1424 2284 simili

158 2336 309 2415 empcione
340 2336 445 2419 tytub
474 2338 526 2402 nel
556 2335 652 2404 aliter
679 2336 742 2402 rito
763 2354 801 2402 ac
822 2333 1062 2401 racionabiliter
1090 2333 1275 2416 aquirendis
1299 2338 1424 2398 steuras

97 2498 99 2541 :
159 2448 252 2512 eaba
273 2449 347 2513 iura
368 2453 478 2514 nostra
499 2449 684 2532 persoluere
705 2447 842 2516 debeant
863 2446 1060 2530 temporibus
1083 2447 1250 2529 oportunis
1272 2451 1305 2512 et
1321 2446 1424 2512 nichi-

97 2620 99 2625 .
159 2554 272 2627 lominus
283 2561 359 2640 biis,
382 2561 498 2644 quibus
520 2561 698 2628 dominium
712 2559 784 2627 sine
804 2561 856 2628 ins
871 2560 1079 2644 proprietatis
1093 2558 1235 2625 inbonis
1251 2557 1424 2626 antedictis

97 2692 100 2773 g
159 2675 285 2754 conpetit
308 2693 441 2740 censum
463 2675 590 2742 soluent
610 2693 717 2743 annno
730 2676 895 2758 pensionis
918 2675 1008 2741 iuxta
1022 2677 1204 2742 contractus
1226 2672 1425 2755 exigenciam

157 2788 230 2866 tune
255 2787 401 2854 formam
447 2786 664 2872 Volumusque
692 2794 726 2854 et
747 2793 902 2872 perpetua
933 2786 1084 2854 firmitate
1114 2787 1303 2866 sanccimus,
1334 2805 1422 2851 man·

156 2894 247 2965 dantes
270 2901 407 2966 firmiter
421 2906 455 2967 et
468 2900 617 2967 distriae
638 2907 747 2968 nostre
769 2902 877 2984 gracie
894 2919 953 2986 par
974 2901 1147 2980 obtentum,
1170 2905 1207 2964 ut
1227 2899 1335 2964 nullus
1351 2918 1424 2964 con-

153 3014 270 3080 boum
293 3016 415 3081 ciuium
438 3015 655 3096 predictorum
676 3034 773 3099 super
793 3017 887 3082 bonis
909 3015 1075 3098 prelibatis
1098 3015 1163 3079 iam
1184 3014 1376 3096 comparatis
1392 3018 1425 3078 et

149 3128 337 3204 omanadum
358 3129 421 3193 rite
442 3147 479 3193 ac
501 3129 658 3211 legittime
679 3128 901 3211 comparandis
931 3146 1013 3194 ausu
1035 3127 1205 3193 temerario
1228 3125 1343 3192 debeat
1365 3126 1423 3190 ali-

147 3242 272 3321 qualiter
294 3242 433 3321 irritare‚
455 3261 550 3325 quern
572 3248 726 3324 perpetuo
748 3261 878 3309 manere
899 3244 1046 3309 volumus
1069 3241 1235 3307 illibatum.
1271 3241 1308 3305 ln
1331 3240 1422 3304 cuius

145 3355 183 3418 rei
204 3356 425 3421 testimonium
447 3362 480 3421 et
500 3356 598 3422 robur
619 3363 773 3438 perpetue
795 3355 957 3423 firmitatis
980 3355 1134 3438 predictis
1157 3355 1283 3421 ciuibus
1303 3354 1423 3420 nostris

143 3465 176 3530 de
213 3468 418 3534 Lnthmericz
430 3470 454 3551 ⁴)
489 3476 654 3553 presentes
687 3471 797 3538 literas
830 3471 900 3537 dari
935 3471 1122 3537 mandamus
1156 3469 1335 3551 sigillorum
1368 3486 1424 3532 no·

143 3585 273 3646 atrorum
305 3583 482 3647 munimine
513 3582 687 3650 roboratas.
732 3583 890 3665 Testibua
925 3585 981 3666 qni
1003 3589 1167 3666 presentes
1189 3581 1325 3659 fuerant,
1350 3580 1425 3644 snb·

143 3695 264 3775 neatis,
286 3696 455 3777 quisunt:
479 3697 624 3764 Andreas
647 3698 841 3763 camerarius
863 3697 1005 3777 Boemie,
1035 3697 1202 3762 Jaroslaus
1224 3694 1265 3758 de
1287 3693 1422 3758 Turnow

142 3805 232 3873 trater
270 3808 367 3882 Galli,
404 3809 588 3875 Burcardus
624 3812 799 3876 marsalous
836 3809 977 3889 Boemie‚
1022 3807 1219 3875 Thcodricus
1261 3806 1423 3872 subcame

141 3922 248 4002 ramus,
265 3920 361 3988 Jerco
372 3921 413 3986 de
424 3921 666 3989 Waldemberch
680 3923 873 4006 burgrauins
889 3922 1054 4004 Egrensis,
1066 3917 1423 4002 Zbyzlausbnrgrauius

142 4031 317 4117 hagensis,
351 4035 471 4100 Zlanco
499 4035 585 4101 lilius
614 4036 768 4102 Borsonis
790 4035 831 4101 de
852 4034 1054 4113 Risemburk‚
1089 4032 1205 4115 Hynko
1235 4029 1321 4097 lilius
1343 4029 1424 4095 Smi-

140 4147 218 4214 lonis
246 4149 288 4214 de
309 4148 539 4229 Lucemburch,
573 4149 722 4216 Zdislaus
745 4149 785 4215 de
807 4147 1019 4214 Leaenberch
1045 4146 1145 4212 lratm
1168 4144 1263 4223 Galli,
1296 4140 1424 4208 Vlricus

139 4259 176 4326 de
204 4261 297 4330 Noua
328 4263 432 4342 domo,
465 4263 614 4329 Zdislaus
648 4262 893 4342 submarsalcus‚
927 4261 1093 4326 Diuissius
1126 4255 1252 4338 dapifer
1283 4253 1424 4332 Boemie‚

139 4372 339 4442 Wolkmarus
361 4376 525 4456 pincerna,
548 4376 636 4442 Onso
659 4377 883 4459 subpincerna‚
909 4372 1100 4439 Chnnradus
1114 4371 1269 4451 magister
1291 4367 1425 4450 coquine

136 4494 167 4554 et
192 4488 347 4570 aliiqnam
377 4488 485 4570 plures
517 4487 627 4556 fideles
650 4490 761 4555 nostri.
807 4489 922 4554 Actum
943 4487 1047 4568 Prage
1069 4501 1153 4550 anno
1179 4481 1299 4549 domini
1321 4480 1424 4546 mille

134 4602 215 4670 simo
237 4600 457 4669 ccuxxlw
478 4603 624 4671 kalendis
647 4603 737 4684 Maii,
760 4602 981 4669 coronationis
1003 4605 1113 4666 nostre
1134 4615 1217 4666 anno
1248 4593 1423 4664 andecimo.
