3098 5392
622 454 698 507 ¹⁸⁴&
1253 452 1318 524 397

129 663 267 730 Karolus
289 663 343 730 dei
363 665 474 747 groda
497 665 713 732 Romanorum
735 681 793 729 rer
814 680 942 746 semper
962 667 1120 747 augustus
1135 667 1169 731 et
1186 663 1319 732 Boemie

134 776 300 844 Fidelibus
329 779 451 845 nostris
481 778 609 846 dilectis
639 779 809 845 ciuitatum
830 781 1013 844 normarum
1034 777 1157 844 Montis
1180 776 1318 860 Ohutue,

114 891 195 956 lauie
217 896 251 956 et
273 889 406 957 colonie
423 889 589 975 judicibus
612 895 645 958 et
661 890 781 975 juratis
809 888 951 972 graciam
978 906 1069 956 suam
1092 894 1126 956 et
1147 909 1239 958 omne
1261 890 1317 958 bo·

113 1005 217 1083 ,quia
238 1021 296 1085 pro
318 1003 479 1070 communi
500 1003 585 1071 bono
611 1022 723 1087 pacem
745 1008 778 1071 et
800 1003 968 1071 comodum
997 1003 1140 1069 omnium
1160 1009 1320 1071 tenorum

113 1135 206 1182 arum
228 1116 358 1183 fauente
379 1117 540 1184 altissimo
565 1116 673 1183 auidis
704 1116 876 1183 desideriis
907 1115 1106 1183 intendimus
1134 1135 1318 1200 procurare,

114 1234 214 1296 tamen
236 1235 347 1312 optato
368 1230 464 1297 modo
485 1229 614 1297 effectui
636 1231 814 1313 mancipari
837 1230 970 1298 minime
999 1229 1138 1311 valeam,
1167 1230 1233 1297 nisi
1262 1232 1319 1297 ho·

113 1347 182 1408 set
203 1342 437 1409 inhabitatores
466 1343 611 1426 ipsarum
639 1349 798 1410 ternarum
827 1341 994 1410 fauoribus
1020 1346 1054 1409 et
1073 1341 1224 1426 benignis
1246 1362 1319 1426 pro·

115 1455 223 1521 ouibus
245 1461 356 1522 mutuo
378 1474 415 1523 se
437 1455 648 1522 adiuuarent:
670 1456 746 1522 hinc
768 1461 828 1538 est,
851 1456 937 1539 quod
951 1454 1062 1538 iudex,
1080 1456 1182 1540 jurati
1203 1474 1242 1522 ac
1263 1456 1319 1522 ho-

113 1587 130 1633 s
152 1569 296 1634 ciuitatis
318 1573 430 1635 nostre
450 1567 589 1652 Yglauie
610 1586 722 1650 pacem
749 1568 784 1634 iu
811 1568 881 1634 suis
903 1566 1116 1650 districtibus,
1138 1586 1177 1636 ao
1198 1574 1319 1652 quanto

113 1682 184 1748 cius
205 1682 357 1765 poterint,
385 1686 481 1764 prout
502 1682 729 1765 intelleximus,
759 1681 984 1748 machinantur
1007 1698 1190 1764 procurare,
1223 1700 1319 1765 quarn

122 1801 225 1862 resno
242 1795 412 1880 juuamine
433 1814 498 1862 non
519 1796 662 1878 poterint
683 1794 814 1862 comode
839 1794 954 1877 exequi
985 1797 1018 1860 et
1046 1794 1189 1876 implere.
1234 1796 1319 1876 Qua·

113 1912 155 1974 ter
175 1907 366 1975 fidelitatem
383 1909 758 1976 vestramcommuniter
779 1913 813 1975 et
833 1907 966 1976 diuisim
988 1906 1182 1991 requirimus
1198 1911 1232 1973 et
1245 1906 1319 1974 hor·

113 2026 283 2103 nattente,
306 2040 345 2088 ac
366 2022 511 2089 volentes
534 2021 672 2104 omniuo,
703 2025 862 2105 quatenus
891 2020 1037 2089 homines
1066 2019 1209 2103 prefatos
1239 2019 1319 2087 ciui·

134 2133 269 2217 Yglauie
301 2135 335 2200 in
368 2135 598 2216 procuratione
629 2134 734 2216 ipsius
768 2134 858 2215 pacis
890 2133 926 2199 in
958 2138 1099 2200 rosham
1131 2134 1319 2201 societatem

113 2245 239 2312 bnodam
259 2247 406 2329 recipere
427 2245 573 2313 debeatis
596 2251 630 2312 et
650 2247 769 2326 taliter,
801 2250 845 2327 vt,
866 2246 1147 2330 quocienscunque
1174 2262 1233 2314 ros
1261 2265 1320 2330 per

113 2359 253 2441 requisiti
274 2358 413 2440 fueritis,
438 2360 521 2442 ipsis
543 2358 701 2424 aduersus
731 2358 877 2425 homines
906 2355 1079 2440 maleficos,
1110 2359 1264 2443 profugos
1286 2365 1321 2427 et

113 2477 204 2538 tores
227 2473 318 2554 pacis
339 2471 556 2538 mediantibus
579 2469 761 2537 hominibus
780 2476 960 2537 vestrarum
982 2471 1152 2538 ciuitatum
1173 2472 1319 2539 consiliis

113 2586 153 2652 iis
173 2585 327 2652 remediis
347 2586 515 2668 oportunis
530 2585 685 2652 assistere
700 2584 869 2667 studeatis,
892 2585 1023 2668 anxilio,
1047 2586 1182 2652 oonsilio
1197 2586 1320 2668 pariter

113 2718 198 2782 nore,
223 2699 309 2782 quod
331 2704 364 2766 et
384 2699 450 2783 ipsi
473 2700 647 2779 vioeversa,
671 2717 744 2766 cum
762 2716 821 2781 per
835 2717 892 2765 vos
907 2699 1057 2793 requisiti
1071 2698 1202 2781 fuerint,
1223 2698 1318 2765 modo

113 2811 184 2878 uuili
207 2811 298 2878 vohis
321 2816 466 2894 prestare
488 2816 522 2878 et
543 2810 693 2878 exhibere
714 2815 892 2877 teneantur.
922 2812 1042 2878 Datum
1063 2810 1197 2879 Bruuue
1217 2812 1320 2879 tercia

128 2927 272 3007 proxima
294 2929 368 2991 ante
389 2924 508 2991 festum
537 2925 738 2992 ascensionis
769 2923 901 3005 domiui,
934 2944 1107 3008 regnorum
1135 2930 1318 2992 nostrorum

133 3038 281 3105 secundo.

127 3209 177 3264 Dle
195 3209 263 3280 orig.
282 3227 299 3264 r
316 3209 428 3264 archivo
446 3225 480 3262 m.
499 3207 609 3278 Jihlary
626 3208 786 3264 charancho
805 3208 904 3279 Chytil,
922 3208 1015 3264 Codex
1034 3209 1174 3265 Menariae
1192 3210 1251 3264 VH.
1270 3216 1320 3265 atr.

113 3335 136 3344 -
152 3305 228 3360 Sror.
247 3306 267 3359 k
283 3310 361 3360 tomu
378 3304 426 3359 liat
443 3303 520 3358 krdle
543 3302 631 3359 Karla
648 3305 675 3357 d.
693 3323 709 3356 c
727 3307 809 3356 Praae
825 3307 844 3355 8
860 3305 954 3356 meana
979 3304 1097 3370 (achboto
1116 3305 1239 3371 precioso
1257 3313 1317 3359 cote

113 3403 177 3454 icam
194 3402 375 3455 moericordic
392 3401 500 3461 domini)
519 3403 588 3452 1348
613 3399 690 3468 (orig.
709 3415 726 3452 r
743 3399 854 3454 arohirn
872 3416 906 3453 m.
925 3398 1034 3469 Jihlary
1052 3398 1075 3454 d.
1094 3399 1168 3469 tela)
1186 3399 1316 3470 ryehtaii,

113 3498 166 3552 idm
185 3515 203 3552 a
220 3496 263 3551 vii
280 3496 341 3550 obci
359 3497 448 3550 mesta
464 3493 584 3564 Jihlary,
602 3495 737 3549 ahtertm
752 3494 803 3563 jim
821 3492 927 3564 addluja
944 3494 1050 3565 ntlezy,
1068 3494 1148 3550 interd
1165 3511 1203 3550 na
1220 3497 1318 3551 andmn

115 3608 163 3663 euy
179 3594 245 3664 byly
263 3609 299 3647 na
315 3591 452 3663 prospdch
470 3590 619 3646 zemalrdho
637 3593 708 3645 miru
733 3589 884 3659 (ordinacio
909 3591 1060 3647 communia
1084 3591 1162 3663 pacis
1180 3606 1230 3662 per
1247 3607 1317 3646 nou-

113 3697 187 3744 rtam
205 3688 240 3742 de
258 3686 372 3742 Boemia
394 3702 476 3756 quam
500 3685 626 3742 Morauia
651 3686 770 3741 barones
790 3693 817 3740 et
834 3685 1000 3753 vladicones,
1028 3686 1123 3742 fideles
1148 3692 1257 3743 nocuos
1276 3686 1318 3741 di·

115 3822 121 3847 ,
136 3801 185 3854 par
193 3784 353 3852 juramenta
363 3782 518 3853 corporalia
534 3781 588 3837 hiis
604 3780 701 3836 diebus
714 3780 837 3852 proxima
849 3782 990 3851 preteritis
1003 3783 1032 3837 in
1045 3782 1165 3854 generali
1179 3781 1318 3853 colloquio

113 3879 194 3936 edita
212 3887 240 3934 at
256 3879 383 3949 firmata),
401 3879 564 3934 avktertm
582 3877 698 3946 uloiany
717 3876 780 3948 bply
797 3877 905 3948 polruty
916 3895 954 3933 na
964 3884 1002 3950 ty,
1020 3878 1092 3934 kdoi
1111 3879 1147 3947 by
1165 3893 1203 3933 na
1215 3877 1318 3949 poki'ik

113 3974 153 4030 Tne
164 3992 178 4032 a
190 3975 331 4047 popravci,
349 3974 462 4042 vladaii,
479 3974 557 4045 rytiii
570 3973 695 4044 ajiuymi
712 3971 789 4027 lidrni
807 3973 929 4029 nehonili
947 3973 1076 4030 alodince.
1093 3974 1139 4029 Na
1153 3975 1318 4030 submotum

113 4073 140 4126 ah
151 4074 223 4129 stolo
235 4089 266 4128 se
280 4075 400 4141 sumam,
418 4074 451 4126 ie
462 4071 529 4140 maji
540 4070 660 4141 potrrati
672 4068 776 4140 lrrdmy,
794 4071 874 4127 lutere
886 4072 950 4142 hyly
963 4074 997 4125 ιιι
1010 4087 1044 4127 aa
1055 4070 1132 4126 ursle
1144 4070 1265 4126 violare
1276 4068 1318 4137 113

113 4184 115 4220 z
135 4171 166 4224 ia
182 4169 303 4224 krbrnuii
326 4168 395 4223 sami
413 4166 529 4234 nesmbji
546 4165 626 4221 varici
643 4165 709 4235 pira
732 4167 778 4223 ani
796 4166 879 4221 delati
898 4165 987 4236 sladd,
1012 4166 1096 4237 nybri
1114 4168 1147 4221 ie
1164 4168 1238 4223 muel
1252 4164 1318 4236 piro

113 4270 128 4317 ιι
143 4282 160 4319 a
175 4284 192 4320 ιι
210 4263 351 4319 mdstedek
374 4264 491 4332 nejbltie
512 4263 563 4332 jim
586 4263 744 4333 pisseiicich
768 4263 909 4333 kuporat'u
946 4261 1136 4329 (Tomasehelr,
1160 4260 1318 4318 Deutsohes

113 4360 156 4414 ¹iu
174 4359 349 4415 Oestarreich
368 4365 416 4414 atr.
435 4365 499 4427 3343
527 4359 625 4430 Chytil,
654 4357 747 4413 Codex
773 4356 914 4413 Moraviaa
931 4357 992 4411 Vll
1016 4363 1065 4412 etr.
1090 4361 1141 4411 ιιι
1166 4355 1318 4427 numech,

113 4471 120 4506 ι
137 4456 191 4522 jur.
213 4454 321 4510 behem.
340 4456 373 4509 II.
393 4461 441 4508 etr.
459 4460 501 4521 24,
530 4455 601 4509 kdai
621 4454 690 4509 vsak
710 4453 825 4522 omylem
843 4454 862 4506 k
882 4470 902 4508 r.
923 4458 990 4509 1350
1013 4451 1171 4522 detortus.)
1189 4483 1222 4494 -
1241 4457 1317 4509 Sror.

113 4550 182 4618 tajnt
208 4549 333 4605 naiizeni
361 4549 403 4603 kr.
429 4547 516 4604 Karia
540 4550 578 4604 IV
596 4552 622 4604 d.
641 4569 657 4602 c
676 4553 758 4603 Pocae
781 4554 815 4601 25
832 4550 922 4603 deboc
945 4552 1015 4601 1348
1038 4549 1099 4605 ohci
1124 4565 1159 4605 m.
1183 4546 1317 4604 Kledaka.

113 4661 163 4701 ner
181 4661 199 4700 a
216 4645 342 4712 Hohaua,
360 4644 633 4713 Geschichtsqnellen
651 4643 700 4699 der
718 4641 879 4700 Graischait
897 4643 976 4699 Glatz
994 4645 1015 4698 1.
1034 4650 1082 4699 ιιι.
1100 4647 1154 4711 ιιι.)
