3098 5392
671 431 746 485 ¹⁸⁹⁸·
1296 430 1359 498 911

58 635 190 705 posaditi,
216 635 268 705 uby
287 640 316 690 to
334 636 354 689 k
372 635 523 690 obecudmu
541 635 677 691 dobremn
700 635 883 709 potlebnemu
902 652 919 690 a
936 635 1107 692 ulitednemu
1126 638 1198 708 bylo,
1217 654 1234 693 a
1251 637 1273 693 ti
1288 638 1358 707 jms-

59 735 160 786 noram'
183 730 296 800 peckali
315 747 332 787 a
350 731 459 798 iernlci
479 732 685 802 spolumeitdnd
703 733 773 802 raii,
792 733 896 802 nomap'l
915 735 945 788 se
964 732 1036 803 proti
1055 739 1131 787 tomn
1150 732 1274 804 posaditi
1292 733 1360 805 [uad

60 830 108 881 tim
127 827 277 898 piipsdno:
303 827 408 896 nemajl
426 828 461 883 od
481 828 708 899 spolumestenoo
733 828 826 884 vaiich
845 829 937 884 bllrlro
962 842 993 882 rs
1016 829 1203 901 posazorati];
1228 830 1305 900 palili
1322 830 1359 900 oy

58 934 87 977 co
107 923 180 992 bylo,
197 925 230 976 ie
249 923 284 993 by
302 940 338 979 na
355 930 384 978 to
402 923 537 980 uoltitnis
556 925 679 982 svoboda
702 940 881 997 posazenona
900 924 963 997 [sic]
982 924 1047 996 byla
1065 925 1155 982 anebo
1174 934 1251 981 nato
1271 925 1359 996 dtua3

57 1018 145 1088 tehdy
163 1019 235 1073 mnii
250 1026 280 1074 to
299 1019 378 1075 redle
397 1021 462 1076 toho
480 1025 636 1077 roreanano
648 1022 706 1093 byti
719 1039 737 1077 a
748 1037 887 1092 aprareno
899 1024 986 1093 prdra
998 1020 1051 1076 dle.
1068 1020 1225 1093 Zapedetdu
1238 1021 1300 1077 nail
1311 1039 1359 1093 pe-

58 1115 122 1170 deti.
140 1145 175 1155 -
193 1115 254 1170 Den
274 1131 401 1172 ersamen
419 1117 634 1188 burgormciater
650 1117 705 1173 rnd
723 1133 885 1188 gesuornen
902 1118 1086 1173 rathmannen
1105 1117 1156 1173 der
1176 1118 1252 1174 stadt
1269 1117 1359 1185 Luna,

59 1227 163 1266 unsren
182 1210 356 1268 hesuuderen
374 1220 459 1283 guter
477 1213 642 1269 frondeum.

634 1511 699 1588 (lis.
725 1521 798 1588 707.

383 1711 480 1793 1398,
502 1711 524 1778 7
545 1710 750 1797 listopadu.
781 1710 837 1779 Na
860 1693 1034 1780 Zebrtre.

56 1904 146 1972 Krec
177 1903 290 1970 Vdclov
312 1905 334 1969 l
339 1904 368 1968 V
376 1904 523 1987 povoluje
543 1902 689 1986 mosten
710 1904 933 1988 epitaciuy'm
953 1924 995 1969 m.
1019 1905 1119 1984 Loca,
1153 1904 1214 1988 obp
1236 1903 1358 1987 Icoupilc‘

60 2020 102 2082 16
124 2017 183 2101 kop
204 2041 254 2102 pr.
277 2016 404 2085 reontio
427 2017 528 2083 droku
556 2040 602 2084 na
623 2017 733 2085 stethu
753 2018 938 2085 soooodnen
959 2017 1016 2084 aab
1038 2015 1201 2084 manahim
1225 2019 1354 2102 pojiltc-

56 2132 148 2208 nelo,
180 2132 336 2216 ajehoito
366 2131 511 2198 doemon
540 2132 580 2214 by
608 2152 641 2198 se
669 2132 740 2198 vcdl
768 2129 890 2198 ndhlod
920 2151 965 2197 aa
986 2130 1087 2197 raoni
1105 2130 1178 2208 cudi,
1192 2131 1246 2215 jer
1267 2131 1306 2214 dy
1325 2152 1358 2197 sc

130 2268 166 2311 uo
181 2245 312 2332 fernim
333 2243 447 2312 hostete
468 2244 601 2311 sloubilo
623 2266 645 2309 o
667 2243 688 2307 lc
709 2245 762 2309 nti
783 2243 824 2325 by
844 2242 988 2326 lopiano
1009 2245 1094 2310 sami
1111 2243 1276 2327 poddoolo'.

163 2464 373 2531 Wenceslaus
407 2464 460 2530 dei
492 2464 602 2545 gracia
634 2464 850 2529 Romanorum
890 2481 946 2529 rex
982 2481 1107 2546 semper
1137 2469 1295 2546 augustus
1326 2471 1359 2531 et

57 2579 194 2645 Boemie
214 2596 281 2644 rex.
325 2577 446 2644 Notum
469 2577 606 2643 iacimus
629 2581 741 2643 tenore
763 2578 967 2658 presencium
990 2577 1162 2659 uniuersis,
1186 2577 1359 2660 quodcum

52 2692 157 2776 judex
187 2697 220 2757 et
245 2690 348 2775 jurati
379 2689 523 2756 ciuitatis
545 2693 657 2755 nostre
679 2688 851 2770 Lunensis,
887 2688 999 2756 fideles
1022 2690 1125 2755 nostri
1148 2689 1271 2772 dilecti,
1299 2709 1358 2773 pro

58 2811 188 2873 matura
210 2806 312 2871 missa
335 2804 369 2870 in
391 2804 513 2870 honore
534 2802 629 2869 beate
651 2803 756 2868 Mario
779 2802 915 2886 uirginis
942 2804 976 2868 in
1003 2802 1142 2870 ecclesia
1162 2803 1360 2886 parrochiali

57 2920 206 2987 eiusdem
226 2918 371 2985 ciuitatis
391 2917 529 3000 singulis
549 2916 665 2982 diebus
677 2918 711 2982 iu
725 2934 842 2982 aurore
862 2916 983 2999 iugiter
998 2915 1201 2983 decantanda
1218 2916 1359 2984 sedecim

58 3051 239 3116 sexagenas
256 3050 373 3099 consus
389 3032 489 3097 annui
507 3049 694 3112 comparare
715 3035 905 3112 proponant,
921 3029 1015 3096 nobis
1030 3049 1088 3112 pro
1104 3035 1198 3112 parte
1213 3030 1357 3113 ipsorum

59 3151 150 3213 extat
171 3145 337 3210 humiliter
359 3144 585 3226 supplicatum,
608 3148 767 3225 quatenus
790 3142 832 3207 ad
852 3142 1051 3225 empcionem
1074 3143 1292 3225 predictarum
1309 3163 1357 3210 se

58 3261 166 3325 decim
196 3276 428 3341 sexagenorum
459 3275 575 3323 census
605 3257 704 3322 annui
736 3274 927 3323 consensum
958 3262 991 3322 et
1020 3275 1189 3323 assensum
1212 3263 1357 3323 nostrum

58 3373 216 3439 adhibere
238 3373 391 3455 ipsasque
414 3391 471 3455 pro
487 3371 597 3437 rsibus
614 3370 772 3453 capellani
793 3376 826 3437 et
841 3371 1031 3438 clericorum
1047 3371 1181 3438 eandem
1196 3376 1356 3437 maturam

58 3487 194 3552 missam
228 3486 366 3567 singulis
400 3484 514 3550 diebus
544 3484 785 3551 decantantium
817 3485 1033 3567 incorporare,
1068 3485 1275 3566 inviscerare,
1299 3504 1355 3550 an·

58 3605 191 3666 nectere
221 3605 253 3664 et
283 3599 375 3664 vnire
397 3598 577 3681 graciosius
608 3597 823 3679 dignaremur.
870 3596 937 3663 Nos
969 3615 1055 3678 uero,
1089 3598 1144 3681 (lui
1175 3603 1250 3664 rota
1280 3616 1357 3681 quo-

57 3712 214 3778 rumlibet
243 3713 329 3778 iuste
360 3712 542 3793 potenciam
565 3729 623 3793 pro
653 3707 770 3776 affectu
801 3711 1051 3793 complectimur,
1085 3712 1256 3795 presertim
1286 3730 1357 3778 cum

57 3829 149 3892 iuste
171 3824 356 3908 petentibus
379 3843 442 3890 non
467 3825 511 3890 sit
533 3823 742 3906 denegandus
762 3842 925 3904 assensus,
941 3829 1115 3906 pensantes
1132 3826 1234 3892 eciam
1249 3825 1358 3891 multi-

58 3938 162 4022 plicia
184 3936 356 4020 probitatis
380 3942 413 4002 et
431 3936 599 4003 fidelitatis
615 3935 768 4020 obsequia
784 3936 876 4003 nobis
892 3956 950 4020 per
965 3939 1107 4021 prefatos
1124 3939 1213 4005 ciues
1228 3943 1357 4005 nostros

57 4052 230 4117 Lunenses
252 4051 420 4132 hucusque
442 4049 605 4114 feruenter
627 4048 770 4114 exhibita
793 4056 825 4115 et
840 4069 994 4132 processu
1008 4052 1163 4134 temporis
1176 4071 1214 4118 eo
1226 4051 1356 4135 quidem

57 4165 244 4232 ferueucius
278 4163 466 4243 exhibenda,
501 4169 534 4227 et
569 4168 604 4227 ut
637 4163 742 4228 cultus
776 4163 908 4229 diuinus
942 4169 975 4230 et
1003 4165 1075 4230 laus
1104 4165 1157 4230 dei
1189 4166 1357 4248 genitricis

57 4277 201 4359 amplius
231 4281 399 4358 augeatur,
433 4295 495 4342 non
525 4294 583 4358 per
614 4295 754 4342 errorem
785 4282 843 4341 aut
864 4277 1058 4360 improuide,
1092 4277 1150 4344 sed
1172 4279 1279 4345 animo
1302 4278 1357 4345 de

57 4391 200 4458 liberato
222 4389 264 4455 ad
287 4389 486 4472 empcionem
509 4396 542 4454 et
565 4393 840 4473 comparecionem
862 4390 1080 4473 predictarum
1102 4390 1244 4458 sedecim
1266 4409 1358 4460 sexa·

58 4522 215 4589 genarum
239 4521 355 4570 census
379 4504 489 4583 annui,
513 4509 682 4586 postquam
704 4523 761 4586 per
781 4503 922 4586 prelatos
943 4505 1032 4571 ciues
1048 4510 1176 4572 nosnos
1190 4506 1357 4573 Lunenses

57 4620 94 4684 in
129 4618 222 4684 bonis
252 4617 363 4683 liberis
399 4621 432 4682 et
460 4635 524 4682 non
555 4616 735 4682 feodalibus
774 4618 806 4682 in
835 4635 934 4700 regno
967 4622 1078 4685 nostro
1112 4618 1245 4687 Boemie
1277 4618 1358 4685 situ·
