3098 5392
241 397 325 463 1122
855 393 933 444 uro.

238 623 332 686 noue,
355 603 391 670 iu
413 620 479 668 rna
501 601 718 683 processione,
741 602 824 667 tales
847 619 912 667 non
935 599 1053 666 debent
1076 598 1242 682 cuiquam,
1267 598 1451 667 dnmmodo
1470 600 1532 682 ipris

240 736 331 784 more
354 722 507 784 consueto
532 704 681 798 satisfiat,
703 715 943 799 quomodolibet
964 714 1128 797 denegari.
1163 713 1251 779 Item
1269 713 1535 799 presbyterium

244 830 382 897 ecclesie
404 848 442 895 ac
466 831 650 912 quicunque
673 828 730 894 alii
753 828 898 893 uniuersi
914 833 947 894 et
962 826 1084 909 singuli
1100 827 1270 893 nemiuem
1288 827 1537 895 decumbcncim

240 945 326 1010 intra
357 946 461 1010 metas
493 942 694 1026 Malynensis
726 940 895 1022 parrochie
921 940 1046 1006 insuia
1070 939 1230 1005 extremis
1254 939 1540 1009 debentinducere

241 1057 464 1141 quonismodo,
500 1055 585 1139 qnod
618 1060 697 1136 aput
731 1072 848 1120 nouam
882 1053 1053 1120 ecclesiam
1086 1053 1300 1135 sepulturam
1335 1075 1432 1122 suam
1463 1056 1541 1137 eliget

240 1176 296 1236 aut
316 1172 380 1236 iam
403 1170 537 1237 electam
560 1171 707 1249 inmutet,
732 1168 782 1234 nel
806 1173 842 1234 nt
865 1168 905 1234 ad
921 1167 1055 1234 eandem
1077 1167 1262 1251 quidquam
1287 1169 1450 1237 testando
1476 1171 1543 1252 leget

239 1285 292 1351 uel
315 1303 373 1367 per
397 1284 527 1349 modurn
559 1283 748 1350 donacionis
780 1299 879 1348 causa
900 1281 1013 1346 mortis
1041 1280 1093 1345 uel
1116 1283 1319 1348 testamenti
1346 1290 1430 1365 puta
1452 1300 1545 1366 perpe

239 1405 329 1463 tuam
359 1397 493 1463 missam
523 1401 579 1462 aut
609 1395 724 1478 queuis
754 1394 820 1459 alia
850 1394 957 1474 donet,
987 1410 1179 1477 quocunqne
1213 1395 1360 1461 nomine
1388 1396 1468 1463 talia
1488 1416 1545 1463 cen

242 1517 384 1578 scantur.
429 1509 511 1576 Item
544 1510 591 1576 sic
623 1508 826 1575 econtrario
857 1507 1002 1572 uniuersi
1034 1511 1067 1571 et
1096 1506 1223 1590 singuli
1252 1509 1433 1591 sepedicta
1454 1529 1545 1594 perro

242 1624 358 1691 chialis
382 1624 519 1690 ecclesie
543 1623 575 1687 in
598 1623 730 1705 Melyna
756 1626 813 1687 ant
835 1620 1031 1702 capellarum
1054 1619 1116 1686 sibi
1139 1639 1357 1690 annexarum
1383 1623 1545 1708 presbyteri

241 1740 401 1805 neminem
424 1737 543 1804 debent
565 1742 713 1803 auertere
738 1737 809 1801 siue
832 1734 1070 1816 quomodolibet
1093 1734 1294 1803 abstrahere
1319 1737 1365 1804 ab
1394 1739 1545 1806 allectione

242 1872 300 1920 sue
323 1854 489 1935 sepulture
512 1870 568 1918 seu
593 1852 633 1917 ab
657 1850 865 1917 ordinacione
889 1850 940 1915 sui
962 1848 1149 1914 testamenti
1171 1867 1237 1931 pro
1255 1851 1346 1918 locis
1362 1858 1399 1918 et
1414 1852 1544 1935 personis

240 1966 438 2050 quibuslibet
459 1965 617 2046 facienda,
642 1965 744 2030 ueluti
768 1981 826 2029 sue
849 1963 1081 2045 complacuerit
1096 1963 1285 2039 uoluntati.
1330 1966 1418 2033 Item
1441 1966 1543 2032 utrius

242 2098 304 2164 que
320 2079 433 2163 partis,
457 2079 584 2145 scilicet
605 2083 670 2144 tam
694 2095 777 2143 noue
793 2076 930 2142 ecclesie
946 2094 1041 2158 quam
1057 2075 1160 2141 eciam
1176 2078 1411 2158 parrochialis
1426 2079 1544 2146 ecclesie

244 2195 277 2259 in
301 2193 432 2275 blalyna
462 2211 585 2257 necnon
617 2210 746 2257 suarum
778 2191 974 2272 capellarum
1003 2188 1044 2255 ad
1076 2189 1182 2272 ipsam
1222 2196 1466 2273 spectancinm,
1486 2210 1543 2276 pre

246 2306 405 2372 dicatores
440 2323 618 2372 sermonem
652 2309 709 2370 aut
738 2304 871 2370 uerbum
900 2304 953 2370 dei
987 2303 1129 2369 ferentes
1163 2302 1208 2369 ad
1242 2307 1410 2388 populum
1443 2306 1542 2373 debent

245 2418 392 2485 omnibus
423 2419 549 2501 magnis
580 2418 709 2485 festinis
740 2418 854 2484 diebus
882 2417 970 2484 fideli
994 2415 1129 2484 consilio
1152 2416 1338 2486 audientes
1363 2440 1442 2488 suos
1465 2420 1542 2486 iudu-

245 2550 319 2599 cere
341 2532 565 2612 ammonendo,
590 2532 673 2614 quod
699 2531 740 2597 de
758 2532 833 2615 jure
857 2530 992 2614 quilibet
1012 2530 1046 2596 ln
1061 2548 1120 2596 sua
1135 2533 1319 2613 parrochia
1336 2540 1418 2601 tnnc
1432 2538 1541 2602 manat

242 2650 300 2710 aut
330 2646 437 2711 saltim
468 2645 566 2710 uerbo
596 2645 636 2709 de
659 2645 736 2711 alibi
766 2645 878 2711 audito
907 2644 949 2710 ad
972 2645 1136 2727 propriam
1171 2646 1358 2714 ecclesiam
1393 2649 1541 2716 redectet

246 2777 305 2824 suo
328 2756 464 2840 plebano
488 2758 560 2822 iura
583 2757 645 2823 sibi
669 2756 779 2824 debita
794 2757 904 2838 faciat,
921 2756 1030 2838 ibique
1046 2754 1200 2823 obediens
1218 2759 1344 2828 audiat
1360 2764 1540 2829 voluntatem

119 2869 122 2873 ’
245 2871 296 2936 sui
320 2871 463 2953 episcopi
487 2876 520 2935 et
542 2871 701 2935 mandata.
747 2871 829 2936 Item
853 2871 881 2936 si
905 2870 979 2952 quis
1006 2868 1046 2934 de
1068 2868 1284 2939 fraternitate
1308 2894 1401 2942 noue
1423 2874 1540 2943 ecclesie

245 2990 379 3066 cuperet
400 2983 518 3048 habere
545 2984 685 3049 scolares
708 2985 849 3049 lecturos
873 2983 1063 3065 psalterium
1094 2983 1181 3049 circa
1204 2983 1311 3053 funus
1337 2990 1427 3055 intra
1448 3006 1539 3072 perro

245 3099 351 3165 chiam
386 3098 608 3180 Malynensem
642 3102 698 3162 aut
732 3097 764 3160 in
796 3115 927 3161 suarum
961 3096 1056 3162 metis
1090 3101 1124 3161 et
1155 3100 1315 3167 terminis
1350 3103 1537 3187 capellarum

246 3213 334 3294 ipsos
359 3211 444 3277 circa
468 3211 571 3276 scolas
595 3210 698 3277 dictas
722 3211 905 3292 superiores
931 3215 963 3276 et
985 3230 1048 3276 non
1063 3210 1143 3276 alibi
1159 3212 1304 3295 recipiat
1326 3223 1386 3282 aut
1403 3220 1536 3282 assnmn.

245 3325 399 3408 quociens
421 3324 521 3389 fuerit
544 3328 766 3404 opportunum.
806 3321 841 3388 Si
864 3323 936 3406 quis
958 3327 1065 3390 autem
1089 3323 1198 3405 uellet,
1233 3328 1325 3408 quod
1351 3330 1487 3397 scolares
1505 3324 1536 3389 de

246 3457 330 3504 nona
361 3437 498 3504 ecclesia
529 3436 719 3518 psalterium
753 3438 898 3518 legerent
929 3437 1015 3503 circa
1043 3436 1152 3518 funus,
1187 3449 1335 3520 possunt
1367 3444 1428 3510 boc
1448 3445 1534 3525 ipsun

245 3551 335 3617 licite
365 3550 473 3616 lacere
502 3550 721 3616 tantummodo
753 3551 786 3615 in
810 3568 894 3616 noua
917 3550 1054 3617 ecclesia
1084 3553 1135 3618 uel
1160 3553 1282 3621 saltem
1314 3557 1351 3621 in
1376 3557 1444 3623 suis
1468 3552 1532 3620 lirni-

245 3666 332 3731 tibus
355 3665 397 3730 ad
421 3664 554 3730 eandem
579 3664 810 3746 spectantibus,
836 3664 939 3730 eciam
953 3663 1106 3748 quociens
1125 3665 1188 3732 boc
1203 3666 1309 3735 tuerit
1325 3677 1531 3753 opportunum

249 3780 328 3844 Item
354 3797 394 3842 ne
418 3797 530 3843 manus
555 3778 748 3843 elemosinas
771 3776 878 3843 iacere
901 3777 1080 3844 rolencinm
1104 3779 1326 3859 quouismodo
1351 3783 1531 3851 etsnmrtac

248 3893 475 3974 permittantur
507 3892 646 3957 scolares
681 3910 764 3956 noue
794 3891 931 3958 ecclesie
960 3891 1100 3958 hansirc
1126 3892 1340 3962 recordatum
1375 3897 1416 3963 ad
1440 3895 1530 3961 donor

247 4014 470 4071 montanorum
486 4025 557 4070 cunr
575 4009 680 4084 cantu,
705 4005 811 4086 simul,
836 4006 863 4070 si
887 4006 1022 4088 placeat,
1046 4006 1160 4073 inuno
1185 4010 1318 4074 cumulo
1342 4017 1401 4077 aut
1418 4008 1529 4076 forsitan

249 4121 279 4184 in
313 4119 448 4200 duobus,
475 4120 621 4203 juniores
652 4124 760 4184 autem
792 4124 824 4185 et
847 4121 975 4201 paruuli
1001 4125 1139 4203 possunt
1168 4121 1277 4188 eciam
1300 4124 1394 4191 licite
1414 4120 1529 4190 transire

248 4233 288 4297 ad
320 4233 430 4298 domos
462 4233 579 4298 montis
611 4232 748 4314 predicti
771 4234 998 4315 mendicatum,
1034 4233 1326 4320 quocienscunque
1356 4239 1418 4306 hoc
1445 4239 1528 4320 ipsun

249 4347 371 4412 eisdem
393 4347 490 4412 fuerit
516 4353 740 4429 opportunum.
775 4347 856 4413 item
880 4348 1057 4431 presbyteri
1082 4366 1165 4415 noue
1188 4351 1332 4418 ecclesie
1356 4372 1418 4420 non
1433 4349 1526 4416 leben

249 4459 387 4540 amplius
421 4460 455 4524 in
488 4460 598 4541 vigilia
632 4460 824 4526 Natiuitatis
857 4459 989 4543 Christi,
1024 4461 1297 4533 circumcisionis
1332 4470 1366 4532 et
1402 4459 1528 4548 Eplietit

248 4573 388 4638 transire
421 4573 461 4637 ad
493 4574 603 4639 domos
633 4582 857 4640 montanorum
886 4580 976 4641 extra
1006 4592 1082 4641 suas
1113 4583 1219 4643 metas
1249 4578 1524 4647 calendientnmtl
