3098 5392
723 446 797 496 ¹³⁸4·
1354 446 1416 512 281

132 650 208 716 feria
240 653 380 719 secunda
413 656 487 734 post
520 652 713 719 dominicam
746 654 966 720 Reminisoere
999 655 1142 736 proxima
1175 674 1259 720 anno
1294 654 1415 719 domini

136 766 295 831 millesimo
319 767 545 833 trecentesimo
568 768 731 833 tricesimo
754 773 876 850 quarto.

230 919 322 973 liniba
340 921 464 988 panretnt
486 938 520 973 m.
540 917 672 975 lioniinre
689 939 704 974 a
722 938 743 974 r.
765 926 831 975 1406
856 922 927 975 nal.
947 928 996 975 113
1014 937 1031 974 v
1049 921 1160 975 archiru
1184 939 1218 976 m.
1237 920 1367 975 Kouiime
1385 937 1418 974 za

143 1015 263 1081 utpisem:
285 1015 341 1079 ,De
360 1017 546 1070 arrestooione
566 1016 770 1071 storicorum!
790 1048 824 1058 -
842 1017 942 1085 Emler,
960 1018 1080 1085 Rogesta
1098 1018 1143 1071 Il'.
1162 1018 1184 1070 b.
1205 1024 1244 1071 lb.

672 1284 778 1365 *Cla
804 1300 876 1366 168.

377 1451 478 1532 1334,
502 1454 545 1521 22
567 1454 701 1522 unora.
724 1453 780 1522 Na
802 1452 952 1523 floraob
975 1455 1169 1541 Kutnyoh.

152 1621 295 1709 llorooslcy'
317 1625 484 1692 markrabl
505 1628 613 1704 Κανά,
644 1627 740 1711 obteje
762 1629 889 1713 pomeri
917 1628 1109 1712 obyvotelllm
1134 1632 1234 1695 alesia
1257 1629 1416 1704 Koro'o'mll,

151 1729 211 1800 bet
228 1737 336 1804 oanan
358 1738 457 1824 sully
480 1741 608 1824 atrpeli,
633 1744 779 1839 potroluje
793 1743 867 1826 jim,
897 1743 958 1824 obp
980 1743 1051 1809 mllo'
1072 1741 1169 1808 leolem
1191 1744 1291 1807 mesto
1321 1738 1415 1806 rohd-

151 1847 195 1912 aab
211 1849 399 1937 hermiam,
433 1853 595 1932 Mediolon,
623 1855 784 1922 leanlltbm
807 1879 828 1922 a
845 1856 950 1941 jioy'm
971 1854 1191 1922 leaeslallrbm
1216 1855 1419 1937 proeoaovoli

702 1972 845 2036 r'emeslo.

230 2143 368 2209 Karolus
391 2145 513 2210 domini
536 2147 638 2211 nostri
654 2147 741 2227 regis
764 2146 896 2211 Boemie
918 2147 1160 2228 primogenitus,
1183 2147 1325 2212 marollio
1348 2145 1417 2210 Mo·

153 2254 225 2319 nnio.
258 2257 476 2323 Prudentibus
499 2259 578 2324 viris
604 2259 719 2341 judioi,
750 2260 935 2324 oonsulibus
962 2264 995 2324 et
1023 2259 1205 2325 hominibus
1235 2261 1269 2325 in
1293 2259 1416 2337 Gnrim,

153 2362 271 2434 fidelibus
294 2371 438 2451 paternis
460 2377 493 2436 et
513 2372 634 2436 nostris
663 2372 801 2452 dilectis,
835 2373 1025 2438 salutemet
1048 2391 1141 2437 omne
1161 2372 1287 2437 bonum.
1335 2372 1413 2436 bni-

154 2480 362 2548 naduertentes
395 2484 566 2549 nonnullas
599 2485 792 2566 grauedines
816 2491 940 2550 vestras
971 2489 1004 2550 et
1032 2485 1241 2565 incommoda,
1275 2504 1354 2568 quas
1385 2489 1418 2550 et

154 2606 195 2667 que
213 2595 363 2661 hactenus
387 2596 466 2661 ostis
488 2597 635 2679 perpessi
657 2602 726 2662 tum
748 2617 787 2662 ex
809 2598 895 2679 ignis
919 2598 1079 2664 incendiis
1102 2602 1136 2662 ot
1157 2599 1318 2680 voragine,
1350 2604 1417 2663 tum

154 2718 178 2765 or
188 2707 252 2773 aliis
275 2709 393 2774 vestris
416 2709 654 2790 vexationibus,
680 2729 738 2791 per
760 2728 822 2792 que
843 2709 1013 2801 facultates
1030 2716 1136 2776 vestre
1158 2717 1233 2777 sunt
1248 2717 1418 2778 extenuate

153 2831 195 2882 non
223 2822 381 2887 modicum
412 2828 445 2887 et
473 2823 637 2903 exhauste,
671 2823 879 2904 volentesque
901 2823 992 2889 vobis
1023 2830 1055 2889 et
1077 2831 1184 2890 vestre
1214 2825 1349 2906 pecunie
1377 2823 1417 2889 ob

154 2944 177 2991 ea
194 2942 399 3015 opportunum
416 2936 449 3000 in
465 2954 502 3000 eo
519 2941 552 3000 ot
567 2937 599 3000 in
616 2937 689 3001 aliis
712 2936 865 3002 adhibere
887 2938 1073 3017 remedium,
1097 2939 1136 3001 (le
1152 2939 1261 3017 procia
1282 2938 1414 3019 speciali

153 3047 328 3112 obsedimus
352 3049 454 3129 robis,
485 3051 656 3114 statuimus
683 3056 715 3114 et
738 3050 949 3130 derernimus,
982 3058 1139 3132 qnatenus
1166 3052 1339 3114 autoritate
1363 3070 1417 3132 pa·

153 3158 220 3221 lerna
239 3167 271 3225 et
292 3166 403 3226 nostra
427 3180 537 3226 omnes
559 3162 769 3242 tabernarios,
799 3164 915 3244 fabros,
940 3164 1106 3230 carnifices
1130 3183 1187 3229 seu
1209 3183 1417 3246 quoscunque

153 3267 211 3334 alios
229 3273 368 3339 artifices
392 3281 424 3338 et
445 3276 647 3341 mechanicos
670 3277 703 3340 in
728 3277 864 3342 circuitu
888 3279 1031 3342 ciuitatis
1055 3284 1161 3345 vestre
1184 3277 1223 3341 ad
1241 3296 1349 3341 omnes
1366 3277 1416 3340 sui

154 3390 234 3456 panes
256 3388 340 3452 infra
367 3389 512 3470 spacium
535 3391 630 3454 ruins
660 3390 796 3455 miliaris
827 3392 1166 3456 oireunrlereneialitor
1195 3391 1318 3471 positos
1347 3410 1417 3471 pro-

153 3489 244 3579 hibere,
268 3520 406 3579 cassare,
431 3501 596 3566 destruere
619 3521 677 3568 neo
692 3505 820 3583 morari,
845 3509 931 3567 stare
947 3523 1003 3568 seu
1019 3523 1133 3585 <speras
1147 3523 1254 3568 rormn
1270 3522 1418 3568 exercere

153 3610 285 3678 efacere
308 3615 443 3677 valeatis
467 3616 567 3680 libere
589 3622 621 3679 et.
644 3617 783 3697 impune,
808 3618 923 3682 l'aotnri
948 3619 980 3681 in
1004 3637 1041 3681 oo
1065 3618 1208 3682 ciuitatis
1226 3622 1331 3681 restro
1347 3636 1417 3698 pre-

151 3716 214 3787 dicto
233 3727 453 3792 condicionem
476 3729 648 3794 meliorem.
695 3729 885 3794 blandamus
909 3732 1019 3810 itaque
1042 3731 1202 3796 rniuersis
1225 3737 1255 3795 et
1280 3730 1417 3809 singulis

149 3828 297 3905 baronibus
314 3846 346 3906 et
362 3840 532 3920 nobilibus,
558 3841 758 3923 officialibus,
782 3843 908 3907 claribus
925 3848 957 3908 ot
971 3844 1153 3909 horninibus
1169 3844 1259 3924 regni
1275 3843 1416 3922 Boemio,

144 3955 327 4026 presentibus
351 3960 384 4019 et
405 3954 532 4034 futuris,
564 3961 721 4037 quatenns
745 3975 800 4020 vos
825 3961 936 4020 eontra
965 3957 1147 4021 lruiusmorli
1178 3964 1321 4022 nostram
1344 3976 1418 4021 oon-

140 4068 302 4133 ressionem
326 4087 389 4132 non
421 4069 559 4133 debeant
591 4070 775 4151 aliqualiter
803 4072 974 4134 molestare
1007 4090 1064 4135 noo
1087 4071 1126 4134 ab
1149 4071 1224 4134 aliis
1254 4069 1418 4135 molestari

135 4182 320 4262 permittant,
337 4183 599 4263 indignacionem
614 4189 765 4262 nostram,
783 4185 810 4246 si
823 4190 932 4248 eontra
948 4190 1139 4264 attemptare
1155 4183 1418 4265 presumpserint,

130 4296 267 4369 arauitor
289 4296 461 4361 incursuri.
501 4294 623 4358 Horum
648 4296 732 4359 serie
755 4296 943 4361 litterarum.
969 4297 1085 4377 quibus
1109 4297 1249 4374 sigillum
1274 4303 1419 4360 nost-rum

127 4407 272 4473 clusimus
296 4408 531 4488 apponendum.
556 4409 675 4472 blatum
692 4409 724 4471 in
750 4407 885 4471 Cbutnis
909 4428 991 4471 anrro
1015 4409 1135 4472 ‹lomini
1159 4409 1330 4474 millesimo
1354 4415 1417 4473 tro-

124 4525 297 4588 eentesimo
321 4522 486 4587 tricesimo
518 4527 641 4603 quarto,
666 4521 718 4584 die
742 4521 894 4584 vicesimo
925 4521 1065 4585 serundo
1096 4523 1216 4586 lirensis
1239 4522 1416 4602 Februarii,

121 4639 304 4703 indiccione
327 4637 477 4701 secunda.
