3098 5392
200 447 244 509 44
823 446 899 497 uass.

201 658 234 718 et
263 650 484 738 generaliterb
509 654 666 736 omnibus,
690 673 752 737 que
774 654 860 720 inira
889 654 1033 735 spacium
1066 649 1231 736 miliaria&
1254 654 1289 718 in
1310 654 1448 736 longum
1468 662 1501 721 et

200 767 235 830 in
257 767 358 831 latum
380 767 466 832 dicte
489 766 640 832 adiacent
661 768 798 847 ciuitati,
814 784 1006 848 quocunque
1022 767 1151 833 nomine
1171 771 1375 846 nauseantem,
1392 768 1501 835 locare

202 886 235 945 et
256 878 424 945 fructifera
444 880 537 946 nobis
559 880 666 946 lacere
691 881 807 946 debeat
829 880 889 946 sub
910 880 991 960 iure,
1014 879 1222 962 psccionibus
1244 885 1278 945 et
1299 880 1502 946 condicioni·

201 993 262 1057 bus
278 992 476 1057 subnotatis:
491 992 627 1058 Tenebit
641 993 726 1058 enim
749 992 856 1059 dictus
880 990 1050 1058 Cunradus
1073 998 1106 1058 et
1127 992 1180 1058 sui
1200 992 1337 1059 heredes
1359 993 1501 1075 legitimi

202 1106 373 1171 masculini
396 1124 492 1171 sexus
514 1088 723 1172 aduocaciam
744 1112 777 1172 et
787 1107 948 1189 judicium
963 1107 1108 1172 ciuitatis
1131 1107 1276 1171 eiusdem
1297 1105 1333 1171 iu
1347 1106 1501 1172 Policzelr

203 1223 236 1282 et
257 1218 407 1283 villarum
429 1219 580 1299 omnium,
604 1237 668 1301 que
696 1220 828 1284 suntin
850 1220 993 1301 presenti
1016 1223 1049 1284 et
1070 1218 1149 1284 fient
1169 1219 1204 1283 in
1225 1223 1393 1300 posterum
1415 1219 1502 1284 inira

203 1331 307 1395 dictas
326 1335 429 1396 metas
451 1331 642 1397 hereditatis
656 1333 772 1412 tocius,
792 1332 866 1414 jure
888 1332 1093 1398 hereditario.
1117 1331 1286 1414 Fruntque
1306 1336 1376 1396 tam
1397 1331 1434 1396 in
1456 1332 1500 1396 ci·

203 1444 306 1508 nitate
338 1461 435 1524 quam
467 1444 502 1508 iu
536 1444 622 1510 villis
648 1444 723 1527 jura
753 1449 786 1509 et
818 1444 951 1525 iudicia,
981 1463 1043 1526 que
1074 1445 1110 1508 in
1133 1443 1268 1509 ciuitate
1288 1448 1403 1510 nostra
1424 1443 1501 1508 Alta

203 1557 296 1621 Muta
313 1560 347 1620 et
361 1557 448 1621 villis
471 1556 693 1622 adiacentibus
716 1556 820 1621 eidem
843 1557 953 1637 vigere
973 1561 1158 1621 noscuntur.
1182 1556 1226 1621 Et
1247 1556 1312 1621 due
1332 1561 1445 1637 partes
1461 1556 1500 1621 de

202 1669 323 1735 iudicio
347 1687 405 1734 nos
429 1669 631 1750 contingent;
655 1669 830 1734 homicidia
854 1687 981 1751 quoque
1003 1674 1037 1734 st
1057 1670 1153 1750 culpe
1173 1669 1322 1748 maiores,
1347 1687 1413 1751 que
1430 1673 1499 1734 tan·

203 1786 283 1863 gunt
313 1781 510 1845 sentenciam
539 1780 708 1861 sanguinis
743 1785 777 1845 et
810 1787 947 1862 pergami
974 1782 1009 1845 in
1031 1781 1198 1846 interitum
1220 1799 1444 1862 personarum,
1466 1782 1498 1846 in

202 1893 289 1958 villis
311 1897 494 1974 perpetrate
516 1892 745 1957 iudicabuntur
767 1912 826 1974 per
847 1893 970 1959 dictum
992 1892 1178 1959 Cunradum
1191 1899 1249 1958 aut
1270 1912 1349 1960 suos
1364 1893 1496 1959 heredes

203 2006 254 2070 vel
276 2024 358 2084 eum,
383 2006 437 2086 qui
461 2005 492 2069 ei
514 2023 571 2086 per
592 2006 791 2087 empciouem
813 2005 990 2087 legitimam
1013 2011 1070 2070 aut
1092 2006 1161 2071 suis
1176 2006 1350 2072 heredibus
1373 2023 1496 2071 sucees-

203 2118 284 2183 serit
312 2120 345 2181 in
377 2117 526 2182 Policzek
556 2118 690 2182 ciuitate
719 2122 880 2199 pretaota;
904 2137 1019 2183 causas
1049 2137 1124 2184 vero
1147 2118 1287 2184 minores
1308 2117 1496 2184 iudicabunt

204 2231 330 2295 iudices
360 2231 509 2294 villarum
542 2231 679 2310 illarum,
714 2232 750 2295 in
779 2230 896 2314 quibus
926 2237 1110 2312 perpetrate
1131 2231 1260 2298 fuerint.
1283 2231 1329 2296 Et
1351 2231 1381 2297 si
1403 2231 1495 2296 fuerit

203 2362 286 2425 pena
315 2343 522 2425 peccuniaria
543 2361 601 2423 pro
625 2344 719 2424 culpa
741 2343 911 2408 duodecim
933 2343 1083 2409 denarios
1106 2362 1169 2408 non
1191 2343 1437 2423 transcendens,
1459 2343 1493 2407 ad

202 2459 310 2539 ipsum
343 2456 420 2520 ville
452 2455 601 2534 iudicem,
635 2456 670 2520 in
704 2474 768 2536 qua
799 2456 876 2521 talis
910 2475 1060 2521 excessus
1094 2455 1194 2521 fuerit
1221 2460 1440 2537 perpetratum,
1467 2460 1497 2520 et

203 2571 327 2635 nullum
350 2569 449 2633 alium
481 2568 671 2649 pertinebit3
706 2569 734 2633 si
774 2586 849 2633 vero
878 2569 981 2633 maior
1012 2568 1112 2633 fuerit
1139 2567 1310 2633 duodecim
1344 2568 1494 2647 donanis,

204 2684 266 2747 due
288 2687 397 2762 partes
419 2680 626 2762 pertinebunt
647 2680 740 2745 nobis
764 2686 796 2745 et
816 2682 919 2745 tercia
941 2700 1016 2762 pars
1040 2681 1132 2747 cedet
1161 2680 1313 2746 Conrado
1336 2681 1412 2746 siue
1432 2681 1497 2747 suis

204 2794 376 2858 heredibus
405 2794 457 2858 vel
490 2793 636 2875 emptori,
667 2797 699 2859 et
721 2793 762 2858 de
783 2793 844 2857 hac
866 2798 958 2874 pnite
986 2795 1089 2859 tercia
1105 2793 1206 2875 juder
1227 2794 1314 2874 rille,
1338 2793 1397 2875 qui
1418 2793 1499 2857 iudi-

205 2908 290 2972 cabit
322 2909 404 2972 hanc
438 2925 576 2987 causam,
611 2907 748 2987 recipiet
780 2910 904 2988 partem
933 2907 1066 2971 terciam
1089 2911 1122 2970 et
1143 2907 1202 2971 hac
1237 2906 1299 2970 erit
1322 2909 1498 2971 contentus.

204 3019 344 3085 Habebit
366 3037 493 3101 quoque
515 3020 621 3084 dictus
645 3018 814 3084 Cunradus
838 3023 870 3083 et
892 3019 944 3084 sui
966 3019 1100 3083 heredes
1127 3024 1184 3084 aut
1205 3023 1339 3100 emptor,
1362 3024 1399 3083 vt
1420 3018 1500 3083 diri-

203 3152 284 3212 mus‚
315 3134 396 3197 duos
425 3134 535 3197 laneos
568 3131 687 3197 liberos
720 3131 842 3213 absque
871 3150 969 3196 ceusu
999 3138 1033 3196 et
1053 3137 1163 3213 pacto;
1194 3132 1272 3196 item
1294 3132 1329 3196 in
1350 3131 1500 3197 Policnelr

204 3246 337 3309 ciuitate
352 3244 415 3309 duo
437 3245 578 3309 maccela
599 3264 657 3325 pro
680 3244 857 3309 vendendis
880 3244 1030 3309 carnibus
1053 3250 1086 3309 et
1098 3244 1233 3310 totidem
1248 3262 1306 3325 pro
1322 3244 1500 3309 vendendis

205 3358 342 3438 panibus
365 3357 466 3421 libera
489 3362 521 3421 et
543 3376 562 3421 a
586 3375 684 3422 ceusu
706 3358 819 3423 soluta.
844 3357 926 3422 Item
947 3359 980 3421 in
1003 3356 1394 3423 Lewendorfthabernam
1406 3374 1500 3421 uuam

204 3471 305 3535 libere
333 3468 498 3548 tenebunt,
528 3475 561 3534 et
582 3470 670 3533 nulle
692 3470 756 3534 alie
778 3470 931 3535 thabeme
962 3470 1093 3534 stabunt
1113 3488 1171 3550 per
1193 3470 1287 3535 villas
1310 3469 1395 3535 alias
1416 3469 1501 3535 inira

205 3582 365 3662 prenotati
395 3582 540 3662 spacimn
568 3582 715 3661 miliaris,
754 3581 811 3646 sed
841 3582 944 3646 solum
973 3582 1067 3647 modo
1089 3582 1125 3646 in
1146 3582 1296 3647 Policzek
1316 3581 1404 3647 iufra
1435 3599 1502 3647 nm-

203 3694 307 3758 bitum
322 3694 475 3759 ciuitatis.
498 3693 578 3758 Item
599 3695 633 3758 iu
650 3698 788 3776 quatuor
810 3694 889 3759 locis
905 3694 1067 3758 habebunt
1088 3692 1324 3776 decursiones⁴)
1344 3712 1504 3775 aquarum

203 3824 262 3887 pro
285 3807 477 3872 molendinis
498 3807 651 3889 parandis
675 3813 708 3871 et
730 3825 768 3870 ea
790 3806 890 3871 libere
912 3806 1132 3888 possidebunt
1178 3808 1254 3872 Alia
1282 3824 1359 3872 vero
1382 3808 1501 3873 molen-

205 3918 291 3999 dina,
322 3919 351 3983 si
381 3937 443 3999 que
464 3918 535 3984 fieri
556 3921 706 4001 poterint,
729 3921 819 3983 iuxta
840 3919 1013 4001 proborum
1035 3920 1177 3985 virorum
1205 3920 1498 3985 estimacionemet

205 4032 407 4097 taxacionem
435 4032 528 4097 nobis
562 4032 603 4096 ad
636 4033 834 4097 solucionem
866 4050 1006 4096 annuam
1037 4032 1232 4097 tenebuntur
1256 4035 1423 4097 transacto
1445 4049 1495 4096 soe

207 4150 351 4227 tempore
372 4145 542 4210 libertatis.
566 4146 616 4209 De
638 4144 725 4226 agris
740 4164 816 4209 vero
840 4148 873 4209 et
886 4144 1075 4225 hereditate,
1092 4163 1155 4225 que
1176 4162 1347 4226 perunum
1365 4144 1495 4221 miliaro,

207 4263 242 4321 vt
264 4259 414 4337 diximus,
437 4257 565 4322 adiacet
587 4263 760 4322 memorate
783 4257 909 4321 ciuitati
931 4257 964 4320 in
987 4256 1147 4338 Policzek‚
1181 4257 1237 4341 qui
1259 4257 1404 4322 estimati
1427 4264 1496 4322 sunt

206 4371 290 4434 vltra
322 4368 453 4452 quaml)
489 4370 531 4435 ad
560 4371 760 4451 octingentos
783 4370 902 4449 laneos,
937 4370 1127 4435 locabuntur
1149 4368 1191 4434 ad
1213 4370 1381 4435 ciuitatem
1411 4371 1498 4451 quin·

210 4484 365 4565 quaginta
391 4483 486 4561 lanei,
510 4501 646 4564 quorum
677 4499 880 4563 possessores
913 4500 971 4562 per
1000 4482 1110 4547 decern
1143 4488 1176 4547 et
1208 4487 1280 4548 octo
1312 4501 1417 4549 annos
1448 4482 1501 4548 ba·

206 4595 328 4661 bebunt
361 4595 543 4660 libertatem
575 4596 609 4659 in
644 4594 789 4661 omuibus
813 4595 988 4676 plenariam
1022 4600 1055 4659 et
1083 4594 1266 4676 perfectam.
1297 4596 1408 4662 Incole
1428 4613 1503 4663 uero
