3098 5392
676 449 753 501 raas.
1284 448 1350 515 101

47 656 219 711 transeuntis
240 660 269 710 et
287 670 305 711 a
322 654 389 710 uilla
406 654 488 711 Clncz
506 655 536 710 in
554 669 674 712 ascensu
696 671 784 726 usqne
802 656 836 712 ad
855 654 1025 725 superiorem
1044 652 1144 720 villam,
1167 671 1221 725 que
1239 654 1352 727 Zpritoc

49 752 119 807 dicta
147 760 201 818 est,
233 756 318 822 prout
347 751 417 822 ipsis
447 752 554 807 ciuibus
584 751 762 822 presentibus
793 750 1004 821 pertransiendo
1031 750 1165 805 terminos
1194 751 1352 817 statuimus,

49 848 174 919 quitquid
193 849 271 903 intra
287 848 421 903 terminos
440 855 574 903 metarum
592 849 708 905 istarum
726 848 870 903 inuentum
894 848 986 913 fuerit,
1009 848 1038 901 in
1056 846 1109 900 hiis
1128 846 1269 901 ambarum
1287 846 1352 901 ciui-

49 950 135 998 tatum
147 944 282 999 consules
301 951 329 997 et
346 944 430 999 iurati
447 944 476 998 in
488 943 745 1000 mensuracionibus
758 944 895 999 moncinm
916 949 944 997 st
961 943 990 996 in
1008 941 1096 997 laneis
1107 940 1277 997 buriensium
1291 944 1352 1013 (sic)

51 1057 146 1110 equam
165 1040 303 1109 recipient
321 1040 489 1109 porcionem,
508 1040 620 1095 excluso
638 1046 732 1096 tamen
751 1054 793 1106 eo,
815 1047 844 1094 rt
869 1040 1076 1111 qualescunque
1101 1052 1184 1092 cause
1209 1038 1352 1095 iudiciario

52 1137 183 1190 maiorum
212 1135 391 1191 articulorum
409 1136 469 1191 siue
487 1152 633 1193 causarum
657 1136 731 1191 intra
754 1134 842 1191 dictos
861 1136 995 1191 terminos
1022 1132 1192 1200 emerserint,
1218 1134 1252 1189 ad
1276 1135 1352 1191 ciues

54 1232 269 1287 Cbaalanienses
296 1230 473 1289 discuciende
502 1241 531 1289 et
560 1233 707 1290 iudicando
736 1233 908 1303 integraliter
936 1231 1117 1288 deducantur.
1151 1231 1179 1287 Si
1209 1230 1256 1299 qui
1286 1245 1352 1284 nero

56 1335 159 1382 montes
179 1334 260 1382 entra
277 1327 329 1383 bos
348 1329 481 1385 terminos
501 1330 634 1386 elaborati
652 1329 764 1397 inerint,
782 1330 888 1386 ciuitati
901 1329 953 1385 sibi
966 1328 1092 1385 niciniori
1110 1327 1255 1383 atinebnnt
1270 1331 1353 1395 ntqne

58 1422 213 1478 deseruient
239 1422 325 1492 pleno
352 1423 419 1480 iure.
454 1423 483 1480 Si
510 1426 572 1496 quis
600 1432 691 1481 autem
719 1426 889 1497 prefatorum
909 1425 1011 1480 ciuium
1028 1431 1125 1481 contra
1141 1424 1254 1479 decreta
1271 1422 1353 1476 buius

59 1519 158 1573 arbitrii
176 1519 266 1574 nostri
284 1519 375 1574 aliene
392 1520 535 1591 quitquam
552 1527 707 1592 atemptare
728 1522 918 1593 presumserit,
937 1526 1014 1577 certa
1026 1521 1193 1592 probatione
1210 1519 1354 1574 conuictus

63 1621 201 1685 penetres
220 1621 363 1672 centarnm
381 1631 533 1672 marcarum
564 1617 671 1687 argenti
689 1618 855 1687 subiacebit3
884 1618 982 1673 harum
1013 1622 1105 1672 autem
1132 1621 1241 1669 centnm
1268 1613 1355 1669 incliti

64 1708 157 1766 domini
191 1711 280 1766 nostri
310 1712 382 1782 regis
408 1711 522 1768 kamere
548 1713 729 1780 ascribentur,
757 1715 829 1785 parti
857 1712 976 1769 aduerso
1003 1718 1122 1778 centnm,
1152 1710 1232 1766 nobis
1263 1714 1354 1765 antem

66 1806 253 1863 mediatoribus
271 1807 384 1863 debebit
402 1824 468 1879 pars
484 1808 571 1864 tercia
588 1808 717 1866 deriuari.
745 1809 782 1865 Vt
800 1815 893 1865 autem
912 1809 994 1865 huius
1013 1807 1119 1864 arbitrii
1136 1806 1225 1862 nostri
1243 1804 1356 1860 decreta

69 1912 140 1973 atque
156 1912 264 1962 statuta
279 1905 380 1961 robore
398 1910 534 1976 perpetuo
552 1905 709 1973 fulciantur,
731 1912 890 1977 presentem
914 1904 1148 1975 conscripcionem
1167 1902 1228 1958 tisri
1246 1902 1354 1958 ordina·

71 1999 144 2055 uinus
160 2001 308 2072 ipsamque
325 2000 422 2071 sigillis
440 2001 581 2057 ambarum
600 2001 742 2058 ciuitatum
760 2001 889 2057 duximus
909 1999 1092 2057 roborandam
1112 2005 1139 2054 et
1158 1997 1261 2054 notatis
1276 1998 1354 2053 testi-

72 2095 114 2152 bus
128 2098 249 2168 ydoneis,
268 2114 384 2171 qnorum
403 2098 515 2156 nomina
533 2099 750 2169 subsequentur:
770 2099 891 2154 Henrioo
907 2097 1002 2167 judice
1018 2095 1237 2162 Zchazlauiensi,
1252 2094 1354 2163 juratis

76 2190 170 2250 ibidem:
195 2195 340 2267 Poppono,
366 2194 511 2252 Walthero
535 2194 608 2250 dicto
634 2194 762 2262 Schorer,
788 2195 920 2250 Heinrico
948 2194 1006 2248 filio
1033 2191 1198 2263 Rapotonis,
1226 2191 1354 2246 cunrado

77 2283 167 2359 bongo;
192 2290 367 2362 Gyselberto,
381 2289 476 2359 jndice
496 2289 675 2358 Coloniense3
699 2290 802 2358 juratis
821 2288 936 2345 ibidem:
964 2287 1115 2356 Gotburdo,
1143 2287 1272 2355 Martino,
1299 2285 1354 2357 Ny-

80 2384 145 2453 oolao,
160 2385 303 2444 Tbilmauo
322 2394 406 2458 atque
423 2385 569 2454 Bertoldo;
595 2384 737 2443 Montana
760 2391 866 2442 autem:
894 2383 1031 2451 Cristano,
1055 2384 1182 2455 Poplino,
1199 2383 1309 2439 Berone
1327 2389 1356 2438 et

83 2482 158 2537 eoem
174 2500 255 2555 qnam
272 2482 403 2554 pluribus
420 2480 476 2538 fide
493 2481 592 2552 dignis.
620 2483 690 2538 Aeta
709 2487 752 2536 est
770 2487 862 2537 antem
881 2481 932 2535 hec
950 2480 1078 2537 ordinata
1095 2480 1262 2551 composicio
1280 2496 1354 2535 anno

85 2574 190 2637 loninioe
218 2580 424 2638 incarnacionis
447 2578 708 2646 Mrccuxxxffl,
734 2578 837 2634 xvnr
863 2577 999 2635 kalendas
1016 2577 1203 2635 Decembris.“
1241 2577 1353 2646 (Emler,

86 2669 177 2743 Roseus
191 2677 229 2734 Π.
247 2676 360 2748 tama,
378 2676 488 2735 lrtomn
504 2691 576 2734 sror.
594 2677 638 2735 tei
656 2674 781 2744 butt.)

617 2959 633 2998 *
658 2942 721 3024 Cis.
747 2959 799 3026 37.

437 3131 532 3215 1287,
556 3130 577 3197 5
599 3132 785 3218 prosince.
807 3130 840 3200 V
861 3129 992 3199 Prone.

89 3301 146 3373 lod
173 3308 293 3375 Vcicloo
329 3310 371 3373 11.
399 3305 569 3391 piikaaujc
600 3327 644 3372 aa
678 3306 874 3388 oprooocdni
904 3311 1008 3372 mosis
1040 3308 1142 3371 misto
1171 3301 1358 3388 Npmborba

85 3414 157 3492 jedna
188 3421 307 3487 br'a‘ema
340 3420 461 3487 stiibro
497 3417 624 3487 rotatio
653 3419 749 3501 plato
781 3438 815 3484 ce
844 3420 924 3485 dono
956 3419 1053 3485 tonas
1087 3416 1358 3505 (Siroociteckpclql

89 3538 204 3600 loeta
227 3533 364 3616 bameh,
381 3531 479 3617 jabob
500 3534 513 3598 i
533 3530 662 3598 esseben
692 3529 813 3596 dicbod
834 3551 851 3596 a
872 3536 975 3597 mostra
1006 3534 1146 3597 resisto
1170 3538 1247 3614 pies
1270 3531 1356 3597 Labe

88 3645 234 3716 rosolio.
283 3648 344 3713 Pr'a'
365 3652 428 3712 tom
444 3647 607 3731 polcpitp‘e
632 3643 753 3711 dichod
781 3643 897 3709 cobbo
919 3645 1104 3727 nor'ioenim,
1135 3646 1170 3709 le
1190 3642 1359 3710 cabrosio

86 3749 143 3823 bue*
159 3763 197 3828 do
210 3782 290 3828 eoru
310 3758 524 3846 roffloicnc'bo
547 3758 602 3826 mci
624 3780 657 3824 se
678 3759 838 3825 budoucni
857 3759 950 3826 misto
968 3760 1029 3842 pell
1045 3760 1163 3842 persico
1177 3760 1273 3842 jedes
1294 3759 1360 3843 celii

255 3858 257 3865 ¹
548 3873 641 3958 penis
663 3872 713 3938 clo
734 3871 883 3954 upbiroti.

166 4049 382 4118 wenceslaus
404 4048 457 4115 dei
479 4049 587 4131 gracia
610 4067 666 4114 rex
698 4048 830 4114 Boemie
852 4053 885 4113 et
906 4047 1048 4113 marchio
1079 4046 1235 4128 Morauie,
1259 4048 1360 4114 omni·

76 4160 124 4230 bus
159 4166 315 4232 noticiam
354 4163 617 4246 subscriptorum.
664 4162 715 4226 Ad
751 4163 843 4243 regni
882 4163 983 4228 nostri
1014 4167 1117 4226 status
1147 4159 1274 4226 felicius
1311 4163 1360 4227 in·

71 4286 264 4347 crementum
310 4277 417 4344 iacere
462 4275 622 4342 credimus
666 4292 704 4339 oe
743 4275 917 4340 salutarem
957 4278 1139 4340 nostrorum
1180 4275 1385 4356 progenito·v

65 4413 130 4460 rum
153 4393 335 4461 remedium
360 4390 537 4456 salubriter
560 4406 748 4472 promouere
772 4406 948 4471 speramus,
979 4388 1008 4453 si
1031 4389 1253 4470 generalitatis
1277 4409 1360 4455 eom·

63 4509 154 4576 moda
186 4507 380 4593 specialiter
412 4509 621 4587 procurantes
653 4523 700 4583 ea,
738 4522 800 4587 que
830 4504 894 4585 ipsi
926 4503 1149 4585 progenitores
1183 4503 1285 4568 nostri
1319 4503 1360 4569 od

59 4618 499 4709 salntemprouchcndamet
520 4635 676 4701 aquarum
698 4616 889 4684 transitibus
911 4621 944 4682 et
966 4616 1117 4700 pontibus
1139 4636 1198 4700 pro
1221 4616 1361 4685 utilitato
