<?xml version="1.0" encoding="UTF-8"?>
<!DOCTYPE html PUBLIC "-//W3C//DTD XHTML 1.0 Transitional//EN"
    "http://www.w3.org/TR/xhtml1/DTD/xhtml1-transitional.dtd">
<html xmlns="http://www.w3.org/1999/xhtml" xml:lang="en" lang="en">
 <head>
  <title>
</title>
<meta http-equiv="Content-Type" content="text/html;charset=utf-8" />
  <meta name='ocr-system' content='tesseract 3.04.00' />
  <meta name='ocr-capabilities' content='ocr_page ocr_carea ocr_par ocr_line ocrx_word'/>
</head>
<body>
  <div class='ocr_page' id='page_1' title='image "./sbrkapramenprva01kingoog/sbrkapramenprva01kingoog_0972.png"; bbox 0 0 3098 5392; ppageno 0'>
   <div class='ocr_carea' id='block_1_1' title="bbox 675 463 1357 529">
    <p class='ocr_par' dir='ltr' id='par_1_1' title="bbox 675 463 1357 529">
     <span class='ocr_line' id='line_1_1' title="bbox 675 463 1357 529; baseline 0 -16"><span class='ocrx_word' id='word_1_1' title='bbox 675 466 751 515; x_wconf 82' lang='lat' dir='ltr'>raso.</span> <span class='ocrx_word' id='word_1_2' title='bbox 1293 463 1357 529; x_wconf 74' lang='lat'>927</span> 
     </span>
    </p>
   </div>
   <div class='ocr_carea' id='block_1_2' title="bbox 53 667 1360 979">
    <p class='ocr_par' dir='ltr' id='par_1_2' title="bbox 53 667 1360 979">
     <span class='ocr_line' id='line_1_2' title="bbox 54 667 1359 751; baseline 0.003 -20"><span class='ocrx_word' id='word_1_3' title='bbox 54 668 179 749; x_wconf 78' lang='lat' dir='ltr'>rubccla,</span> <span class='ocrx_word' id='word_1_4' title='bbox 202 672 256 751; x_wconf 71' lang='lat' dir='ltr'>J&#39;ei</span> <span class='ocrx_word' id='word_1_5' title='bbox 278 667 373 734; x_wconf 74' lang='lat' dir='ltr'>totilae</span> <span class='ocrx_word' id='word_1_6' title='bbox 397 670 458 751; x_wconf 71' lang='lat' dir='ltr'>pull</span> <span class='ocrx_word' id='word_1_7' title='bbox 483 668 569 734; x_wconf 76' lang='lat' dir='ltr'>mila</span> <span class='ocrx_word' id='word_1_8' title='bbox 588 670 627 733; x_wconf 82' lang='lat' dir='ltr'>od</span> <span class='ocrx_word' id='word_1_9' title='bbox 649 672 752 733; x_wconf 71' lang='lat' dir='ltr'>rosceto</span> <span class='ocrx_word' id='word_1_10' title='bbox 775 668 904 733; x_wconf 69' lang='lat' dir='ltr'>Staium</span> <span class='ocrx_word' id='word_1_11' title='bbox 926 668 1075 733; x_wconf 57' lang='lat' dir='ltr'>caddono</span> <span class='ocrx_word' id='word_1_12' title='bbox 1089 671 1165 750; x_wconf 68' lang='lat' dir='ltr'>pest,</span> <span class='ocrx_word' id='word_1_13' title='bbox 1188 691 1209 734; x_wconf 86' lang='lat' dir='ltr'>a</span> <span class='ocrx_word' id='word_1_14' title='bbox 1230 675 1359 735; x_wconf 73' lang='lat' dir='ltr'>asturco-</span> 
     </span>
     <span class='ocr_line' id='line_1_3' title="bbox 53 780 1360 864; baseline 0.003 -18"><span class='ocrx_word' id='word_1_15' title='bbox 53 784 137 864; x_wconf 82' lang='lat' dir='ltr'>vuje,</span> <span class='ocrx_word' id='word_1_16' title='bbox 159 783 192 846; x_wconf 70' lang='lat' dir='ltr'>ie</span> <span class='ocrx_word' id='word_1_17' title='bbox 215 782 408 848; x_wconf 73' lang='lat' dir='ltr'>Klodrubsti</span> <span class='ocrx_word' id='word_1_18' title='bbox 422 784 435 847; x_wconf 78' lang='lat' dir='ltr'>i</span> <span class='ocrx_word' id='word_1_19' title='bbox 449 782 572 850; x_wconf 69' lang='lat' dir='ltr'>odiebm</span> <span class='ocrx_word' id='word_1_20' title='bbox 592 784 715 848; x_wconf 76' lang='lat' dir='ltr'>estetsi</span> <span class='ocrx_word' id='word_1_21' title='bbox 734 781 892 863; x_wconf 76' lang='lat' dir='ltr'>obyoatcld</span> <span class='ocrx_word' id='word_1_22' title='bbox 914 780 1033 864; x_wconf 70' lang='lat' dir='ltr'>opalia</span> <span class='ocrx_word' id='word_1_23' title='bbox 1052 783 1125 848; x_wconf 76' lang='lat' dir='ltr'>mili</span> <span class='ocrx_word' id='word_1_24' title='bbox 1145 781 1360 850; x_wconf 67' lang='lat' dir='ltr'>doloremdolus</span> 
     </span>
     <span class='ocr_line' id='line_1_4' title="bbox 54 895 1358 979; baseline 0.002 -19"><span class='ocrx_word' id='word_1_25' title='bbox 54 895 185 960; x_wconf 77' lang='lat' dir='ltr'>Str&#39;s&#39;bro</span> <span class='ocrx_word' id='word_1_26' title='bbox 206 918 225 960; x_wconf 85' lang='lat' dir='ltr'><em>v</em></span> <span class='ocrx_word' id='word_1_27' title='bbox 247 901 341 960; x_wconf 83' lang='lat' dir='ltr'>tomto</span> <span class='ocrx_word' id='word_1_28' title='bbox 364 898 462 962; x_wconf 64' lang='lat' dir='ltr'>misti</span> <span class='ocrx_word' id='word_1_29' title='bbox 485 896 618 979; x_wconf 76' lang='lat' dir='ltr'>potr&#39;eby</span> <span class='ocrx_word' id='word_1_30' title='bbox 641 896 704 971; x_wconf 73' lang='lat' dir='ltr'>sod,</span> <span class='ocrx_word' id='word_1_31' title='bbox 733 895 854 961; x_wconf 74' lang='lat' dir='ltr'>avldltd</span> <span class='ocrx_word' id='word_1_32' title='bbox 873 895 920 960; x_wconf 71' lang='lat' dir='ltr'>tta</span> <span class='ocrx_word' id='word_1_33' title='bbox 937 895 1023 978; x_wconf 79' lang='lat' dir='ltr'>pico,</span> <span class='ocrx_word' id='word_1_34' title='bbox 1051 897 1135 979; x_wconf 79' lang='lat' dir='ltr'>maji</span> <span class='ocrx_word' id='word_1_35' title='bbox 1153 895 1358 979; x_wconf 78' lang='lat' dir='ltr'>nakopooati.</span> 
     </span>
    </p>
   </div>
   <div class='ocr_carea' id='block_1_3' title="bbox 49 1112 1362 4708">
    <p class='ocr_par' dir='ltr' id='par_1_3' title="bbox 49 1112 1362 4708">
     <span class='ocr_line' id='line_1_5' title="bbox 162 1112 1361 1199; baseline 0.006 -23"><span class='ocrx_word' id='word_1_36' title='bbox 162 1112 373 1181; x_wconf 78' lang='lat' dir='ltr'>wenceslaus</span> <span class='ocrx_word' id='word_1_37' title='bbox 408 1115 460 1180; x_wconf 90' lang='lat' dir='ltr'>dei</span> <span class='ocrx_word' id='word_1_38' title='bbox 492 1115 598 1197; x_wconf 86' lang='lat' dir='ltr'>gratia</span> <span class='ocrx_word' id='word_1_39' title='bbox 632 1115 848 1181; x_wconf 89' lang='lat' dir='ltr'>Romanorum</span> <span class='ocrx_word' id='word_1_40' title='bbox 883 1132 940 1179; x_wconf 85' lang='lat' dir='ltr'>rex</span> <span class='ocrx_word' id='word_1_41' title='bbox 975 1133 1102 1197; x_wconf 83' lang='lat' dir='ltr'>semper</span> <span class='ocrx_word' id='word_1_42' title='bbox 1136 1121 1293 1199; x_wconf 81' lang='lat' dir='ltr'>augustus</span> <span class='ocrx_word' id='word_1_43' title='bbox 1327 1122 1361 1183; x_wconf 90' lang='lat' dir='ltr'>et</span> 
     </span>
     <span class='ocr_line' id='line_1_6' title="bbox 55 1226 1359 1311; baseline 0.002 -18"><span class='ocrx_word' id='word_1_44' title='bbox 55 1228 211 1293; x_wconf 86' lang='lat' dir='ltr'>Boemiae</span> <span class='ocrx_word' id='word_1_45' title='bbox 226 1245 291 1293; x_wconf 84' lang='lat' dir='ltr'>rex.</span> <span class='ocrx_word' id='word_1_46' title='bbox 315 1227 435 1293; x_wconf 91' lang='lat' dir='ltr'>Notum</span> <span class='ocrx_word' id='word_1_47' title='bbox 458 1226 595 1295; x_wconf 83' lang='lat' dir='ltr'>fecimus</span> <span class='ocrx_word' id='word_1_48' title='bbox 618 1232 730 1295; x_wconf 87' lang='lat' dir='ltr'>tenore</span> <span class='ocrx_word' id='word_1_49' title='bbox 745 1229 965 1310; x_wconf 85' lang='lat' dir='ltr'>praesentium</span> <span class='ocrx_word' id='word_1_50' title='bbox 986 1229 1158 1311; x_wconf 82' lang='lat' dir='ltr'>universis,</span> <span class='ocrx_word' id='word_1_51' title='bbox 1182 1230 1359 1311; x_wconf 85' lang='lat' dir='ltr'>quodlicet</span> 
     </span>
     <span class='ocr_line' id='line_1_7' title="bbox 55 1340 1358 1428; baseline 0.002 -23"><span class='ocrx_word' id='word_1_52' title='bbox 55 1341 179 1405; x_wconf 92' lang='lat' dir='ltr'>dudum</span> <span class='ocrx_word' id='word_1_53' title='bbox 202 1341 244 1406; x_wconf 92' lang='lat' dir='ltr'>ad</span> <span class='ocrx_word' id='word_1_54' title='bbox 259 1341 449 1407; x_wconf 77' lang='lat' dir='ltr'>instantiam</span> <span class='ocrx_word' id='word_1_55' title='bbox 464 1341 609 1423; x_wconf 87' lang='lat' dir='ltr'>religiosi</span> <span class='ocrx_word' id='word_1_56' title='bbox 630 1342 823 1417; x_wconf 81' lang='lat' dir='ltr'>Raozlronis,</span> <span class='ocrx_word' id='word_1_57' title='bbox 838 1340 999 1428; x_wconf 91' lang='lat' dir='ltr'>quondam</span> <span class='ocrx_word' id='word_1_58' title='bbox 1015 1341 1142 1408; x_wconf 90' lang='lat' dir='ltr'>abbatis</span> <span class='ocrx_word' id='word_1_59' title='bbox 1157 1343 1191 1408; x_wconf 94' lang='lat' dir='ltr'>in</span> <span class='ocrx_word' id='word_1_60' title='bbox 1208 1340 1358 1425; x_wconf 85' lang='lat' dir='ltr'>Gladrub,</span> 
     </span>
     <span class='ocr_line' id='line_1_8' title="bbox 57 1453 1359 1536; baseline 0.001 -16"><span class='ocrx_word' id='word_1_61' title='bbox 57 1454 231 1536; x_wconf 91' lang='lat' dir='ltr'>oppidanis</span> <span class='ocrx_word' id='word_1_62' title='bbox 254 1454 376 1521; x_wconf 89' lang='lat' dir='ltr'>ibidem</span> <span class='ocrx_word' id='word_1_63' title='bbox 398 1456 431 1521; x_wconf 94' lang='lat' dir='ltr'>in</span> <span class='ocrx_word' id='word_1_64' title='bbox 455 1453 596 1521; x_wconf 82' lang='lat' dir='ltr'>cladrub</span> <span class='ocrx_word' id='word_1_65' title='bbox 619 1456 794 1521; x_wconf 91' lang='lat' dir='ltr'>indulserit</span> <span class='ocrx_word' id='word_1_66' title='bbox 816 1461 927 1522; x_wconf 88' lang='lat' dir='ltr'>nostra</span> <span class='ocrx_word' id='word_1_67' title='bbox 950 1455 1118 1535; x_wconf 89' lang='lat' dir='ltr'>serenitas,</span> <span class='ocrx_word' id='word_1_68' title='bbox 1143 1461 1180 1521; x_wconf 91' lang='lat' dir='ltr'>ut</span> <span class='ocrx_word' id='word_1_69' title='bbox 1205 1455 1359 1521; x_wconf 81' lang='lat' dir='ltr'>videlicet</span> 
     </span>
     <span class='ocr_line' id='line_1_9' title="bbox 57 1547 1359 1651; baseline 0.001 -18"><span class='ocrx_word' id='word_1_70' title='bbox 57 1568 124 1650; x_wconf 92' lang='lat' dir='ltr'>ipsi</span> <span class='ocrx_word' id='word_1_71' title='bbox 148 1568 183 1633; x_wconf 94' lang='lat' dir='ltr'>in</span> <span class='ocrx_word' id='word_1_72' title='bbox 207 1567 293 1634; x_wconf 86' lang='lat' dir='ltr'>dicto</span> <span class='ocrx_word' id='word_1_73' title='bbox 315 1568 462 1651; x_wconf 92' lang='lat' dir='ltr'>ipsorum</span> <span class='ocrx_word' id='word_1_74' title='bbox 485 1570 604 1651; x_wconf 93' lang='lat' dir='ltr'>oppido</span> <span class='ocrx_word' id='word_1_75' title='bbox 628 1547 732 1635; x_wconf 88' lang='lat' dir='ltr'>iorum</span> <span class='ocrx_word' id='word_1_76' title='bbox 756 1568 970 1651; x_wconf 88' lang='lat' dir='ltr'>septimanale</span> <span class='ocrx_word' id='word_1_77' title='bbox 991 1569 1104 1650; x_wconf 82' lang='lat' dir='ltr'>quinta</span> <span class='ocrx_word' id='word_1_78' title='bbox 1126 1568 1209 1635; x_wconf 83' lang='lat' dir='ltr'>feria</span> <span class='ocrx_word' id='word_1_79' title='bbox 1230 1568 1359 1651; x_wconf 87' lang='lat' dir='ltr'>habere,</span> 
     </span>
     <span class='ocr_line' id='line_1_10' title="bbox 58 1680 1360 1766; baseline 0.001 -18"><span class='ocrx_word' id='word_1_80' title='bbox 58 1680 233 1748; x_wconf 90' lang='lat' dir='ltr'>obseruare</span> <span class='ocrx_word' id='word_1_81' title='bbox 264 1688 296 1747; x_wconf 93' lang='lat' dir='ltr'>et</span> <span class='ocrx_word' id='word_1_82' title='bbox 326 1687 392 1748; x_wconf 88' lang='lat' dir='ltr'>tam</span> <span class='ocrx_word' id='word_1_83' title='bbox 423 1688 566 1749; x_wconf 87' lang='lat' dir='ltr'>ementes</span> <span class='ocrx_word' id='word_1_84' title='bbox 596 1702 692 1766; x_wconf 92' lang='lat' dir='ltr'>quarn</span> <span class='ocrx_word' id='word_1_85' title='bbox 726 1682 900 1748; x_wconf 85' lang='lat' dir='ltr'>vendentes</span> <span class='ocrx_word' id='word_1_86' title='bbox 932 1682 1054 1748; x_wconf 89' lang='lat' dir='ltr'>dictum</span> <span class='ocrx_word' id='word_1_87' title='bbox 1079 1683 1184 1749; x_wconf 89' lang='lat' dir='ltr'>locum</span> <span class='ocrx_word' id='word_1_88' title='bbox 1207 1682 1360 1749; x_wconf 84' lang='lat' dir='ltr'>accedere</span> 
     </span>
     <span class='ocr_line' id='line_1_11' title="bbox 56 1795 1360 1879; baseline 0.002 -20"><span class='ocrx_word' id='word_1_89' title='bbox 56 1795 188 1859; x_wconf 87' lang='lat' dir='ltr'>valeant</span> <span class='ocrx_word' id='word_1_90' title='bbox 218 1800 314 1878; x_wconf 88' lang='lat' dir='ltr'>atque</span> <span class='ocrx_word' id='word_1_91' title='bbox 336 1797 471 1878; x_wconf 78' lang='lat' dir='ltr'>possint,</span> <span class='ocrx_word' id='word_1_92' title='bbox 504 1801 600 1878; x_wconf 90' lang='lat' dir='ltr'>prout</span> <span class='ocrx_word' id='word_1_93' title='bbox 629 1797 662 1861; x_wconf 92' lang='lat' dir='ltr'>in</span> <span class='ocrx_word' id='word_1_94' title='bbox 685 1797 761 1863; x_wconf 91' lang='lat' dir='ltr'>aliis</span> <span class='ocrx_word' id='word_1_95' title='bbox 793 1801 924 1863; x_wconf 86' lang='lat' dir='ltr'>nostroe</span> <span class='ocrx_word' id='word_1_96' title='bbox 946 1797 1128 1863; x_wconf 89' lang='lat' dir='ltr'>maiestatis</span> <span class='ocrx_word' id='word_1_97' title='bbox 1151 1795 1255 1862; x_wconf 89' lang='lat' dir='ltr'>literis</span> <span class='ocrx_word' id='word_1_98' title='bbox 1278 1797 1360 1879; x_wconf 93' lang='lat' dir='ltr'>ipsis</span> 
     </span>
     <span class='ocr_line' id='line_1_12' title="bbox 55 1909 1358 1993; baseline 0.002 -20"><span class='ocrx_word' id='word_1_99' title='bbox 55 1926 117 1990; x_wconf 86' lang='lat' dir='ltr'>per</span> <span class='ocrx_word' id='word_1_100' title='bbox 139 1927 197 1975; x_wconf 93' lang='lat' dir='ltr'>nos</span> <span class='ocrx_word' id='word_1_101' title='bbox 220 1909 361 1991; x_wconf 89' lang='lat' dir='ltr'>desuper</span> <span class='ocrx_word' id='word_1_102' title='bbox 384 1910 479 1990; x_wconf 89' lang='lat' dir='ltr'>datis,</span> <span class='ocrx_word' id='word_1_103' title='bbox 503 1911 632 1991; x_wconf 88' lang='lat' dir='ltr'>plenius</span> <span class='ocrx_word' id='word_1_104' title='bbox 648 1914 681 1976; x_wconf 91' lang='lat' dir='ltr'>et</span> <span class='ocrx_word' id='word_1_105' title='bbox 696 1911 837 1977; x_wconf 90' lang='lat' dir='ltr'>lucidius</span> <span class='ocrx_word' id='word_1_106' title='bbox 855 1914 905 1976; x_wconf 92' lang='lat' dir='ltr'>est</span> <span class='ocrx_word' id='word_1_107' title='bbox 920 1928 1116 1993; x_wconf 82' lang='lat' dir='ltr'>expressum.</span> <span class='ocrx_word' id='word_1_108' title='bbox 1142 1911 1226 1991; x_wconf 85' lang='lat' dir='ltr'>Quia</span> <span class='ocrx_word' id='word_1_109' title='bbox 1241 1915 1358 1991; x_wconf 86' lang='lat' dir='ltr'>tamen,</span> 
     </span>
     <span class='ocr_line' id='line_1_13' title="bbox 56 2021 1359 2104; baseline 0.002 -18"><span class='ocrx_word' id='word_1_110' title='bbox 56 2021 145 2087; x_wconf 91' lang='lat' dir='ltr'>sicut</span> <span class='ocrx_word' id='word_1_111' title='bbox 166 2021 386 2088; x_wconf 83' lang='lat' dir='ltr'>intelleximus</span> <span class='ocrx_word' id='word_1_112' title='bbox 413 2027 446 2088; x_wconf 90' lang='lat' dir='ltr'>st</span> <span class='ocrx_word' id='word_1_113' title='bbox 468 2027 556 2089; x_wconf 89' lang='lat' dir='ltr'>certo</span> <span class='ocrx_word' id='word_1_114' title='bbox 580 2041 690 2089; x_wconf 92' lang='lat' dir='ltr'>sumus</span> <span class='ocrx_word' id='word_1_115' title='bbox 714 2024 834 2089; x_wconf 89' lang='lat' dir='ltr'>certius</span> <span class='ocrx_word' id='word_1_116' title='bbox 858 2022 1034 2103; x_wconf 77' lang='lat' dir='ltr'>informati,</span> <span class='ocrx_word' id='word_1_117' title='bbox 1067 2022 1153 2104; x_wconf 93' lang='lat' dir='ltr'>quod</span> <span class='ocrx_word' id='word_1_118' title='bbox 1175 2022 1359 2089; x_wconf 91' lang='lat' dir='ltr'>huiusmodi</span> 
     </span>
     <span class='ocr_line' id='line_1_14' title="bbox 56 2135 1359 2220; baseline 0.001 -20"><span class='ocrx_word' id='word_1_119' title='bbox 56 2140 205 2201; x_wconf 90' lang='lat' dir='ltr'>nostrum</span> <span class='ocrx_word' id='word_1_120' title='bbox 241 2135 403 2201; x_wconf 89' lang='lat' dir='ltr'>indultum</span> <span class='ocrx_word' id='word_1_121' title='bbox 436 2136 612 2202; x_wconf 91' lang='lat' dir='ltr'>illustrium</span> <span class='ocrx_word' id='word_1_122' title='bbox 649 2136 810 2220; x_wconf 91' lang='lat' dir='ltr'>quondam</span> <span class='ocrx_word' id='word_1_123' title='bbox 845 2137 1131 2219; x_wconf 86' lang='lat' dir='ltr'>praedecessorum</span> <span class='ocrx_word' id='word_1_124' title='bbox 1166 2142 1359 2217; x_wconf 88' lang='lat' dir='ltr'>nostrorum,</span> 
     </span>
     <span class='ocr_line' id='line_1_15' title="bbox 57 2249 1357 2333; baseline 0.002 -20"><span class='ocrx_word' id='word_1_125' title='bbox 57 2249 213 2315; x_wconf 89' lang='lat' dir='ltr'>Boemiae</span> <span class='ocrx_word' id='word_1_126' title='bbox 234 2268 356 2331; x_wconf 84' lang='lat' dir='ltr'>regum,</span> <span class='ocrx_word' id='word_1_127' title='bbox 380 2249 496 2330; x_wconf 89' lang='lat' dir='ltr'>edicto,</span> <span class='ocrx_word' id='word_1_128' title='bbox 519 2269 582 2332; x_wconf 92' lang='lat' dir='ltr'>quo</span> <span class='ocrx_word' id='word_1_129' title='bbox 605 2255 747 2330; x_wconf 81' lang='lat' dir='ltr'>cavetur,</span> <span class='ocrx_word' id='word_1_130' title='bbox 771 2267 812 2315; x_wconf 92' lang='lat' dir='ltr'>ne</span> <span class='ocrx_word' id='word_1_131' title='bbox 835 2250 1007 2332; x_wconf 89' lang='lat' dir='ltr'>quispiam,</span> <span class='ocrx_word' id='word_1_132' title='bbox 1029 2251 1261 2333; x_wconf 90' lang='lat' dir='ltr'>cuiuscumque</span> <span class='ocrx_word' id='word_1_133' title='bbox 1284 2269 1357 2317; x_wconf 90' lang='lat' dir='ltr'>con·</span> 
     </span>
     <span class='ocr_line' id='line_1_16' title="bbox 58 2362 1360 2445; baseline 0 -18"><span class='ocrx_word' id='word_1_134' title='bbox 58 2363 194 2428; x_wconf 89' lang='lat' dir='ltr'>ditionis</span> <span class='ocrx_word' id='word_1_135' title='bbox 212 2380 270 2427; x_wconf 94' lang='lat' dir='ltr'>seu</span> <span class='ocrx_word' id='word_1_136' title='bbox 286 2367 391 2428; x_wconf 88' lang='lat' dir='ltr'>status</span> <span class='ocrx_word' id='word_1_137' title='bbox 408 2363 535 2443; x_wconf 84' lang='lat' dir='ltr'>existat,</span> <span class='ocrx_word' id='word_1_138' title='bbox 552 2363 585 2427; x_wconf 93' lang='lat' dir='ltr'>in</span> <span class='ocrx_word' id='word_1_139' title='bbox 603 2363 709 2444; x_wconf 90' lang='lat' dir='ltr'>spatio</span> <span class='ocrx_word' id='word_1_140' title='bbox 726 2364 823 2428; x_wconf 93' lang='lat' dir='ltr'>unius</span> <span class='ocrx_word' id='word_1_141' title='bbox 838 2362 988 2428; x_wconf 91' lang='lat' dir='ltr'>milliaris</span> <span class='ocrx_word' id='word_1_142' title='bbox 1005 2362 1203 2445; x_wconf 81' lang='lat' dir='ltr'>aregalibus</span> <span class='ocrx_word' id='word_1_143' title='bbox 1220 2362 1360 2429; x_wconf 87' lang='lat' dir='ltr'>civitati·</span> 
     </span>
     <span class='ocr_line' id='line_1_17' title="bbox 61 2473 1362 2560; baseline 0.001 -19"><span class='ocrx_word' id='word_1_144' title='bbox 61 2476 124 2541; x_wconf 88' lang='lat' dir='ltr'>bus</span> <span class='ocrx_word' id='word_1_145' title='bbox 148 2477 270 2541; x_wconf 90' lang='lat' dir='ltr'>nostris</span> <span class='ocrx_word' id='word_1_146' title='bbox 296 2477 510 2558; x_wconf 89' lang='lat' dir='ltr'>computando</span> <span class='ocrx_word' id='word_1_147' title='bbox 533 2477 746 2558; x_wconf 88' lang='lat' dir='ltr'>septimanale</span> <span class='ocrx_word' id='word_1_148' title='bbox 761 2476 865 2543; x_wconf 89' lang='lat' dir='ltr'>lorum</span> <span class='ocrx_word' id='word_1_149' title='bbox 878 2475 996 2542; x_wconf 91' lang='lat' dir='ltr'>babere</span> <span class='ocrx_word' id='word_1_150' title='bbox 1011 2473 1168 2560; x_wconf 89' lang='lat' dir='ltr'>[audeat],</span> <span class='ocrx_word' id='word_1_151' title='bbox 1186 2476 1220 2540; x_wconf 94' lang='lat' dir='ltr'>in</span> <span class='ocrx_word' id='word_1_152' title='bbox 1233 2475 1362 2558; x_wconf 90' lang='lat' dir='ltr'>dispen-</span> 
     </span>
     <span class='ocr_line' id='line_1_18' title="bbox 59 2588 1361 2672; baseline 0.001 -18"><span class='ocrx_word' id='word_1_153' title='bbox 59 2590 152 2654; x_wconf 92' lang='lat' dir='ltr'>dium</span> <span class='ocrx_word' id='word_1_154' title='bbox 161 2589 320 2654; x_wconf 88' lang='lat' dir='ltr'>dictarum</span> <span class='ocrx_word' id='word_1_155' title='bbox 329 2590 498 2656; x_wconf 86' lang='lat' dir='ltr'>civitatum</span> <span class='ocrx_word' id='word_1_156' title='bbox 508 2589 664 2672; x_wconf 80' lang='lat' dir='ltr'>abrogare</span> <span class='ocrx_word' id='word_1_157' title='bbox 674 2589 811 2670; x_wconf 83' lang='lat' dir='ltr'>videtur,</span> <span class='ocrx_word' id='word_1_158' title='bbox 821 2588 1018 2655; x_wconf 89' lang='lat' dir='ltr'>adducentes</span> <span class='ocrx_word' id='word_1_159' title='bbox 1027 2589 1135 2669; x_wconf 88' lang='lat' dir='ltr'>etiam,</span> <span class='ocrx_word' id='word_1_160' title='bbox 1144 2589 1230 2670; x_wconf 94' lang='lat' dir='ltr'>quod</span> <span class='ocrx_word' id='word_1_161' title='bbox 1239 2589 1361 2655; x_wconf 89' lang='lat' dir='ltr'>dictum</span> 
     </span>
     <span class='ocr_line' id='line_1_19' title="bbox 56 2699 1357 2784; baseline 0 -17"><span class='ocrx_word' id='word_1_162' title='bbox 56 2700 214 2783; x_wconf 90' lang='lat' dir='ltr'>oppidum</span> <span class='ocrx_word' id='word_1_163' title='bbox 230 2699 371 2767; x_wconf 78' lang='lat' dir='ltr'>cladrub</span> <span class='ocrx_word' id='word_1_164' title='bbox 387 2702 550 2768; x_wconf 89' lang='lat' dir='ltr'>modicum</span> <span class='ocrx_word' id='word_1_165' title='bbox 572 2702 721 2784; x_wconf 90' lang='lat' dir='ltr'>amplius,</span> <span class='ocrx_word' id='word_1_166' title='bbox 746 2720 842 2784; x_wconf 92' lang='lat' dir='ltr'>quam</span> <span class='ocrx_word' id='word_1_167' title='bbox 857 2720 915 2784; x_wconf 89' lang='lat' dir='ltr'>per</span> <span class='ocrx_word' id='word_1_168' title='bbox 930 2701 1074 2768; x_wconf 90' lang='lat' dir='ltr'>medium</span> <span class='ocrx_word' id='word_1_169' title='bbox 1086 2700 1261 2767; x_wconf 89' lang='lat' dir='ltr'>milliarea</span> <span class='ocrx_word' id='word_1_170' title='bbox 1278 2701 1357 2768; x_wconf 87' lang='lat' dir='ltr'>civi·</span> 
     </span>
     <span class='ocr_line' id='line_1_20' title="bbox 56 2813 1359 2898; baseline 0 -18"><span class='ocrx_word' id='word_1_171' title='bbox 56 2820 127 2880; x_wconf 89' lang='lat' dir='ltr'>tate</span> <span class='ocrx_word' id='word_1_172' title='bbox 156 2820 268 2879; x_wconf 88' lang='lat' dir='ltr'>nostra</span> <span class='ocrx_word' id='word_1_173' title='bbox 293 2814 380 2880; x_wconf 89' lang='lat' dir='ltr'>Misa</span> <span class='ocrx_word' id='word_1_174' title='bbox 402 2814 526 2880; x_wconf 88' lang='lat' dir='ltr'>distare</span> <span class='ocrx_word' id='word_1_175' title='bbox 547 2814 695 2897; x_wconf 86' lang='lat' dir='ltr'>refertur,</span> <span class='ocrx_word' id='word_1_176' title='bbox 727 2814 875 2898; x_wconf 89' lang='lat' dir='ltr'>quodque</span> <span class='ocrx_word' id='word_1_177' title='bbox 906 2834 945 2880; x_wconf 84' lang='lat' dir='ltr'>ex</span> <span class='ocrx_word' id='word_1_178' title='bbox 967 2814 1032 2879; x_wconf 89' lang='lat' dir='ltr'>iam</span> <span class='ocrx_word' id='word_1_179' title='bbox 1065 2813 1152 2880; x_wconf 89' lang='lat' dir='ltr'>dicto</span> <span class='ocrx_word' id='word_1_180' title='bbox 1175 2820 1286 2880; x_wconf 88' lang='lat' dir='ltr'>nostro</span> <span class='ocrx_word' id='word_1_181' title='bbox 1310 2814 1359 2880; x_wconf 93' lang='lat' dir='ltr'>in·</span> 
     </span>
     <span class='ocr_line' id='line_1_21' title="bbox 57 2927 1360 3012; baseline -0.001 -18"><span class='ocrx_word' id='word_1_182' title='bbox 57 2929 150 2994; x_wconf 88' lang='lat' dir='ltr'>dulto</span> <span class='ocrx_word' id='word_1_183' title='bbox 181 2928 280 2994; x_wconf 92' lang='lat' dir='ltr'>iidem</span> <span class='ocrx_word' id='word_1_184' title='bbox 310 2929 397 2994; x_wconf 82' lang='lat' dir='ltr'>cives</span> <span class='ocrx_word' id='word_1_185' title='bbox 428 2930 532 2995; x_wconf 91' lang='lat' dir='ltr'>nostri</span> <span class='ocrx_word' id='word_1_186' title='bbox 554 2948 618 2995; x_wconf 95' lang='lat' dir='ltr'>non</span> <span class='ocrx_word' id='word_1_187' title='bbox 651 2929 754 2995; x_wconf 90' lang='lat' dir='ltr'>solum</span> <span class='ocrx_word' id='word_1_188' title='bbox 786 2928 999 3012; x_wconf 89' lang='lat' dir='ltr'>quottidianis</span> <span class='ocrx_word' id='word_1_189' title='bbox 1030 2927 1221 3010; x_wconf 86' lang='lat' dir='ltr'>dispendiis,</span> <span class='ocrx_word' id='word_1_190' title='bbox 1249 2947 1360 2993; x_wconf 86' lang='lat' dir='ltr'>verum</span> 
     </span>
     <span class='ocr_line' id='line_1_22' title="bbox 59 3041 1357 3125; baseline -0.002 -17"><span class='ocrx_word' id='word_1_191' title='bbox 59 3043 160 3108; x_wconf 84' lang='lat' dir='ltr'>etiarn</span> <span class='ocrx_word' id='word_1_192' title='bbox 177 3042 482 3123; x_wconf 87' lang='lat' dir='ltr'>irrecuperabilibus</span> <span class='ocrx_word' id='word_1_193' title='bbox 499 3042 624 3108; x_wconf 89' lang='lat' dir='ltr'>damnis</span> <span class='ocrx_word' id='word_1_194' title='bbox 641 3042 829 3125; x_wconf 88' lang='lat' dir='ltr'>subjaceant</span> <span class='ocrx_word' id='word_1_195' title='bbox 844 3061 902 3107; x_wconf 88' lang='lat' dir='ltr'>nec</span> <span class='ocrx_word' id='word_1_196' title='bbox 919 3042 1045 3124; x_wconf 88' lang='lat' dir='ltr'>possint</span> <span class='ocrx_word' id='word_1_197' title='bbox 1055 3041 1172 3107; x_wconf 88' lang='lat' dir='ltr'>bernas</span> <span class='ocrx_word' id='word_1_198' title='bbox 1186 3046 1219 3106; x_wconf 87' lang='lat' dir='ltr'>et</span> <span class='ocrx_word' id='word_1_199' title='bbox 1231 3046 1357 3106; x_wconf 86' lang='lat' dir='ltr'>sleuras</span> 
     </span>
     <span class='ocr_line' id='line_1_23' title="bbox 58 3155 1358 3238; baseline 0 -18"><span class='ocrx_word' id='word_1_200' title='bbox 58 3176 97 3220; x_wconf 87' lang='lat' dir='ltr'>ac</span> <span class='ocrx_word' id='word_1_201' title='bbox 124 3156 200 3237; x_wconf 89' lang='lat' dir='ltr'>jura</span> <span class='ocrx_word' id='word_1_202' title='bbox 231 3155 354 3237; x_wconf 82' lang='lat' dir='ltr'>regalia</span> <span class='ocrx_word' id='word_1_203' title='bbox 384 3174 530 3221; x_wconf 87' lang='lat' dir='ltr'>camerae</span> <span class='ocrx_word' id='word_1_204' title='bbox 561 3163 692 3221; x_wconf 84' lang='lat' dir='ltr'>nostrae</span> <span class='ocrx_word' id='word_1_205' title='bbox 714 3155 824 3221; x_wconf 89' lang='lat' dir='ltr'>debita</span> <span class='ocrx_word' id='word_1_206' title='bbox 849 3157 1033 3237; x_wconf 89' lang='lat' dir='ltr'>persolvere</span> <span class='ocrx_word' id='word_1_207' title='bbox 1055 3155 1286 3238; x_wconf 86' lang='lat' dir='ltr'>quoquomodo,</span> <span class='ocrx_word' id='word_1_208' title='bbox 1310 3156 1358 3220; x_wconf 94' lang='lat' dir='ltr'>id-</span> 
     </span>
     <span class='ocr_line' id='line_1_24' title="bbox 59 3267 1360 3351; baseline -0.002 -16"><span class='ocrx_word' id='word_1_209' title='bbox 59 3270 147 3335; x_wconf 87' lang='lat' dir='ltr'>eirco</span> <span class='ocrx_word' id='word_1_210' title='bbox 178 3269 286 3334; x_wconf 87' lang='lat' dir='ltr'>animo</span> <span class='ocrx_word' id='word_1_211' title='bbox 309 3267 496 3350; x_wconf 87' lang='lat' dir='ltr'>deliberato,</span> <span class='ocrx_word' id='word_1_212' title='bbox 527 3269 619 3351; x_wconf 80' lang='lat' dir='ltr'>regia</span> <span class='ocrx_word' id='word_1_213' title='bbox 642 3270 816 3334; x_wconf 80' lang='lat' dir='ltr'>autoritate</span> <span class='ocrx_word' id='word_1_214' title='bbox 838 3269 992 3334; x_wconf 89' lang='lat' dir='ltr'>Boemiae</span> <span class='ocrx_word' id='word_1_215' title='bbox 1022 3274 1055 3333; x_wconf 87' lang='lat' dir='ltr'>et</span> <span class='ocrx_word' id='word_1_216' title='bbox 1077 3267 1117 3332; x_wconf 93' lang='lat' dir='ltr'>de</span> <span class='ocrx_word' id='word_1_217' title='bbox 1141 3273 1228 3334; x_wconf 86' lang='lat' dir='ltr'>certa</span> <span class='ocrx_word' id='word_1_218' title='bbox 1250 3274 1360 3334; x_wconf 86' lang='lat' dir='ltr'>nostra</span> 
     </span>
     <span class='ocr_line' id='line_1_25' title="bbox 58 3381 1360 3463; baseline -0.002 -16"><span class='ocrx_word' id='word_1_219' title='bbox 58 3382 198 3448; x_wconf 86' lang='lat' dir='ltr'>scientia</span> <span class='ocrx_word' id='word_1_220' title='bbox 223 3386 289 3445; x_wconf 88' lang='lat' dir='ltr'>tam</span> <span class='ocrx_word' id='word_1_221' title='bbox 312 3382 472 3447; x_wconf 88' lang='lat' dir='ltr'>indultum</span> <span class='ocrx_word' id='word_1_222' title='bbox 502 3388 647 3447; x_wconf 89' lang='lat' dir='ltr'>nostrum</span> <span class='ocrx_word' id='word_1_223' title='bbox 671 3381 861 3463; x_wconf 89' lang='lat' dir='ltr'>praefatum,</span> <span class='ocrx_word' id='word_1_224' title='bbox 892 3400 988 3463; x_wconf 88' lang='lat' dir='ltr'>quam</span> <span class='ocrx_word' id='word_1_225' title='bbox 1012 3381 1110 3446; x_wconf 91' lang='lat' dir='ltr'>etiam</span> <span class='ocrx_word' id='word_1_226' title='bbox 1133 3381 1245 3445; x_wconf 88' lang='lat' dir='ltr'>literas</span> <span class='ocrx_word' id='word_1_227' title='bbox 1270 3383 1360 3463; x_wconf 92' lang='lat' dir='ltr'>oppi-</span> 
     </span>
     <span class='ocr_line' id='line_1_26' title="bbox 58 3495 1361 3576; baseline 0 -17"><span class='ocrx_word' id='word_1_228' title='bbox 58 3496 153 3560; x_wconf 88' lang='lat' dir='ltr'>danis</span> <span class='ocrx_word' id='word_1_229' title='bbox 183 3495 358 3576; x_wconf 87' lang='lat' dir='ltr'>praedictis</span> <span class='ocrx_word' id='word_1_230' title='bbox 392 3514 450 3576; x_wconf 91' lang='lat' dir='ltr'>per</span> <span class='ocrx_word' id='word_1_231' title='bbox 479 3514 538 3560; x_wconf 90' lang='lat' dir='ltr'>nos</span> <span class='ocrx_word' id='word_1_232' title='bbox 569 3496 707 3576; x_wconf 90' lang='lat' dir='ltr'>desuper</span> <span class='ocrx_word' id='word_1_233' title='bbox 742 3496 835 3560; x_wconf 89' lang='lat' dir='ltr'>datas</span> <span class='ocrx_word' id='word_1_234' title='bbox 861 3513 1060 3574; x_wconf 83' lang='lat' dir='ltr'>revocamus,</span> <span class='ocrx_word' id='word_1_235' title='bbox 1093 3511 1268 3574; x_wconf 89' lang='lat' dir='ltr'>cassamus,</span> <span class='ocrx_word' id='word_1_236' title='bbox 1304 3513 1361 3559; x_wconf 90' lang='lat' dir='ltr'>an-</span> 
     </span>
     <span class='ocr_line' id='line_1_27' title="bbox 57 3608 1360 3690; baseline 0 -18"><span class='ocrx_word' id='word_1_237' title='bbox 57 3610 221 3675; x_wconf 90' lang='lat' dir='ltr'>nullamus</span> <span class='ocrx_word' id='word_1_238' title='bbox 251 3613 284 3672; x_wconf 88' lang='lat' dir='ltr'>et</span> <span class='ocrx_word' id='word_1_239' title='bbox 313 3614 425 3673; x_wconf 89' lang='lat' dir='ltr'>tenore</span> <span class='ocrx_word' id='word_1_240' title='bbox 456 3608 677 3690; x_wconf 89' lang='lat' dir='ltr'>praesentium</span> <span class='ocrx_word' id='word_1_241' title='bbox 709 3608 832 3674; x_wconf 88' lang='lat' dir='ltr'>viribus</span> <span class='ocrx_word' id='word_1_242' title='bbox 865 3626 1050 3688; x_wconf 85' lang='lat' dir='ltr'>vacuamus,</span> <span class='ocrx_word' id='word_1_243' title='bbox 1086 3608 1295 3673; x_wconf 84' lang='lat' dir='ltr'>decernentes</span> <span class='ocrx_word' id='word_1_244' title='bbox 1322 3625 1360 3672; x_wconf 90' lang='lat' dir='ltr'>ac</span> 
     </span>
     <span class='ocr_line' id='line_1_28' title="bbox 59 3720 1360 3804; baseline -0.002 -19"><span class='ocrx_word' id='word_1_245' title='bbox 59 3723 205 3788; x_wconf 87' lang='lat' dir='ltr'>volentes</span> <span class='ocrx_word' id='word_1_246' title='bbox 230 3739 391 3802; x_wconf 82' lang='lat' dir='ltr'>expresse,</span> <span class='ocrx_word' id='word_1_247' title='bbox 416 3726 451 3785; x_wconf 90' lang='lat' dir='ltr'>ut</span> <span class='ocrx_word' id='word_1_248' title='bbox 466 3721 603 3803; x_wconf 82' lang='lat' dir='ltr'>praefati</span> <span class='ocrx_word' id='word_1_249' title='bbox 628 3722 782 3804; x_wconf 87' lang='lat' dir='ltr'>oppidani</span> <span class='ocrx_word' id='word_1_250' title='bbox 799 3723 832 3785; x_wconf 92' lang='lat' dir='ltr'>in</span> <span class='ocrx_word' id='word_1_251' title='bbox 851 3720 991 3786; x_wconf 87' lang='lat' dir='ltr'>Cladrub</span> <span class='ocrx_word' id='word_1_252' title='bbox 1014 3726 1046 3785; x_wconf 89' lang='lat' dir='ltr'>et</span> <span class='ocrx_word' id='word_1_253' title='bbox 1061 3720 1118 3785; x_wconf 94' lang='lat' dir='ltr'>alii</span> <span class='ocrx_word' id='word_1_254' title='bbox 1133 3720 1268 3801; x_wconf 91' lang='lat' dir='ltr'>incolae,</span> <span class='ocrx_word' id='word_1_255' title='bbox 1290 3720 1360 3801; x_wconf 91' lang='lat' dir='ltr'>qui·</span> 
     </span>
     <span class='ocr_line' id='line_1_29' title="bbox 57 3831 1359 3916; baseline -0.003 -15"><span class='ocrx_word' id='word_1_256' title='bbox 57 3854 187 3916; x_wconf 88' lang='lat' dir='ltr'>cunque</span> <span class='ocrx_word' id='word_1_257' title='bbox 215 3836 249 3900; x_wconf 93' lang='lat' dir='ltr'>in</span> <span class='ocrx_word' id='word_1_258' title='bbox 277 3835 381 3916; x_wconf 90' lang='lat' dir='ltr'>spatio</span> <span class='ocrx_word' id='word_1_259' title='bbox 414 3835 509 3899; x_wconf 92' lang='lat' dir='ltr'>unius</span> <span class='ocrx_word' id='word_1_260' title='bbox 533 3834 682 3899; x_wconf 90' lang='lat' dir='ltr'>milliaris</span> <span class='ocrx_word' id='word_1_261' title='bbox 713 3853 732 3899; x_wconf 93' lang='lat' dir='ltr'>a</span> <span class='ocrx_word' id='word_1_262' title='bbox 756 3834 843 3899; x_wconf 88' lang='lat' dir='ltr'>dieta</span> <span class='ocrx_word' id='word_1_263' title='bbox 866 3833 998 3900; x_wconf 85' lang='lat' dir='ltr'>civitate</span> <span class='ocrx_word' id='word_1_264' title='bbox 1020 3838 1131 3898; x_wconf 91' lang='lat' dir='ltr'>nostra</span> <span class='ocrx_word' id='word_1_265' title='bbox 1161 3831 1248 3897; x_wconf 90' lang='lat' dir='ltr'>Misa</span> <span class='ocrx_word' id='word_1_266' title='bbox 1278 3832 1359 3897; x_wconf 87' lang='lat' dir='ltr'>resi·</span> 
     </span>
     <span class='ocr_line' id='line_1_30' title="bbox 55 3943 1357 4029; baseline -0.005 -14"><span class='ocrx_word' id='word_1_267' title='bbox 55 3950 183 4029; x_wconf 88' lang='lat' dir='ltr'>dentes,</span> <span class='ocrx_word' id='word_1_268' title='bbox 206 3947 311 4013; x_wconf 89' lang='lat' dir='ltr'>lorum</span> <span class='ocrx_word' id='word_1_269' title='bbox 334 3948 546 4029; x_wconf 87' lang='lat' dir='ltr'>septimanale</span> <span class='ocrx_word' id='word_1_270' title='bbox 568 3965 695 4011; x_wconf 88' lang='lat' dir='ltr'>exnunc</span> <span class='ocrx_word' id='word_1_271' title='bbox 718 3947 849 4011; x_wconf 87' lang='lat' dir='ltr'>inantea</span> <span class='ocrx_word' id='word_1_272' title='bbox 864 3946 897 4010; x_wconf 92' lang='lat' dir='ltr'>in</span> <span class='ocrx_word' id='word_1_273' title='bbox 915 3943 1150 4028; x_wconf 91' lang='lat' dir='ltr'>praejudicium</span> <span class='ocrx_word' id='word_1_274' title='bbox 1172 3944 1357 4026; x_wconf 73' lang='lat' dir='ltr'>[oraedictae</span> 
     </span>
     <span class='ocr_line' id='line_1_31' title="bbox 55 4056 1360 4142; baseline -0.005 -13"><span class='ocrx_word' id='word_1_275' title='bbox 55 4062 202 4129; x_wconf 88' lang='lat' dir='ltr'>civitatis</span> <span class='ocrx_word' id='word_1_276' title='bbox 233 4066 366 4127; x_wconf 89' lang='lat' dir='ltr'>nostrae</span> <span class='ocrx_word' id='word_1_277' title='bbox 397 4060 482 4126; x_wconf 90' lang='lat' dir='ltr'>Mise</span> <span class='ocrx_word' id='word_1_278' title='bbox 513 4078 714 4142; x_wconf 85' lang='lat' dir='ltr'>nequaquam</span> <span class='ocrx_word' id='word_1_279' title='bbox 742 4059 869 4139; x_wconf 89' lang='lat' dir='ltr'>habere,</span> <span class='ocrx_word' id='word_1_280' title='bbox 900 4059 977 4141; x_wconf 92' lang='lat' dir='ltr'>quin</span> <span class='ocrx_word' id='word_1_281' title='bbox 1010 4057 1119 4140; x_wconf 88' lang='lat' dir='ltr'>potius</span> <span class='ocrx_word' id='word_1_282' title='bbox 1151 4075 1210 4139; x_wconf 91' lang='lat' dir='ltr'>pro</span> <span class='ocrx_word' id='word_1_283' title='bbox 1234 4056 1303 4122; x_wconf 93' lang='lat' dir='ltr'>suis</span> <span class='ocrx_word' id='word_1_284' title='bbox 1327 4062 1360 4141; x_wconf 85' lang='lat' dir='ltr'>at</span> 
     </span>
     <span class='ocr_line' id='line_1_32' title="bbox 54 4169 1361 4257; baseline -0.005 -14"><span class='ocrx_word' id='word_1_285' title='bbox 54 4174 247 4243; x_wconf 91' lang='lat' dir='ltr'>huiusmodi</span> <span class='ocrx_word' id='word_1_286' title='bbox 278 4175 319 4240; x_wconf 92' lang='lat' dir='ltr'>ad</span> <span class='ocrx_word' id='word_1_287' title='bbox 343 4175 432 4257; x_wconf 91' lang='lat' dir='ltr'>ipsos</span> <span class='ocrx_word' id='word_1_288' title='bbox 457 4173 688 4239; x_wconf 85' lang='lat' dir='ltr'>declinantium</span> <span class='ocrx_word' id='word_1_289' title='bbox 711 4172 961 4239; x_wconf 87' lang='lat' dir='ltr'>necessitatibus</span> <span class='ocrx_word' id='word_1_290' title='bbox 979 4172 1035 4238; x_wconf 83' lang='lat' dir='ltr'>de</span> <span class='ocrx_word' id='word_1_291' title='bbox 1057 4169 1204 4253; x_wconf 89' lang='lat' dir='ltr'>praelata</span> <span class='ocrx_word' id='word_1_292' title='bbox 1227 4169 1361 4236; x_wconf 84' lang='lat' dir='ltr'>civitate</span> 
     </span>
     <span class='ocr_line' id='line_1_33' title="bbox 54 4283 1360 4370; baseline -0.005 -14"><span class='ocrx_word' id='word_1_293' title='bbox 54 4295 170 4356; x_wconf 91' lang='lat' dir='ltr'>nostra</span> <span class='ocrx_word' id='word_1_294' title='bbox 201 4289 395 4354; x_wconf 87' lang='lat' dir='ltr'>cerevisiam</span> <span class='ocrx_word' id='word_1_295' title='bbox 429 4307 486 4370; x_wconf 89' lang='lat' dir='ltr'>per</span> <span class='ocrx_word' id='word_1_296' title='bbox 517 4289 605 4369; x_wconf 88' lang='lat' dir='ltr'>ipsos</span> <span class='ocrx_word' id='word_1_297' title='bbox 638 4287 718 4351; x_wconf 90' lang='lat' dir='ltr'>inibi</span> <span class='ocrx_word' id='word_1_298' title='bbox 742 4291 958 4368; x_wconf 89' lang='lat' dir='ltr'>comparatam</span> <span class='ocrx_word' id='word_1_299' title='bbox 993 4285 1035 4350; x_wconf 93' lang='lat' dir='ltr'>ad</span> <span class='ocrx_word' id='word_1_300' title='bbox 1057 4285 1180 4350; x_wconf 90' lang='lat' dir='ltr'>dictum</span> <span class='ocrx_word' id='word_1_301' title='bbox 1207 4283 1360 4366; x_wconf 90' lang='lat' dir='ltr'>oppidum</span> 
     </span>
     <span class='ocr_line' id='line_1_34' title="bbox 53 4398 1360 4481; baseline -0.007 -10"><span class='ocrx_word' id='word_1_302' title='bbox 53 4401 282 4471; x_wconf 87' lang='lat' dir='ltr'>Cladrubense</span> <span class='ocrx_word' id='word_1_303' title='bbox 296 4401 456 4467; x_wconf 89' lang='lat' dir='ltr'>deducere</span> <span class='ocrx_word' id='word_1_304' title='bbox 471 4401 617 4480; x_wconf 82' lang='lat' dir='ltr'>debeant,</span> <span class='ocrx_word' id='word_1_305' title='bbox 635 4400 889 4465; x_wconf 90' lang='lat' dir='ltr'>contradictione</span> <span class='ocrx_word' id='word_1_306' title='bbox 905 4404 938 4464; x_wconf 87' lang='lat' dir='ltr'>et</span> <span class='ocrx_word' id='word_1_307' title='bbox 953 4398 1192 4481; x_wconf 89' lang='lat' dir='ltr'>impedimentis</span> <span class='ocrx_word' id='word_1_308' title='bbox 1209 4414 1360 4477; x_wconf 90' lang='lat' dir='ltr'>quorum·</span> 
     </span>
     <span class='ocr_line' id='line_1_35' title="bbox 50 4511 1360 4599; baseline -0.007 -12"><span class='ocrx_word' id='word_1_309' title='bbox 50 4534 188 4599; x_wconf 85' lang='lat' dir='ltr'>cunque</span> <span class='ocrx_word' id='word_1_310' title='bbox 203 4514 328 4599; x_wconf 89' lang='lat' dir='ltr'>[procul</span> <span class='ocrx_word' id='word_1_311' title='bbox 343 4514 464 4599; x_wconf 89' lang='lat' dir='ltr'>motis],</span> <span class='ocrx_word' id='word_1_312' title='bbox 490 4516 578 4580; x_wconf 86' lang='lat' dir='ltr'>salvo</span> <span class='ocrx_word' id='word_1_313' title='bbox 595 4520 712 4594; x_wconf 87' lang='lat' dir='ltr'>tamen,</span> <span class='ocrx_word' id='word_1_314' title='bbox 737 4514 821 4594; x_wconf 90' lang='lat' dir='ltr'>quod</span> <span class='ocrx_word' id='word_1_315' title='bbox 839 4514 867 4578; x_wconf 91' lang='lat' dir='ltr'>si</span> <span class='ocrx_word' id='word_1_316' title='bbox 883 4513 1045 4594; x_wconf 88' lang='lat' dir='ltr'>aliquibus</span> <span class='ocrx_word' id='word_1_317' title='bbox 1062 4511 1234 4592; x_wconf 90' lang='lat' dir='ltr'>nobilibus,</span> <span class='ocrx_word' id='word_1_318' title='bbox 1250 4513 1360 4578; x_wconf 70' lang='lat' dir='ltr'>wladi»</span> 
     </span>
     <span class='ocr_line' id='line_1_36' title="bbox 49 4625 1359 4708; baseline -0.006 -7"><span class='ocrx_word' id='word_1_319' title='bbox 49 4630 196 4701; x_wconf 92' lang='lat' dir='ltr'>conibus</span> <span class='ocrx_word' id='word_1_320' title='bbox 231 4646 289 4693; x_wconf 91' lang='lat' dir='ltr'>seu</span> <span class='ocrx_word' id='word_1_321' title='bbox 319 4629 393 4694; x_wconf 90' lang='lat' dir='ltr'>aliis</span> <span class='ocrx_word' id='word_1_322' title='bbox 429 4628 596 4708; x_wconf 85' lang='lat' dir='ltr'>quibusvis</span> <span class='ocrx_word' id='word_1_323' title='bbox 631 4626 778 4707; x_wconf 90' lang='lat' dir='ltr'>personis</span> <span class='ocrx_word' id='word_1_324' title='bbox 811 4645 869 4707; x_wconf 89' lang='lat' dir='ltr'>per</span> <span class='ocrx_word' id='word_1_325' title='bbox 902 4627 1064 4708; x_wconf 90' lang='lat' dir='ltr'>praefatos</span> <span class='ocrx_word' id='word_1_326' title='bbox 1094 4625 1359 4708; x_wconf 89' lang='lat' dir='ltr'>praedecessores</span> 
     </span>
    </p>
   </div>
   <div class='ocr_carea' id='block_1_4' title="bbox 0 0 1557 5392">
    <p class='ocr_par' dir='ltr' id='par_1_4' title="bbox 0 0 1557 5392">
     <span class='ocr_line' id='line_1_37' title="bbox 0 0 1557 5392; baseline 0 0"><span class='ocrx_word' id='word_1_327' title='bbox 0 0 1557 5392; x_wconf 95' lang='lat' dir='ltr'> </span> 
     </span>
    </p>
   </div>
  </div>
 </body>
</html>
