3098 5392
210 369 275 463 32'0
825 396 904 448 acea

207 606 427 675 continuando
461 603 546 669 infra
569 608 640 671 octo
671 603 742 671 dies
773 622 809 671 se
838 605 1025 672 immediate
1056 609 1237 690 sequentes,
1267 606 1434 674 nundinas
1456 625 1513 674 sen

209 720 350 787 annuale
371 719 478 786 forum
502 717 537 783 in
560 703 696 784 ciuitate
718 717 804 787 Misa
832 719 979 802 predicta
1009 719 1174 786 celebrare
1203 725 1238 786 et
1259 719 1437 788 obseruare
1459 739 1512 787 va·

208 836 296 902 leant
318 838 416 916 atque
436 831 564 915 possint
578 851 652 899 cum
668 830 816 899 omnibus
838 831 1010 915 mercibus,
1032 834 1263 916 mercimoniis,
1285 834 1396 918 rebus,
1418 834 1513 901 liber·

210 948 343 1030 tatibus,
367 943 610 1026 emunitatibus,
638 944 778 1028 juribus,
810 945 916 1012 modis
939 950 973 1012 et
994 945 1117 1029 formis,
1140 946 1413 1029 quemadmodum
1434 967 1513 1016 nun·

210 1062 286 1128 dinc
302 1061 373 1127 siue
388 1058 527 1126 annuale
543 1058 648 1126 forum
663 1058 698 1124 in
711 1057 787 1124 aliis
802 1058 896 1141 regni
910 1057 1014 1125 nostri
1029 1058 1163 1127 Boemie
1174 1058 1365 1126 ciuitatibus
1380 1078 1513 1128 consue

209 1179 328 1242 uerunt
349 1174 529 1257 antiquitus
550 1172 725 1241 obseruari.
741 1171 929 1239 Inhibentes
945 1172 1107 1240 uniuersis
1124 1178 1159 1239 et
1173 1172 1311 1257 singulis
1326 1172 1512 1266 baronibus,

209 1287 383 1370 nobilibus,
394 1286 565 1368 militibus,
582 1286 765 1366 clientibus,
776 1286 995 1370 burggrauiis,
1008 1284 1212 1371 officialibus,
1225 1287 1408 1372 ciuitatum,
1423 1288 1514 1372 oppi-

212 1401 336 1483 domm,
360 1401 512 1468 villarum
529 1400 707 1485 judicibus,
725 1400 845 1484 jnratis
868 1406 902 1468 et
920 1401 1036 1468 incolis
1058 1419 1097 1469 ac
1119 1401 1194 1469 aliis
1216 1388 1401 1469 nostriset
1421 1402 1512 1486 regni

210 1515 343 1582 Boemie
376 1513 517 1581 subditis
540 1519 573 1579 et
595 1511 747 1581 fidelibus
778 1519 890 1581 tenore
911 1515 1116 1599 presencium
1137 1512 1272 1587 firmiter
1295 1520 1330 1582 et
1351 1533 1512 1601 expresse,

211 1647 252 1696 nc
273 1628 416 1713 prefatos
448 1628 550 1710 ciues,
581 1627 714 1710 incolas,
745 1628 991 1695 uniuersitatem
1021 1628 1168 1696 ciuitatis
1197 1629 1231 1697 in
1262 1628 1360 1712 blica,
1390 1647 1513 1698 necnon

212 1742 382 1810 uniuersos
404 1746 437 1808 et
460 1741 606 1825 singulos
628 1746 823 1809 mercatores
847 1747 880 1808 et
894 1742 976 1809 alias
998 1760 1209 1827 quascunque
1229 1760 1388 1826 pemom
1410 1742 1513 1811 dictas

213 1855 375 1924 nundinas
398 1873 457 1922 seu
477 1856 617 1922 annuale
638 1855 754 1939 iorum,
778 1855 864 1922 sicut
886 1855 1094 1939 premittitur,
1116 1856 1301 1939 uisitantes,
1323 1855 1513 1924 accedentes

213 1976 247 2038 et
269 1990 328 2039 suo
350 1976 495 2054 tempore
517 1976 680 2038 morantes
712 1969 832 2037 ibidem
855 1988 894 2037 ao
916 1970 1020 2037 eciam
1042 1969 1215 2037 redeuntes
1240 1967 1363 2036 abinde
1385 1970 1420 2036 in
1442 1987 1513 2054 per·

214 2085 314 2167 sonis,
336 2083 497 2152 mercibus
513 2089 546 2150 et
560 2084 657 2152 rebus
679 2084 826 2167 ipsorum
841 2087 953 2151 contra
974 2083 1136 2150 indultum
1157 2087 1305 2151 nostrum
1327 2082 1513 2151 huiusmodi

213 2197 402 2281 impediant,
418 2197 590 2266 molestent
606 2196 846 2280 quomodolibet
859 2197 914 2264 uel
928 2194 1127 2279 perturbent,
1142 2201 1239 2280 prout
1253 2195 1513 2281 indignacionem

213 2316 358 2380 nostram
380 2310 607 2394 grauissimam
630 2312 793 2378 voluerint
817 2310 925 2378 arcium
948 2311 1083 2378 euitare.
1106 2309 1316 2378 Prescncium
1339 2310 1403 2379 sub
1424 2311 1512 2396 regie

213 2425 395 2493 maiestatis
418 2430 529 2493 nostre
550 2424 659 2509 sigillo
681 2424 869 2492 testimonio
890 2425 1067 2491 literarum.
1091 2424 1212 2490 Datum
1227 2423 1333 2507 Prege
1355 2442 1442 2492 anno
1460 2423 1512 2492 do

214 2540 295 2606 mini
319 2539 491 2607 millesimo
513 2541 741 2606 ueccntasimo
763 2538 983 2622 nonagesimo,
1006 2537 1061 2604 die
1073 2536 1151 2604 XIII
1169 2537 1321 2620 Augusti,
1342 2528 1512 2621 regnorum

217 2657 401 2721 nostrorum
430 2671 515 2720 anno
543 2652 678 2720 Boemie
706 2652 861 2721 vicesimo
892 2655 1018 2734 octauo,
1047 2651 1265 2718 Romanorum
1295 2667 1374 2719 vero
1404 2651 1511 2734 quinto

215 2767 350 2836 decimo.

542 2905 607 2991 [Na
629 2904 745 2989 ohbu:]
768 2904 820 2972 Ad
842 2894 1036 2971 relacionem
1058 2902 1259 2987 sigismundi
1283 2903 1508 2972 subcamerarii

894 3016 1086 3084 Wlachnikc
1109 3015 1150 3083 de
1171 3015 1408 3102 Weytanmule.

321 3157 385 3244 [Na
406 3155 522 3243 rubuz]
544 3158 582 3224 R
606 3159 722 3225 Petrus
745 3158 786 3225 de
807 3156 979 3225 Wischou.

321 3346 393 3417 Orig.
412 3362 490 3417 perg.
508 3364 525 3402 u
543 3345 656 3404 archiru
667 3363 704 3403 m.
716 3346 830 3401 Stlibra
849 3343 933 3402 Pebet
950 3343 1227 3411 utriena-Pelael‚
1245 3343 1507 3418 Lebenegcscbicbte

217 3444 252 3506 K.
270 3440 461 3501 Wonceslaus.
480 3442 660 3500 Urlrnndanb.
678 3443 717 3498 Nc
732 3441 829 3497 LXXI.

783 3652 850 3738 bis.
872 3671 947 3739 640.

573 3860 669 3947 1391,
692 3859 736 3929 ιτ
756 3860 880 3931 renna
910 3859 968 3931 ua
989 3841 1164 3932 baumes

219 4055 306 4122 Kru'l
337 4054 450 4121 Vdcloo
465 4054 521 4121 IV
536 4055 690 4139 aarum
712 4051 775 4140 uby
795 4050 893 4120 seledo
914 4049 1112 4121 moueat
1132 4052 1209 4120 lida
1224 4048 1414 4145 Cbebsky'cb,
1436 4055 1513 4122 uas

219 4190 235 4234 s
257 4171 401 4253 ηιΐεῖαημ
424 4165 610 4255 Cbcbsby'ma'
630 4167 729 4253 jedno
758 4167 820 4234 telo
841 4168 932 4245 toor't,
962 4166 1060 4254 agibrd
1073 4164 1138 4252 jou
1159 4165 1352 4251 amomum
1371 4167 1514 4254 kprdou

708 4304 753 4352 aa
767 4281 837 4369 jicb
859 4278 1018 4366 Modo.

323 4475 394 4542 Wir
422 4475 604 4543 chcnlaw
634 4496 696 4544 von
727 4479 819 4558 gotes
848 4475 975 4559 gnadun
1003 4471 1197 4542 Romischer
1223 4470 1328 4558 kunig
1360 4496 1404 4544 nn
1432 4479 1518 4546 allen

220 4589 345 4657 cneitan
375 4609 480 4657 meror
508 4591 566 4656 des
597 4591 703 4657 reichs
734 4589 799 4656 und
829 4588 931 4670 kunig
961 4606 1001 4653 au
1024 4585 1159 4652 Bebcim
1180 4583 1349 4658 bekennen
1373 4594 1440 4666 und
1461 4601 1520 4663 tun
