3098 5392
595 437 672 490 raon
1225 448 1289 513 461

10 669 116 718 eneus
138 650 238 718 annui
254 650 326 717 siue
339 649 504 718 redituum
514 669 578 719 non
589 651 823 721 decuciendam
834 654 905 721 eine
916 651 1137 721 defalcandsm
1158 654 1193 721 in
1208 660 1295 723 sorte

10 783 82 830 tnno
106 763 252 846 quolibet
266 765 393 832 soluere
403 770 582 833 teneantur.
605 765 791 834 Inhibentes
807 767 968 834 uniuersis
984 770 1018 833 et
1031 767 1169 851 singudis
1191 785 1296 835 came·

10 878 106 960 ariis,
126 876 385 960 subcamerariis,
409 877 581 960 iudicibus,
596 879 799 962 iusticiariis,
815 877 1018 962 officialibus,
1034 878 1296 949 viceofficialibus

10 991 90 1075 ¹egui
102 990 247 1072 Boemie,
269 990 325 1074 qui
339 1007 398 1074 pro
412 984 557 1074 tempore
568 991 699 1076 fuerint
715 1010 841 1061 necnon
854 992 1023 1077 militibus,
1035 992 1216 1075 clientibus,
1232 994 1295 1061 cle-

10 1104 87 1185 icis,
99 1103 227 1171 ciuibus
237 1102 454 1187 Prsgensibus
468 1104 600 1187 maliis,
624 1107 844 1188 cuiuscunque
857 1110 961 1173 status
976 1106 1125 1189 enisum
1147 1107 1291 1190 ipsorum

10 1215 226 1298 reditoribns,
247 1234 289 1283 ne
310 1215 452 1299 prefatos
471 1217 621 1299 iudicem,
643 1218 766 1286 iuratos
782 1223 816 1284 et
828 1218 1073 1287 rniuersitatem
1086 1218 1176 1302 opidi
1199 1218 1292 1287 Golo-

10 1328 124 1396 riensis
146 1329 305 1396 aduersus
324 1328 565 1397 ordinacionem
578 1331 709 1413 regiam
732 1330 810 1399 dorm
832 1349 869 1398 se
889 1332 932 1398 ad
954 1330 1152 1399 solucionem
1172 1330 1290 1415 prefati

10 1459 119 1509 census
143 1441 328 1525 obtulerint,
350 1445 520 1511 occasione
545 1441 760 1529 quorumlibet
781 1443 961 1511 debitorum
983 1444 1093 1527 citare,
1122 1449 1293 1529 mertare,

10 1560 165 1639 nepetam,
188 1573 355 1639 occupare,
377 1556 596 1640 impignorare
620 1560 678 1624 aut
706 1557 788 1624 aliae
817 1557 989 1625 molestare
1017 1562 1204 1641 presumant
1232 1557 1293 1627 sub

10 1687 83 1751 pena
92 1674 206 1736 nostre
227 1668 473 1752 indignacionis,
488 1687 595 1755 qnam,
620 1670 676 1754 qui
699 1687 793 1737 secus
822 1673 1014 1754 attemptare
1027 1671 1292 1755 presumpserint,

10 1799 40 1848 se
51 1786 249 1866 cognoscant
260 1782 408 1865 grauutan
417 1782 603 1851 incurrisse.
619 1783 826 1851 Presencium
839 1783 898 1851 sub
913 1788 1024 1852 nostre
1037 1783 1226 1867 magestatis
1248 1785 1293 1851 si·

10 1895 77 1977 gilo
99 1896 286 1963 testimonio
308 1894 486 1963 literarum
517 1896 638 1963 Datum
660 1896 766 1981 Prage
787 1915 871 1965 anno
893 1896 1015 1965 domini
1035 1897 1206 1966 millesimo
1226 1902 1292 1965 tre·

13 2009 176 2075 centesimo
191 2008 458 2091 quinquagesimo
474 2008 588 2093 primo,
603 2013 717 2093 quarto
733 2007 960 2094 idusJuoii1),
982 2027 1154 2094 regnorum
1167 2014 1293 2079 nostm·

14 2137 72 2186 rum
93 2139 177 2188 anno
201 2121 322 2202 quinto.

104 2291 157 2347 Die
175 2291 243 2361 orig.
260 2290 369 2363 drubdy
384 2291 525 2348 rarobiru
542 2310 578 2348 nr.
591 2292 695 2350 Koltna
711 2292 870 2350 charmeio
886 2292 988 2363 Pelneb
1004 2292 1039 2349 K
1057 2292 1127 2351 Karl
1142 2292 1170 2350 d.
1188 2294 1292 2351 Vicrte.

20 2380 180 2443 triundanb.
199 2385 225 2440 N
228 2389 240 2419 ⁰
259 2386 354 2444 cxxi
371 2386 445 2458 Kop.
461 2403 495 2443 aa
511 2387 576 2443 xvi
593 2389 686 2444 stolati
703 2404 720 2443 r
737 2390 861 2459 pamdtnt
878 2389 960 2445 knine
978 2404 1013 2444 m
1030 2389 1134 2446 Kolina
1150 2408 1166 2445 a
1182 2407 1205 2447 r.
1224 2395 1289 2447 ibet

20 2481 67 2535 nn
80 2489 110 2537 3³
120 2503 144 2537 o.
162 2499 198 2538 aa
214 2482 353 2553 napinam:
374 2483 486 2549 „Milost
503 2489 598 2555 strany
616 2484 720 2540 elevent
737 2483 816 2555 plato
827 2483 864 2539 do
876 2484 913 2540 111
924 2484 964 2540 let
974 2501 1026 2555 pro
1037 2491 1137 2543 reaten
1147 2484 1293 2559 pissrodu“,

21 2574 118 2633 odotem
142 2580 162 2647 ι)
184 2578 225 2633 11·
245 2578 308 2635 idus
329 2580 406 2635 Junii
427 2581 472 2650 (la
493 2578 611 2650 derina).

446 2870 449 2879 ·
566 2841 631 2926 bro.
655 2859 727 2927 315.

397 3012 496 3095 1351,
516 3013 539 3081 9
560 3030 688 3101 erpna.
709 3014 742 3085 V
764 3016 892 3086 Praac.

19 3184 84 3295 dadi
104 3190 205 3256 Karai
226 3191 246 3254 1
251 3189 281 3254 V
289 3189 504 3274 pr'a'oloetdsg'e
525 3186 684 3256 medon
708 3191 809 3255 mdsto
830 3188 999 3256 Litomdr'o'c
1030 3188 1182 3257 eoobodad
1208 3189 1294 3257 abobi

21 3294 110 3384 open,
126 3303 212 3387 pr'cd
225 3307 352 3371 maren
366 3304 456 3371 tedio(
475 3325 498 3369 o
519 3301 540 3367 b
547 3303 741 3386 probodtstoi
759 3301 1027 3387 Vesceraaeteaa
1036 3304 1243 3388 meapte,
1258 3325 1292 3370 oc

429 3415 527 3482 odoni
548 3413 646 3498 siroby
668 3436 690 3481 a
711 3414 862 3499 ddcbody.

102 3592 244 3660 Karolue
266 3591 319 3658 dei
340 3592 451 3676 gracia
471 3591 687 3658 Romanorum
709 3609 766 3658 rex
787 3609 914 3674 semper
934 3597 1091 3676 augustus
1111 3597 1144 3659 et
1157 3592 1292 3659 Boemie

10 3714 63 3771 ren
87 3704 255 3772 Fidelibus
277 3705 398 3771 nostris
421 3704 548 3772 dilectis
564 3756 596 3772 ..
620 3704 804 3772 consulibus
832 3705 976 3771 ciuitatis
998 3705 1291 3773 Lutbomerieensis

10 3820 143 3895 aeciam
170 3819 293 3902 regiam
323 3823 355 3884 et
385 3836 478 3884 omne
499 3816 625 3884 bonum.
671 3819 754 3898 Quia
783 3837 822 3884 ex
851 3818 948 3885 certis
978 3824 1011 3886 et
1039 3818 1290 3886 racionabilibus

10 3933 107 3999 ausis
136 3931 180 3998 ad
208 3931 268 3998 hoo
298 3950 356 3998 noe
385 3931 589 3998 mouentibus
619 3932 831 3999 hereditatem
852 3931 962 4015 Vgezd
994 3950 1095 4016 prope
1124 3932 1290 4000 ciuitatem

10 4044 317 4113 ¹authomericeneem
338 4044 380 4110 ad
401 4045 639 4128 preposituram
661 4045 968 4131 Wyssegradensem
998 4050 1197 4129 spectantem
1218 4063 1292 4112 cum

10 4158 166 4228 minensis
189 4157 350 4240 censibus,
379 4157 559 4224 redditibus
582 4162 615 4225 et
636 4159 710 4226 aliis
733 4158 993 4241 obuencionibus‚
1023 4176 1086 4243 que
1106 4158 1147 4226 de
1168 4155 1292 4226 eisdem

10 4276 153 4343 oberunt
174 4271 316 4352 euenire,
346 4270 438 4337 vobis
460 4271 654 4340 anctoritate
674 4272 766 4356 regia
787 4272 936 4339 duximus
960 4270 1227 4354 committendam,
1256 4275 1293 4339 vt

10 4389 110 4457 adem
134 4384 327 4452 auctoritate
348 4383 561 4451 hereditatem
583 4390 617 4452 et
637 4390 812 4468 prouentus
834 4385 964 4453 eosdem
985 4391 1105 4468 tenere,
1126 4384 1241 4452 tollere
1259 4388 1293 4452 et

10 4502 165 4584 ercipere
194 4497 350 4579 demotis,
385 4498 577 4580 conemini,
611 4498 839 4582 cuiuscumque
867 4502 970 4566 status
1000 4516 1057 4565 seu
1091 4497 1289 4566 condicionis

10 4617 127 4695 eistat,
151 4611 224 4679 sine
245 4615 356 4678 nostro
379 4610 512 4694 speciali
534 4610 685 4678 mandato
701 4611 741 4677 de
762 4610 885 4679 eisdem
903 4612 1063 4679 ullatenus
1076 4610 1289 4696 respondere:
