3098 5392
676 441 751 492 rara.
1296 441 1361 507 675

64 642 200 711 habeat
223 644 379 730 bretoetp'
401 647 502 712 Bened
524 667 546 710 o
567 644 753 731 mabog
783 646 879 712 Vitam
900 665 918 707 o
940 643 1069 709 breniae
1091 665 1113 708 a
1130 663 1212 711 noeaa
1232 647 1361 730 oeapol-

295 758 376 844 rqieb
390 758 561 843 peremtio
583 782 605 825 a
625 779 643 824 o
664 758 797 825 obtudat
811 758 944 842 partein
964 755 1115 823 obecntcb.

174 987 343 1055 Elisabeth
383 988 496 1055 diuina
536 989 667 1056 fauente
707 987 881 1055 clemencia
921 987 1136 1054 Romanorum
1170 986 1359 1070 imperatrix

64 1120 194 1185 semper
216 1105 356 1184 augusta
378 1106 411 1167 et
432 1102 586 1169 Bohemie
609 1101 731 1185 regina.
767 1099 924 1168 Omnibus
946 1101 980 1166 in
1003 1103 1194 1183 perpetuum
1216 1102 1358 1183 graciam

62 1236 157 1282 suam
180 1221 213 1281 et
235 1234 328 1283 omne
350 1214 476 1283 bonum.
500 1216 601 1283 Racio
624 1216 770 1299 deposcit
792 1234 855 1281 non
878 1215 1006 1296 viciata,
1038 1218 1073 1279 vt
1103 1231 1150 1294 ea,
1173 1232 1236 1297 que
1258 1215 1358 1298 pluri-

62 1348 188 1397 morum
212 1328 329 1395 cedunt
351 1328 391 1394 ad
414 1328 614 1395 commodum
636 1333 669 1395 et
691 1328 821 1394 iusticie
843 1331 953 1393 tenent
974 1325 1140 1407 libramen,
1163 1346 1221 1408 pro
1243 1345 1353 1411 perpe·

62 1444 130 1508 tuis
160 1440 328 1508 firmentur
357 1441 556 1523 temporibus
582 1442 686 1508 literis
710 1446 743 1507 et
765 1441 892 1520 sigillis.
938 1439 989 1506 Ad
1012 1440 1234 1506 vniuersorum
1257 1440 1358 1523 igitur

63 1555 271 1640 presentibus
302 1554 452 1621 noticiam
485 1555 632 1622 volumus
655 1556 834 1639 peruenire,
857 1554 942 1638 quod
964 1554 1109 1637 religiosi
1131 1553 1193 1618 viri
1215 1553 1304 1634 prior
1325 1558 1358 1620 et

61 1672 241 1736 conuentus
263 1667 398 1734 fratrum
420 1667 609 1734 monasterii
632 1668 691 1733 sub
714 1673 825 1734 nostra
837 1668 970 1734 ciuitate
986 1666 1119 1748 Melnik‚
1143 1666 1247 1733 sancti
1270 1666 1355 1732 ordi·

60 1785 113 1849 nis
149 1782 284 1849 fratrum
328 1782 533 1847 eremitarum
571 1783 674 1848 sancti
709 1781 893 1865 Augustini,
927 1781 1054 1863 longam
1097 1780 1252 1846 hactenus
1299 1781 1356 1846 ha-

59 1898 201 1962 buerunt
223 1896 423 1978 questionem
446 1914 518 1961 cum
541 1895 629 1961 dicta
652 1895 786 1961 ciuitate
807 1898 919 1961 nostra
941 1894 1064 1960 Melnilr
1083 1913 1140 1976 pro
1163 1892 1355 1975 quibusdam

59 2009 297 2076 hereditatibus
327 2009 414 2075 circa
447 2008 581 2074 eandem
611 2009 777 2075 ciuitatem
807 2009 932 2089 locatis,
956 2008 1048 2074 cuius
1070 2007 1249 2089 questionis
1272 2008 1356 2072 veri·

61 2124 168 2190 dicam
192 2123 277 2188 scire
300 2123 444 2189 volantes
468 2123 636 2188 veritatem
659 2121 786 2188 fidelem
808 2127 952 2187 nostrum
978 2120 1131 2187 dilectum
1153 2121 1354 2202 Beuessium,

60 2236 209 2303 eiusdem
225 2236 368 2302 ciuitatis
384 2255 441 2318 pro
457 2240 533 2301 tunc
555 2235 796 2318 burggrauium‚
818 2254 877 2318 pro
900 2240 991 2319 parte
1014 2234 1158 2301 ciuitatis
1181 2234 1352 2300 statuimus

59 2351 236 2429 arbitrum;
270 2355 303 2415 et
335 2349 377 2415 ad
407 2349 503 2414 huius
535 2349 583 2415 rei
606 2349 848 2432 indagationem
873 2349 1023 2415 similiter
1046 2346 1239 2414 venerabilis
1262 2353 1353 2431 pater

62 2471 93 2529 et
125 2463 286 2543 domiuus,
321 2463 469 2528 dominus
492 2461 666 2542 Jobanues‚
689 2462 741 2528 dei
765 2463 874 2544 gracia
896 2463 1158 2544 archiepiscopus
1180 2461 1353 2543 Pragenais

60 2577 213 2658 sedisque
234 2575 412 2658 apostolice
426 2575 562 2657 legatus,
578 2575 753 2640 discretum
769 2575 872 2640 virum
892 2575 1108 2656 wilhelmum,
1122 2575 1352 2657 burggrauium

59 2691 110 2755 sui
146 2689 245 2754 castri
266 2690 309 2755 'in
339 2688 495 2770 Rudnicz,
527 2707 584 2770 pro
614 2693 706 2770 parte
727 2688 885 2754 dictorum
907 2688 1043 2755 iraham
1066 2690 1175 2772 posuit
1196 2689 1352 2755 arbitrum

60 2808 92 2866 ct
124 2801 211 2867 dicte
244 2801 423 2882 questionis
446 2800 672 2881 discussorem,
696 2805 730 2865 vt
751 2799 907 2884 quidquid
931 2805 1017 2867 certe
1040 2803 1185 2868 veritatis
1208 2820 1246 2868 ex
1268 2803 1352 2869 auti·

57 2934 193 2999 quorum
216 2913 281 2979 fida
305 2914 467 2981 relacione
490 2932 612 2995 suaque
634 2914 788 2979 memoria
810 2915 1003 2995 inuenireut,
1027 2919 1060 2980 et
1081 2916 1202 2982 noticia
1224 2917 1257 2982 in
1280 2936 1351 3000 pre-

58 3029 181 3109 missis,
197 3033 232 3092 rt
245 3028 306 3093 hoc
322 3046 379 3110 per
401 3025 608 3094 diffinitiuam
631 3028 701 3094 loco
724 3032 756 3093 at
778 3028 907 3094 nomine
929 3035 1038 3094 nostro
1061 3029 1257 3096 sentenciam
1271 3028 1350 3096 fina-

58 3144 133 3208 liter
155 3141 377 3222 terminarent,
399 3140 483 3224 quod
507 3160 564 3223 por
587 3141 717 3206 eosdem
740 3141 897 3208 discretos
920 3142 1007 3208 viros
1030 3142 1149 3209 factum
1170 3144 1350 3210 racionabi-

57 3257 133 3322 liter
156 3255 376 3337 cognouimus,
400 3255 520 3337 stipsi
543 3254 618 3319 viva
641 3272 720 3320 uoce
735 3255 826 3321 nobis
843 3256 1022 3321 retulerunt
1036 3260 1068 3321 et
1090 3257 1194 3323 literis
1218 3258 1348 3340 scriptis

59 3369 265 3435 tradiderunt
295 3369 328 3434 in
358 3367 418 3434 hac
448 3367 567 3434 forma:
591 3367 658 3433 Nos
680 3368 868 3448 Beuessius,
891 3368 1106 3451 burggrauius
1129 3370 1347 3452 Moluiaensis,

56 3503 95 3549 ex
124 3487 217 3565 parte
246 3482 453 3549 serenissime
482 3482 609 3548 domine
627 3481 794 3549 Elisabeth
824 3483 1040 3564 imperatricis
1062 3483 1183 3549 arbiter
1205 3484 1340 3567 positus,

55 3617 112 3680 pro
144 3601 236 3679 parte
264 3595 350 3662 dicte
379 3595 523 3660 ciuitatis
545 3595 765 3676 Melniceusis‚
786 3601 819 3661 et
841 3596 1041 3678 Wilhelmus,
1071 3596 1286 3680 burggrauius
1309 3598 1343 3663 in

57 3711 215 3790 Rudnioz,
246 3709 398 3776 similiter
426 3708 546 3775 arbiter
576 3710 701 3791 positus
732 3728 789 3792 per
811 3710 1025 3776 venerabilem
1049 3711 1222 3792 dominum,
1245 3711 1346 3778 domi-

55 3845 133 3890 uum
154 3823 345 3904 iohannem,
378 3824 657 3907 archiepiscopum
678 3824 874 3907 Pragensem
907 3826 972 3891 iam
1005 3827 1136 3908 dictum,
1172 3845 1230 3909 pro
1253 3830 1346 3909 parte

54 3940 191 4005 fratrum
221 3937 427 4003 eremitarum
457 3936 580 4003 ordinis
612 3938 714 4004 sancti
737 3938 912 4022 Augustini
935 3946 1111 4007 conuentus
1135 3941 1239 4006 sancti
1261 3940 1345 4007 Lau·

54 4052 157 4119 renaii
188 4050 247 4117 sub
277 4050 410 4132 Melnik‚
439 4049 577 4116 fatemur
608 4052 811 4134 presentibus
834 4058 1046 4120 attestamur
1067 4053 1237 4135 uniuersis,
1260 4055 1345 4135 quod

52 4167 85 4233 in
109 4183 218 4247 causa,
241 4183 303 4249 que
325 4164 510 4231 vertebatur
531 4166 616 4231 iuter
639 4166 742 4232 dictas
765 4171 883 4249 partes,
907 4167 1058 4234 videlicet
1079 4166 1243 4232 ciuitatem
1265 4169 1345 4234 Mel-

51 4283 218 4348 nicensem
241 4284 273 4346 et
296 4283 490 4345 conuentum
510 4298 548 4345 ac
571 4281 801 4346 monasterium
814 4281 1043 4364 supradictum,
1066 4282 1209 4347 totaliter
1230 4281 1344 4348 arbitri

49 4401 83 4462 et
99 4394 232 4479 judiees
254 4393 353 4476 positi
375 4394 416 4460 de
438 4393 637 4460 discrecione
653 4398 686 4460 et
708 4394 921 4462 distinccione
943 4396 1161 4476 terminorum,
1185 4396 1342 4478 granicis-

46 4531 122 4577 rum
146 4513 180 4576 et
200 4512 358 4575 metarum
380 4507 465 4572 inter
487 4507 684 4574 hereditates
708 4508 890 4589 eorundem,
908 4509 948 4574 de
964 4514 1051 4575 certa
1066 4514 1176 4575 nostra
1191 4510 1341 4593 sciencia,

44 4643 147 4710 quarn
170 4640 210 4687 ex
232 4622 352 4688 noticia
373 4624 553 4704 recepimus
575 4625 718 4704 antiqua,
742 4629 775 4689 et
797 4622 1031 4707 fidedignorum
1054 4627 1219 4694 homiuum
1244 4646 1342 4711 super

1136 4755 1186 4808 aa*
