3098 5392
627 405 701 460 (661.
1260 410 1322 476 221

113 612 177 675 liter
200 614 248 677 vti
271 612 410 678 debeant
432 621 587 695 perpetuo
611 621 645 681 et
666 617 807 697 gaudere
830 619 885 698 ita,
910 619 995 699 quod
1017 618 1059 683 ad
1078 620 1170 685 nobis
1193 620 1326 687 dilecto·

131 726 253 790 ciuium
281 731 465 792 nostrorum
487 727 822 795 Lutbomericensium
845 731 950 795 instar
975 730 1112 812 predicti
1138 734 1244 799 nostri
1266 732 1327 799 Vs·

113 857 139 902 ss
161 839 252 903 ciues
275 857 313 904 ac
335 857 447 905 eornm
470 858 673 907 successores
697 843 730 907 in
753 843 971 924 predictarum
993 844 1095 910 Albae
1113 849 1155 909 61
1176 845 1328 911 Wnltaue

113 971 186 1017 rum
209 952 412 1019 ascendendo
441 959 473 1018 et
488 953 711 1020 descendendo
734 974 791 1037 per
814 974 869 1021 aas
892 955 1003 1022 liberis
1026 956 1227 1039 transitibus,
1254 977 1328 1025 con·

113 1085 121 1129 1
152 1084 211 1147 per
245 1084 301 1132 eos
324 1066 489 1132 dumtaxat
523 1068 599 1134 dato
620 1068 769 1135 theloneo
804 1071 837 1134 in
860 1071 950 1152 locis,
985 1070 1019 1136 in
1049 1068 1166 1152 quibus
1196 1071 1329 1155 dejure

123 1181 303 1260 consueuit,
326 1198 528 1262 quocumque
551 1182 713 1247 voluerint
734 1184 899 1266 nauigare,
934 1188 967 1249 et
989 1183 1179 1267 Vbicumque
1202 1185 1249 1250 eis
1272 1204 1328 1250 na·

113 1311 122 1355 ι
151 1310 210 1356 sua
240 1292 443 1374 expedinerit
472 1311 622 1359 onerare
639 1313 677 1359 ac
699 1312 860 1360 annonam
882 1301 915 1361 et
935 1315 988 1362 res
1012 1315 1088 1362 suas
1111 1315 1329 1379 quascumque

113 1423 164 1485 psa
179 1404 342 1470 adducere
364 1405 494 1470 valeant
509 1411 542 1470 et
557 1407 658 1472 eciam
674 1407 745 1472 sins
760 1408 989 1489 impedimento
1006 1411 1149 1492 quolibet
1164 1411 1326 1493 adaptare.

114 1518 236 1598 lgemns
260 1517 308 1583 616
330 1523 478 1599 preterea
498 1525 531 1584 et
552 1518 709 1600 sanemus,
741 1521 835 1602 quod,
871 1524 1065 1604 quicumque
1092 1522 1328 1606 regnicolarum

113 1649 211 1696 rorum
244 1630 399 1712 fidelium,
433 1633 663 1717 cuiuscumque
693 1638 797 1699 status
830 1638 887 1699 aut
916 1634 1115 1702 condicionis
1144 1635 1252 1716 fuerit,
1286 1635 1328 1701 ad

113 1749 195 1809 atem
218 1748 361 1811 nostram
384 1743 453 1811 Vsk
469 1747 603 1827 venerit,
626 1747 708 1829 ipsis
731 1749 851 1813 nostris
875 1748 1000 1815 ciuibus
1024 1754 1182 1815 eteorum
1203 1749 1327 1815 unicui·

117 1857 155 1922 de
176 1876 212 1923 se
228 1859 499 1940 conquerentibus
521 1861 579 1925 uel
590 1864 798 1943 conquerenti
821 1880 919 1944 snper
941 1881 1065 1927 summa
1086 1862 1229 1944 quinque
1244 1879 1327 1927 mar·

113 1990 141 2034 m
154 1971 261 2036 minus
274 1972 382 2037 lotone
397 1991 583 2054 grossorum
607 1972 813 2039 denariorum
828 1976 1037 2058 pragensium
1050 1979 1199 2041 teneatur
1221 1992 1329 2041 coram

113 2084 302 2149 (6616116116
321 2084 432 2167 judice
462 2091 496 2151 et
513 2087 599 2168 juris
629 2087 663 2152 in
686 2106 725 2152 66
747 2089 859 2154 usitati
881 2087 1016 2153 formam
1046 2087 1116 2152 sine
1138 2085 1329 2153 difficultate

113 2197 338 2263 ›ntradiccione
361 2199 504 2280 qualibet
524 2200 721 2282 respondere
742 2220 780 2266 ac
796 2201 985 2267 satisfacere
1000 2201 1041 2266 de
1057 2200 1205 2266 obtentis.
1229 2200 1329 2281 Siqua

113 2317 173 2376 tum
206 2312 421 2394 prescriptam
442 2331 600 2377 summam
622 2313 771 2389 videatur
794 2312 957 2392 excedere,
982 2316 1099 2378 extunc
1125 2331 1233 2379 coram
1254 2332 1328 2378 cnu-

113 2425 134 2489 16
162 2425 283 2490 nostris
313 2422 473 2506 fidelibus,
508 2425 700 2507 ubicumque
723 2427 866 2492 locorum
898 2425 1127 2508 requirendum
1160 2444 1218 2507 per
1239 2426 1328 2507 ipsos

113 2558 123 2604 s
140 2543 268 2605 nostros
283 2538 391 2619 fuerit,
413 2538 607 2620 requiratur.
632 2538 795 2620 Veientes,
819 2543 855 2603 ut
870 2539 934 2620 ipsi
954 2539 1043 2604 ciues
1066 2539 1169 2605 nostri
1192 2538 1234 2603 ad
1248 2540 1327 2604 Pra-

115 2670 132 2715 e
163 2653 216 2718 uel
239 2651 374 2717 alterius
398 2652 627 2732 cuiuscumque
660 2651 761 2716 cnudo
794 2655 903 2716 nostre
920 2651 1081 2735 judicium
1114 2669 1232 2732 supper
1255 2651 1329 2717 vllis

116 2766 141 2829 is
162 2784 226 2830 non
242 2765 380 2829 debeant
403 2765 443 2829 (16
458 2769 564 2831 661616
588 2765 716 2830 6666611
739 2766 791 2829 uel
807 2765 909 2830 eciam
932 2764 1070 2829 iudicari
1089 2769 1146 2828 aut
1162 2782 1218 2845 per
1233 2764 1331 2829 aliam

113 2898 129 2941 n
152 2879 237 2961 juris
261 2877 523 2960 blsidbnrgensis
554 2878 690 2943 formam
724 2877 764 2942 (16
794 2877 927 2942 obiectis
960 2875 1157 2957 quibuslibet
1190 2877 1330 2957 cuipiam

113 2992 229 3071 onderi‚
253 2991 498 3073 inhibentesque
520 2992 602 3072 ipsis
625 2991 746 3055 nostris
770 2991 896 3055 ciuibus
919 3008 1079 3071 expresse,
1110 2988 1194 3072 quod
1217 2990 1250 3053 in
1274 3008 1330 3054 no-

126 3107 333 3171 villicscionis
350 3103 503 3169 Vscensis
527 3103 633 3184 opidis
656 3110 713 3167 ant
728 3103 814 3167 villis
838 3103 919 3167 nulli
942 3121 997 3167 eos
1021 3101 1072 3166 uel
1092 3119 1202 3166 eorum
1216 3119 1326 3183 quem·

113 3239 118 3280 2
135 3239 190 3300 pro
206 3218 324 3284 debitis
347 3217 514 3299 impetenti
530 3217 745 3298 respondeant
764 3217 805 3281 ad
822 3217 956 3296 obiecta,
979 3215 1168 3281 mandamus
1183 3213 1327 3295 11161161,

113 3349 192 3396 :onus
227 3333 260 3396 in
283 3333 355 3412 ipsa
385 3330 518 3395 ciuitate
548 3336 659 3395 nostra
682 3329 818 3394 Vsccnsi
838 3330 937 3412 judex
968 3334 1000 3395 et
1018 3330 1129 3411 jurati,
1166 3329 1222 3410 qni
1244 3348 1329 3394 nnnc

113 3463 116 3505 ι
140 3445 190 3510 661
213 3444 268 3526 qui
300 3463 357 3524 pro
379 3449 523 3525 tempore
553 3444 683 3523 inerint,
707 3443 878 3526 unicuique
909 3445 949 3507 (16
979 3445 1080 3508 altero
1111 3441 1330 3524 conquerenti,

122 3576 316 3639 quocumque
331 3556 487 3621 nobilium
503 3561 686 3621 nostrornm
699 3556 915 3621 residentiam
938 3575 1012 3621 rens
1029 3554 1185 3635 babuerit,
1209 3555 1330 3620 faciant

113 3688 134 3732 u
155 3671 223 3735 suis
246 3669 432 3734 accionibus
456 3669 619 3733 iusticiam
643 3668 833 3748 expeditam.
859 3668 1010 3733 Volentes
1025 3673 1180 3749 preterea,
1204 3674 1241 3732 nt
1262 3669 1330 3748 opi-

113 3789 164 3848 161
185 3782 326 3848 artifices
349 3783 493 3864 predicte
516 3782 660 3847 ciuitatis
683 3787 793 3847 nostre
816 3781 1014 3847 uberioribus
1035 3778 1204 3863 proficiant
1225 3781 1329 3846 iucre-

113 3900 160 3979 tis‚
183 3897 366 3964 inhibemus
390 3897 545 3975 districte,
570 3901 603 3959 vt
617 3895 702 3959 infra
726 3897 820 3959 vuius
843 3895 980 3960 miliaris
1004 3894 1166 3976 sepedicte
1186 3895 1330 3959 ciuitatis

113 4032 142 4078 re
164 4009 338 4078 confinium
361 4010 395 4074 in
418 4009 681 4076 circumferencia
704 4009 853 4074 circulari
877 4014 908 4073 61
931 4014 1021 4072 extra
1044 4009 1150 4089 ipsum
1172 4026 1210 4073 eo
1225 4007 1330 4089 modo,

113 4132 190 4191 :est
212 4126 394 4207 antiquitus
417 4124 633 4205 obseruatum,
668 4142 728 4189 nec
750 4123 952 4187 braseatoros
983 4142 1041 4186 nec
1063 4122 1249 4187 braxatores
1273 4140 1331 4186 nec

113 4239 208 4305 166111
225 4240 277 4304 uel
294 4237 442 4321 pistores,
466 4235 644 4316 661611666,
669 4242 808 4300 sartores
829 4241 884 4299 aut
900 4236 981 4300 fabri
998 4237 1051 4300 uel
1066 4234 1200 4299 alterius
1223 4234 1330 4298 cuius-

113 4372 168 4436 que
191 4350 323 4417 artificii
345 4351 486 4417 artifices
509 4350 591 4415 ullas
621 4354 708 4413 artes
730 4349 932 4413 mechanicas
956 4348 1044 4427 olibi,
1075 4367 1170 4429 quarn
1201 4347 1235 4410 in
1259 4347 1331 4428 ipsa

113 4474 167 4533 ate
189 4469 302 4531 nostra
325 4463 403 4545 Veli,
430 4463 571 4527 studeant
595 4462 635 4526 de
659 4466 763 4527 cetero
787 4479 944 4540 exercere,
976 4460 1088 4524 damus
1118 4461 1252 4542 prefatis
1276 4479 1330 4526 no-

121 4577 326 4645 Vscensibus
343 4575 469 4641 ciuibus
493 4581 651 4640 eteorum
668 4574 906 4640 successoribus
922 4572 1052 4637 eosdem
1067 4571 1206 4638 artifices
1223 4591 1332 4639 omnes
