3098 5392
223 420 288 483 954
842 422 915 468 rior.

218 629 301 692 ciam
331 627 507 707 elargimur
536 645 576 690 ac
597 625 826 690 nichilominus
856 625 1014 705 capellam
1036 625 1156 704 ipsam,
1191 626 1302 690 cuins
1326 624 1464 710 [fructus
1481 645 1521 691 au·

218 760 317 806 nuum
347 741 501 820 valorem]
524 740 636 805 decem
658 738 850 820 [marcarum
878 739 1007 820 argenti
1036 738 1111 818 puri
1142 757 1214 803 non
1242 739 1439 825 excedunt}
1468 759 1520 806 cun

218 853 368 919 omnibus
401 853 527 919 iuribus
561 860 596 918 et
627 854 838 934 pertinenciis
872 852 942 916 suis
979 849 1106 932 prefate
1141 852 1364 931 parrochiali
1400 853 1520 927 ecclesie

219 969 313 1034 erius
348 966 501 1032 similiter
537 968 648 1035 decem
680 964 912 1050 marchiarum]
946 964 1073 1047 argenti
1105 965 1186 1046 puri
1221 965 1368 1033 fructus
1397 973 1520 1034 etcu-

220 1081 321 1147 lorem
354 1099 507 1161 annuum,
545 1086 580 1145 nt
616 1082 785 1159 asseritur,
807 1098 871 1144 non
909 1077 1078 1158 excedunt,
1114 1077 1230 1143 eciam
1268 1080 1305 1145 ai
1340 1099 1442 1164 super
1467 1080 1519 1161 ipu

219 1195 344 1276 capella
364 1196 451 1261 inter
481 1195 608 1276 ahquos
638 1194 690 1273 lis,
720 1194 815 1258 cuius
844 1198 965 1258 statum
994 1190 1204 1274 presentibus
1238 1191 1367 1259 haberi
1397 1193 1517 1259 volumus

217 1327 276 1388 pro
298 1327 462 1391 expresso,
491 1309 526 1373 in
548 1307 675 1390 palacio
697 1305 875 1389 apostolico
896 1306 951 1372 uel
973 1304 1051 1371 alibi
1072 1303 1222 1387 pendeat
1258 1323 1327 1372 seu
1348 1303 1516 1372 manauit

218 1422 373 1502 indecisa
395 1423 590 1488 auctoritate
612 1420 740 1503 prefata
761 1421 1001 1503 imperpetuum
1023 1419 1166 1499 unimus,
1187 1422 1415 1488 annectimus
1435 1425 1465 1485 et
1480 1419 1513 1482 in

218 1553 436 1616 corporamus,
459 1535 507 1600 ita
529 1534 616 1616 quod
638 1553 764 1601 exnunc
786 1535 918 1600 inantea
940 1532 1156 1615 parrochialis
1179 1533 1339 1600 eeclesia
1362 1540 1398 1600 et
1418 1529 1514 1614 capelle

216 1648 362 1729 predicte
396 1667 493 1713 vnum
524 1667 642 1731 corpus
677 1654 879 1727 censeantur,
914 1647 1064 1729 quodque
1092 1645 1238 1712 cedente
1272 1648 1332 1714 uel
1364 1645 1512 1714 decedente

218 1768 346 1828 rectore
367 1763 453 1828 dicte
477 1763 690 1843 parrochialis
713 1763 860 1842 ecclesie,
882 1764 938 1846 qui
960 1779 1045 1826 nunc
1067 1766 1128 1840 est,
1151 1760 1210 1826 uel
1234 1762 1420 1829 eeclesiam
1433 1761 1512 1842 ipen

215 1875 298 1940 alias
322 1874 562 1957 quomodolibet
584 1876 777 1956 dimittente,
809 1876 962 1957 deinceps
984 1873 1153 1957 perpetuis
1175 1873 1313 1942 futuris
1335 1870 1510 1958 temporibus

216 1987 334 2069 prefati
369 1987 501 2070 opidani
533 1989 621 2054 dicte
648 1988 864 2054 fraternitatis
886 1988 1055 2070 adipeam
1076 1986 1262 2053 ecclesiam
1286 1985 1510 2072 pmoenidcu

216 2103 499 2184 quocienscunque
521 2120 593 2168 eam
616 2121 732 2168 vacare
754 2101 935 2184 contigerit,
966 2101 1048 2167 duos
1069 2100 1294 2183 presbyteres
1316 2120 1380 2184 per
1401 2118 1454 2166 eos
1470 2096 1510 2161 cli

215 2214 337 2295 gendos
371 2215 468 2281 dictis
499 2215 621 2283 decano
651 2221 686 2280 et
708 2217 850 2298 capitulo
879 2220 1078 2298 presentare,
1112 2212 1295 2296 iidemque
1330 2212 1510 2282 decanusel

215 2328 392 2408 capitulum
424 2346 522 2393 vnum
553 2345 593 2393 ex
618 2328 804 2395 huiusmodi
828 2328 1027 2412 presbyteris
1048 2325 1155 2408 magia
1178 2326 1370 2410 ydoneum,
1400 2345 1454 2410 per
1471 2338 1510 2388 cos

215 2441 276 2505 loci
302 2441 467 2506 ordinario
489 2443 742 2525 presentandum
765 2448 799 2507 et
819 2460 877 2523 per
899 2441 1037 2506 eundem
1060 2438 1276 2507 ordinarium
1293 2442 1509 2525 imperpetuum

213 2559 370 2620 rectorem
393 2555 480 2621 dicte
501 2557 639 2622 ecclesie
661 2555 874 2637 parrochialis
904 2552 1151 2634 instituendum,
1186 2553 1324 2638 eligere
1351 2553 1509 2639 possintel

216 2665 371 2746 debeant;
394 2668 543 2749 quodque
558 2669 656 2735 liceat
677 2667 802 2749 prefato
822 2668 939 2733 rectori
962 2665 1163 2748 corporalem
1187 2669 1326 2748 capelle
1349 2669 1510 2745 iuriumque

214 2785 247 2843 et
270 2781 537 2861 pertinentiarum
560 2782 782 2864 predictorum
802 2781 1039 2862 possessionem
1054 2778 1260 2846 auctoritate
1276 2782 1417 2864 propria
1430 2779 1510 2845 libere

213 2893 457 2974 apprehendere
490 2900 523 2959 et
551 2899 708 2976 perpetuo
741 2895 831 2960 licite
860 2894 1012 2973 retinere,
1042 2893 1212 2960 diocesani
1242 2894 1315 2962 loci
1347 2896 1401 2961 uel
1423 2892 1509 2959 cuins·

214 3025 341 3086 cunque
363 3007 498 3072 alterius
521 3007 658 3073 licencia
682 3025 779 3089 super
799 3008 860 3073 hoc
876 3009 1007 3073 minime
1022 3007 1191 3089 requisita.
1226 3006 1397 3074 Volumus
1411 3011 1508 3070 auten.

213 3119 298 3201 quod
334 3120 404 3201 ipse
438 3125 544 3186 rector
578 3120 665 3187 dicte
698 3121 911 3202 parrochialis
945 3121 1083 3186 ecclesie
1115 3137 1176 3200 pro
1207 3126 1366 3205 tempore
1400 3120 1509 3186 racione

211 3232 359 3298 eiusdem
382 3233 507 3314 capelle
529 3236 728 3317 episcopalia
751 3236 823 3299 iura
845 3235 973 3300 soluere
994 3239 1027 3298 et
1049 3234 1114 3299 alia
1135 3233 1248 3314 ipsius
1275 3236 1406 3318 capelle
1428 3245 1507 3297 onera

211 3351 366 3412 consueta
396 3350 545 3412 teneatur
569 3353 770 3430 supportare,
799 3367 863 3413 non
894 3347 1096 3413 obstantibus
1127 3345 1407 3415 ordinacionibus
1437 3346 1506 3409 inter

211 3459 376 3541 predictos
399 3459 556 3526 decanum
588 3466 622 3528 et
644 3461 822 3542 capitulum
844 3479 883 3526 ac
905 3461 1062 3542 opidanos
1085 3459 1280 3527 huiusmodi
1308 3456 1505 3527 fraternitatis

211 3580 355 3654 tempore
376 3571 582 3640 fundacionis
605 3581 638 3639 et
661 3574 839 3640 ereccionis
855 3573 1072 3656 predictorum
1091 3578 1125 3638 et
1139 3577 1218 3639 aute
1232 3574 1504 3642 consecracionem

211 3687 315 3766 ipsius
339 3688 462 3769 capelle
484 3707 582 3769 super
605 3689 676 3752 iure
698 3694 888 3770 patronatus
911 3688 1057 3753 eiusdem
1079 3692 1112 3752 et
1127 3689 1349 3768 presentandi
1365 3690 1503 3752 rectoreu

210 3799 250 3862 ud
282 3799 379 3880 illam,
413 3802 488 3866 aliis
519 3806 626 3865 tamen
659 3802 921 3868 ordinacionibus
952 3802 1123 3883 presertim
1154 3799 1197 3866 de
1228 3801 1356 3869 mediis
1383 3796 1503 3865 ablatio

209 3911 305 3976 nibus
329 3913 363 3976 in
385 3914 457 3994 ipsa
479 3915 603 3995 capella
625 3915 891 3996 prouenientihus
915 3915 1012 3980 dictis
1036 3912 1172 3998 [decano
1196 3911 1243 3997 et]
1269 3915 1416 3998 capitulo
1429 3907 1502 3976 exhi·

209 4023 333 4104 bendis,
363 4023 459 4090 factis
483 4032 516 4091 et
545 4027 643 4091 editis
674 4028 706 4091 in
731 4046 789 4092 suo
818 4027 933 4092 robore
962 4027 1137 4106 duraturis,
1167 4044 1301 4092 necnon
1332 4027 1502 4093 feliciam

209 4138 408 4204 cordationis
430 4137 589 4205 Bonifatii
612 4157 695 4221 pape
717 4141 836 4220 oetaui,
860 4138 1099 4221 predecessoris
1129 4138 1246 4218 nostri,
1282 4144 1319 4205 et
1345 4140 1421 4204 aliis
1438 4151 1502 4201 con·

207 4251 431 4318 stitutionibus
453 4252 640 4333 apostolicis
675 4253 847 4319 contrariis
881 4252 1133 4336 quibuscunque.
1172 4250 1288 4317 Etiam
1305 4249 1332 4335 ¹)
1365 4243 1501 4328 sidiqu

204 4382 305 4445 super
325 4365 569 4446 prouisionihus
594 4365 657 4430 sihi
687 4364 847 4431 faciendis
878 4365 919 4431 de
941 4364 1126 4432 huiusmodi
1157 4367 1211 4432 vel
1242 4367 1324 4433 aliis
1355 4358 1500 4432 benmffis

209 4477 419 4541 ecclesiarum
442 4479 475 4543 iu
499 4478 564 4542 illis
589 4477 735 4557 partibus
760 4480 918 4560 speciales
946 4480 997 4545 vel
1020 4478 1187 4562 generales
1220 4483 1406 4561 apostolice
1427 4473 1499 4543 sedis

210 4589 259 4653 vel
280 4589 459 4669 legatorum
481 4591 551 4655 eius
573 4592 685 4656 literas
706 4593 922 4674 impetrarint,
953 4592 1081 4679 etiamsi
1111 4609 1170 4673 per
1200 4610 1263 4685 eas·
1290 4595 1335 4659 ad
1369 4586 1497 4658 inhibiti·
