3150 5378
305 468 388 530 iras
910 463 984 510 ¹⁴1⁴·

306 672 378 724 nitho
406 668 503 739 spadly
523 684 560 721 na
576 666 721 720 Jiuothha
739 683 754 719 z
773 666 866 718 Ladan
882 664 966 733 podle
986 665 1090 732 smlrir5
1105 664 1183 731 jistp.
1207 666 1309 732 protei
1327 665 1427 718 temni
1445 664 1563 719 Jindl'ich

303 767 400 835 ajeho
427 765 570 819 ‹ledicuom
596 764 671 817 dilue
696 763 795 816 leiensi
821 763 909 829 nrohy
934 778 950 812 v
972 760 1166 828 Budisjovicich
1186 760 1320 829 sapisuje
1340 778 1357 811 r
1377 766 1433 815 700
1451 760 1575 831 hepid:

304 879 318 913 v
337 861 468 915 ‹lievnIch
487 860 585 915 listoch
605 859 778 929 vypsanych·
806 857 917 911 (Archiv
936 858 1028 926 Ceslry
1046 856 1072 909 11
1090 864 1139 910 atr.
1160 862 1231 919 193).

851 1185 867 1221 *
892 1168 958 1249 Cle.
982 1184 1056 1251 858.

561 1375 663 1455 1414,
686 1374 729 1440 19
753 1374 877 1442 ledna.
901 1372 957 1441 Na
980 1369 1130 1440 llordch
1152 1369 1354 1456 Kutnych.

306 1568 433 1633 lu'rmra‘t
456 1564 636 1647 arcibiskup
662 1564 804 1650 Prodslcpi
825 1565 951 1648 udatuje
971 1564 1210 1646 etpr'tcettdenm'
1232 1563 1433 1645 plsomoose'
1465 1562 1574 1645 odpast

304 1686 396 1754 asem,
419 1680 497 1745 boor
510 1679 689 1763 ,asportati
711 1680 874 1761 spasobem
895 1678 916 1742 lc
938 1679 1102 1743 dostomm'
1128 1675 1243 1742 succedo
1277 1674 1410 1743 maela
1442 1698 1490 1744 sc.
1509 1698 1571 1760 poa

309 1795 451 1875 lterbory
473 1817 517 1858 no
542 1794 668 1857 [torach
692 1793 838 1877 h'utuy'cls
856 1794 1003 1875 pr'ispeja',
1035 1792 1103 1856 but
1117 1790 1276 1857 ldmdm'm
1298 1789 1453 1871 homene,
1480 1792 1569 1856 coiea

354 1906 460 1988 plato,
484 1908 584 1989 srsolty
608 1930 630 1970 o
651 1905 778 1971 kcsrscm'
799 1907 877 1970 uach
895 1905 1109 1989 prokdsdm'm
1121 1905 1236 1990 jinp'ot
1258 1904 1407 1989 dodry'cls
1431 1904 1556 1971 stuata.

410 2126 577 2191 Conradus
601 2125 653 2191 dei
679 2127 788 2207 gracia
811 2125 1075 2208 archiepiscopus
1098 2125 1283 2208 Pragensis,
1318 2127 1512 2207 apostolice
1533 2144 1575 2183 ιι

308 2241 443 2321 legatus
467 2240 638 2305 Vniuersis
664 2238 786 2304 Christi
809 2238 971 2317 fidelibus,
1001 2240 1043 2304 ad
1064 2258 1145 2323 quos
1177 2244 1350 2321 presentes
1385 2246 1505 2307 nostre
1526 2241 1574 2305 lit·

308 2354 516 2434 peruenerint
538 2359 595 2417 aut
611 2354 782 2434 peruenire
805 2354 987 2435 contigerit,
1012 2354 1149 2418 salutem
1164 2352 1198 2417 in
1213 2352 1350 2418 domiuo
1366 2354 1562 2437 sempitern

309 2466 389 2531 Cum
412 2485 451 2531 ex
468 2466 760 2547 pronuncciacione
783 2466 871 2531 verbi
889 2466 950 2531 Dei
976 2483 1034 2548 per
1056 2464 1276 2548 predicatores
1300 2466 1432 2534 missos
1456 2473 1491 2533 et
1505 2486 1575 2549 app

308 2580 400 2645 batos
425 2580 514 2645 iuxta
537 2581 731 2661 euangelica
761 2579 849 2644 dicte
880 2586 913 2644 et
936 2588 1119 2645 sauctorum
1152 2584 1279 2663 patrum
1315 2579 1480 2647 instituta
1513 2580 1573 2646 ride

311 2691 343 2757 in
366 2692 430 2758 fide
453 2693 674 2759 confortentur
705 2693 825 2758 catholi
856 2699 889 2759 et
912 2694 1055 2774 ipsorum
1086 2710 1239 2758 numerus
1271 2692 1466 2762 adiuuante
1494 2695 1557 2761 dou

309 2807 486 2887 roboretur,
510 2807 731 2874 necessarium
753 2811 812 2886 est,
838 2810 873 2870 ut
895 2807 929 2871 in
947 2824 1025 2888 agro
1047 2805 1186 2872 ecclesie
1207 2804 1300 2870 verbi
1325 2807 1393 2872 Dei
1419 2826 1569 2875 semene

310 2926 433 2984 storum
463 2917 539 2985 fidei
574 2921 752 2986 seminetur
785 2919 827 2984 ad
861 2919 1080 2985 erudicionem
1115 2916 1321 2984 salutiferam
1356 2926 1394 2985 et
1428 2920 1508 2988 fidei
1529 2920 1571 2985 iul

309 3037 460 3097 mentum.
484 3031 528 3096 Et
551 3037 647 3097 uteo
672 3031 828 3096 libencius
846 3030 969 3096 Christi
991 3029 1103 3096 fideles
1125 3033 1423 3111 pronuncciacioni
1453 3034 1543 3101 verbi

311 3146 475 3225 intersint,
498 3146 587 3226 ipsos
618 3144 712 3210 donis
744 3144 969 3225 spiritualibus
1000 3144 1151 3209 duximus
1181 3144 1382 3213 incitandos.
1424 3148 1512 3215 Sanc
1539 3195 1540 3198 ,
1572 3179 1575 3200 ·

315 3260 431 3339 pimus,
462 3260 547 3341 quod
571 3261 604 3323 in
628 3260 766 3324 ecclesia
795 3277 880 3323 noua
911 3264 1022 3323 sancte
1044 3256 1188 3322 Barbare
1210 3257 1245 3321 iu
1267 3258 1448 3327 Montibus
1472 3262 1574 3331 chun

318 3373 488 3454 sepissime
512 3372 634 3437 Christi
665 3371 814 3438 fidelibus
838 3372 971 3437 verbum
986 3372 1048 3437 Dei
1071 3371 1276 3453 proponitur,
1308 3374 1365 3439 cui
1398 3376 1557 3443 interesse

314 3485 492 3550 deuotione
514 3486 623 3566 plures
648 3503 686 3548 ex
710 3484 832 3549 eisdem
858 3483 980 3548 Christi
1011 3482 1161 3549 fidelibus
1193 3494 1457 3562 consueuerant,
1486 3506 1560 3575 quos

316 3600 458 3679 ipsorum
482 3597 603 3663 salubri
628 3598 793 3679 proposito
816 3597 968 3662 roborare
990 3601 1023 3661 et
1043 3596 1124 3662 alios
1147 3596 1285 3663 incitare
1309 3598 1353 3664 ad
1377 3602 1529 3683 predicte

315 3712 492 3776 dicationis
517 3711 783 3775 interessenciarn
804 3710 981 3791 cupientes,
1012 3709 1054 3774 ad
1077 3709 1228 3775 deuotam
1250 3712 1389 3792 prouidi
1422 3714 1571 3783 virile-1

313 3825 507 3905 Wolgcmut,
541 3825 624 3889 ciuis
648 3823 812 3889 Monciuru
837 3822 1086 3889 Chuttuensium
1108 3823 1201 3889 nobis
1223 3824 1359 3891 sincere
1381 3827 1510 3909 dilecti,
1548 3855 1572 3882 ·’-

314 3938 417 4005 ciouis
440 3937 633 4003 instanciam
663 3936 810 4002 omuibus
835 3935 957 4002 Christi
986 3935 1137 4003 fidelibus
1167 3955 1244 4002 rere
1272 3940 1517 4021 penitentibus,
1565 3969 1569 3994 ι

314 4053 410 4118 fossis
434 4058 467 4116 et
482 4052 630 4117 contritis
655 4048 832 4131 predictam
855 4049 1025 4115 ecclesiam
1048 4055 1194 4132 tempore
1214 4050 1467 4133 predicacionis
1481 4052 1575 4139 predi

314 4165 541 4233 accedentibus
564 4171 598 4229 et
619 4180 798 4229 sermonem
821 4180 880 4227 seu
903 4162 1034 4228 verbum
1056 4163 1117 4228 Dei
1139 4163 1174 4227 in
1196 4162 1312 4229 eadem
1337 4186 1446 4253 usque
1466 4168 1508 4235 ad
1527 4164 1575 4233 tiu

314 4286 500 4347 reuerenter
515 4277 722 4343 audientibus
738 4295 794 4340 seu
809 4275 910 4341 eciam
926 4274 1051 4356 lapidos
1066 4294 1126 4359 pro
1141 4277 1372 4346 exstrnceione
1384 4282 1572 4364 predsteecc

316 4398 364 4461 sie
380 4401 491 4460 sancte
514 4391 656 4457 Barbare
679 4389 902 4472 frangentibus
917 4396 975 4454 aut
989 4407 1132 4471 arenam,
1155 4396 1339 4457 cementum
1356 4394 1414 4461 uel
1429 4394 1553 4480 lapides
1571 4422 1574 4445 a

317 4508 519 4591 portantibus
543 4512 599 4570 aut
614 4505 713 4569 alium
735 4521 955 4586 quemcunque
977 4504 1067 4585 pium
1081 4502 1224 4569 laborem
1239 4522 1299 4569 seu
1314 4508 1537 4593 quodcunque
1554 4535 1573 4562 u

317 4623 435 4688 sidium
460 4641 517 4703 pro
541 4620 687 4701 predicta
710 4617 847 4684 ecclesia
868 4616 1074 4697 facientibus,
1095 4618 1138 4683 de
1159 4616 1397 4699 omnipotentis
1412 4622 1481 4691 Dei
