3098 5392
207 396 274 461 626
834 395 910 444 saro.

208 623 327 685 messe,
348 622 448 670 mser
468 603 577 670 reiclne
598 603 636 668 in
657 601 731 668 dem
751 603 822 668 vies
843 603 910 669 und
931 605 1196 689 czwencrigstem
1219 607 1292 674 rud
1314 609 1379 677 des
1402 609 1509 676 leiser-

210 727 299 786 tnms
321 720 357 786 in
377 718 453 784 dem
473 716 687 784 inmenenden
704 716 786 799 jara

319 860 384 942 [Na
404 856 521 943 rnbu:]
541 858 580 923 R
602 856 769 923 lohannes
789 856 880 923 Lusa

316 999 391 1069 culp.
410 1014 486 1070 perp„
510 994 658 1049 sarchin
684 1011 719 1047 nr.
743 993 848 1048 (Thebc.
882 994 1021 1049 Srelkon
1044 994 1136 1065 pedeti
1161 997 1326 1053 dselskou.
1364 997 1411 1056 Na
1436 1000 1508 1055 rubo:

214 1096 317 1161 ,t'erar
333 1094 464 1150 Karulm.
481 1092 534 1148 der
548 1092 594 1147 rol
610 1107 662 1147 nu
678 1091 833 1160 bessemg
848 1090 900 1146 der
909 1097 1009 1161 'ege‘
1026 1121 1061 1132 -
1072 1091 1166 1161 Gredl,
1182 1092 1361 1152 Gesclniclnte
1376 1096 1428 1153 des
1438 1096 1509 1166 5321.

212 1191 310 1248 landes
328 1193 349 1247 1.
367 1198 418 1247 etr.
435 1195 496 1245 2³1&

761 1367 779 1403 *
803 1350 870 1432 bn
891 1366 966 1432 aaa.

576 1521 677 1602 137⁰,
698 1521 721 1588 7
743 1523 941 1592 lenense.
968 1521 1003 1591 V
1023 1520 1154 1591 haze

215 1702 310 1770 (aare
332 1700 432 1767 Kouni
455 1696 505 1764 IV
524 1700 688 1781 Μαικία
717 1700 895 1763 Micodes
924 1719 946 1762 c
967 1699 1020 1764 esa
1037 1696 1103 1763 ὠά
1123 1698 1226 1762 mesto
1247 1699 1366 1766 Morta
1387 1701 1508 1787 odanda

214 1816 386 1899 “adjice
419 1809 586 1895 olecjebo
614 1807 688 1874 kru'l
718 1811 787 1877 Jon
817 1811 1509 1898 uddlcl,crysmjcjimvpirodnttrboc

214 1931 274 1997 cies
297 1950 340 1995 no
363 1925 517 1993 macti
537 1924 575 1987 P.
605 1923 712 1988 niara
733 1945 750 1988 s
772 1924 908 1989 &madi
927 1925 993 2007 day
1011 1923 1115 2007 pcidd
1136 1922 1296 2010 dmoni
1321 1949 1344 1994 a
1367 1949 1404 1996 se
1423 1927 1510 1996 olen

438 2037 556 2121 pressy,
570 2035 657 2119 jecba
678 2037 830 2102 soascdaa'
847 2042 948 2104 mata
965 2038 1024 2121 μὴ’
1043 2037 1142 2104 mich
1161 2039 1294 2123 elisacii.

321 2217 461 2285 landus
483 2217 618 2295 quartus
640 2249 684 2259 —
706 2220 819 2279 notum
840 2213 977 2280 iacimus
999 2251 1053 2295 —,
1075 2214 1160 2298 quod
1181 2232 1241 2298 pro
1262 2222 1362 2299 parte
1385 2255 1430 2264 -
1450 2237 1511 2285 sca·

214 2336 373 2409 binorum,
396 2330 592 2407 iuratorum,
616 2326 736 2393 ciuium
760 2333 792 2393 et
815 2329 994 2395 incolarum
1015 2329 1160 2396 ciuitatis
1196 2334 1311 2397 nostre
1343 2331 1511 2399 Pontensis

214 2450 298 2518 alias
331 2446 420 2511 lirun
450 2439 614 2506 maiestati
644 2446 755 2506 nostre
777 2442 885 2507 extitit
915 2442 1082 2509 humiliter
1103 2443 1332 2526 supplicatum,
1357 2453 1510 2528 quatenns

217 2563 297 2647 ipsis
329 2568 361 2624 et
392 2553 519 2622 ciuitati
548 2571 659 2618 eorum
681 2554 835 2620 Pontensi
858 2574 969 2622 omnes
991 2562 1024 2622 et
1046 2557 1190 2640 singulas
1212 2559 1342 2641 gracias
1367 2566 1403 2625 et
1424 2560 1510 2625 liber·

215 2680 310 2753 laten,
331 2689 390 2754 per
405 2669 491 2734 clare
505 2667 660 2733 memorie
682 2668 842 2734 illustrem
858 2669 1020 2754 qnondam
1030 2669 1219 2752 Jobanuem,
1235 2671 1374 2739 Bocmie
1397 2692 1508 2756 regem,

217 2832 222 2839 .
254 2830 257 2835 .
290 2802 471 2862 concessas
493 2818 538 2827 -
573 2780 752 2862 approbare
774 2820 817 2827 —
847 2783 1062 2865 dignaremur.
1093 2784 1162 2850 Nos
1186 2785 1289 2868 igitur
1312 2788 1511 2854 considerata

217 2905 407 2971 intemerate
428 2895 504 2962 fidei
528 2896 672 2976 ipsorum
694 2914 777 2977 pura
799 2898 985 2964 constancia
1007 2917 1130 2965 uacum
1156 2897 1324 2966 indefessa
1346 2901 1510 2985 obsequio

217 3039 287 3087 rum
311 3011 574 3099 promptitudine,
605 3010 721 3094 quibus
752 3012 845 3078 nobis
876 3018 909 3079 et
936 3014 1021 3078 clare
1042 3014 1194 3080 memorie
1215 3012 1351 3095 regibus
1375 3015 1510 3094 Boemie,

217 3127 476 3219 progenitoribus
488 3126 619 3205 nostris,
628 3131 779 3190 accurata
790 3126 1011 3193 sollicitudine
1021 3127 1510 3208 seruierunt,—concesioncm

217 3266 273 3315 snut
298 3242 507 3310 donacionem
530 3238 714 3304 libertatum
746 3246 779 3304 el
801 3241 983 3321 graciarum
1005 3239 1255 3307 huiusmodi-
1279 3241 1507 3310 confirmamus.

221 3362 382 3435 (tertuum,
407 3358 441 3418 rt
463 3352 550 3416 dicta
573 3351 690 3416 ciuitas
712 3356 824 3417 nostra
845 3353 1016 3419 Pontensis
1039 3359 1072 3418 et
1092 3354 1196 3436 ipsius
1211 3355 1318 3422 incole
1333 3356 1397 3424 sub
1409 3363 1507 3424 nostro

217 3470 374 3555 noninnine
404 3465 554 3532 felicibus
586 3464 756 3546 proficiant
779 3468 996 3548 incrementis,
1017 3504 1062 3512 —
1084 3468 1147 3551 ipsi
1170 3468 1298 3539 ciuitati
1321 3476 1355 3537 et
1378 3472 1448 3538 eius
1468 3471 1506 3534 in-

217 3589 297 3657 colis
326 3622 370 3631 —
401 3581 562 3647 nundinas
594 3581 665 3645 siue
700 3583 838 3648 annuale
865 3583 968 3649 forum
1002 3585 1036 3650 in
1070 3585 1142 3666 ipsa
1164 3584 1310 3666 ciuitate,
1333 3583 1503 3669 incipiendo

219 3700 370 3769 uidelicet
404 3701 475 3760 octo
509 3694 623 3759 diebus
656 3700 731 3761 ante
765 3716 850 3762 nnnc
884 3699 1008 3763 instans
1039 3697 1157 3764 festum
1186 3700 1404 3767 assumciouis
1425 3700 1503 3765 beate

219 3815 321 3887 llario
345 3809 492 3892 virginis,
516 3813 548 3872 et
571 3826 628 3889 per
651 3808 771 3874 dictum
794 3809 911 3875 festum
936 3817 969 3877 et
991 3830 1048 3893 per
1070 3816 1141 3878 octo
1165 3812 1235 3878 dics
1258 3812 1446 3880 immediato
1465 3828 1501 3877 se

218 3932 363 4016 (pallantea,
395 3929 428 3986 et
459 3922 506 3987 sic
539 3943 662 3988 exnunc
698 3924 828 3988 inantea
851 3927 945 3991 annis
969 3926 1107 4008 singulis
1130 3926 1171 3992 ad
1192 3931 1341 3993 nostrum
1363 3928 1500 3994 duntaxat

217 4039 456 4125 lroncplacitum
492 4037 646 4102 celebrari
682 4039 828 4102 volumus
858 4077 901 4084 —
929 4058 967 4106 ac
990 4040 1092 4105 eciam
1114 4039 1338 4122 indulgemus,
1362 4041 1410 4108 ita
1432 4057 1500 4113 uuo,

217 4158 301 4247 pum
336 4152 478 4218 uniuersi
511 4157 542 4215 et
566 4151 696 4232 singuli,
720 4151 761 4215 ad
785 4151 888 4217 dictas
912 4152 1073 4218 nundinas
1096 4153 1167 4219 sine
1189 4155 1330 4220 annuale
1351 4154 1456 4222 forum
1473 4151 1502 4216 da

218 4272 462 4359 onibusomque
494 4265 641 4346 partibus
673 4264 862 4330 accedentes
886 4265 996 4347 ibique
1018 4284 1077 4348 per
1100 4265 1221 4332 dictum
1241 4267 1429 4350 quindecim
1450 4268 1503 4334 die

218 4407 288 4459 cnm
313 4381 458 4466 spacium
491 4379 542 4443 nel
576 4379 656 4443 citra
678 4383 840 4444 morantes
865 4385 897 4444 et
919 4380 1106 4446 recedentes
1128 4378 1255 4460 abinde,
1277 4381 1320 4447 ab
1343 4383 1431 4449 omni
1452 4399 1505 4449 mo

220 4502 315 4575 lastis
345 4501 378 4561 ct
408 4493 528 4559 iniuria
552 4494 615 4559 tuti
640 4491 822 4557 omnimoda
845 4512 924 4575 pace
946 4499 979 4559 et
1001 4493 1185 4574 securitate,
1207 4511 1334 4561 necnon
1356 4494 1507 4563 uniuersis

220 4610 433 4690 libertatibus,
468 4608 571 4689 bonis,
607 4605 895 4673 consuetudinibus
926 4611 959 4673 et
987 4606 1123 4689 iuribus,
1145 4605 1262 4691 quibus
1285 4608 1440 4676 ciuitates
1462 4627 1510 4677 sau
