3098 5392
688 515 766 565 κιο.
1293 518 1372 582 um
1438 478 1440 483 ’

177 714 249 784 Orig.
277 730 341 785 pap.
368 716 515 771 varchiru
540 699 667 774 Ceskoho
687 735 791 773 musea.
818 717 837 771 S
854 716 944 771 monii
963 717 1053 788 pecett
1074 720 1245 775 kralovskou
1263 722 1371 790 (jedna-

69 811 156 879 hiary
176 811 244 878 orel)
264 827 300 864 na
317 828 382 881 pap.
396 814 537 882 vystiiilru
555 831 592 869 na
609 815 681 869 rubu
699 815 872 884 piitisitenou
897 814 1014 870 Kneina
1029 814 1127 871 illium
1139 817 1230 872 neboli
1243 818 1369 881 Arabeta,

69 906 155 960 dcera
181 908 255 961 Jana
280 907 385 977 vevody
411 909 621 966 Zhoieleckeho
642 916 722 982 [syna
746 910 834 965 cisaie
858 910 945 965 Karla
962 911 1000 964 IV
1025 927 1042 965 a
1063 912 1157 966 bratro
1174 912 1296 968 Voclava
1313 913 1370 980 lv),

65 1001 204 1071 provdaia
231 1018 261 1056 se
289 1003 452 1059 roervence
472 1012 539 1062 1408
566 1025 583 1060 r
608 1006 754 1062 Brussellu
781 1024 814 1061 aa
843 1007 1055 1062 Brabantskeho
1083 1008 1369 1065 a'anemburskcho

66 1098 177 1152 vevodu
196 1102 339 1155 Antonine
360 1101 500 1170 (nucem,
519 1102 620 1173 Dojiny
638 1101 744 1158 naroda
763 1085 890 1158 Ceskeho
909 1102 956 1167 ΙΠ,
976 1108 1025 1157 str.
1045 1108 1098 1171 95).

615 1366 719 1450 *Cis
744 1383 817 1449 834.

447 1570 545 1649 1410,
571 1573 614 1639 12
638 1573 777 1640 duona.
807 1573 841 1640 V
864 1572 995 1640 Praze.

62 1761 150 1826 Krai
173 1761 285 1827 Voclau
309 1763 362 1827 IV
383 1765 542 1846 potorzoje
558 1762 771 1845 porkmistro,
794 1762 939 1846 rpoream
961 1785 982 1827 a
1004 1764 1054 1828 cst
1074 1764 1141 1830 obri
1162 1769 1263 1828 orosto
1286 1765 1364 1829 Mel-

61 1873 145 1940 m'ko
163 1876 345 1958 privilepio,
373 1875 463 1941 latero
478 1878 542 1959 jim
565 1881 628 1942 oter
643 1876 717 1960 jetro
740 1879 843 1944 Karcl
866 1880 886 1942 Ι
893 1878 919 1940 V
935 1879 949 1942 i
965 1878 1109 1959 predeslt
1129 1876 1257 1942 krulove'
1282 1856 1366 1943 (iesu

621 1991 805 2073 proptijria'li.

171 2182 380 2248 wenceslaus
415 2181 467 2247 dei
501 2183 613 2263 gracia
643 2182 860 2247 Romanorum
894 2200 950 2245 rex
985 2200 1111 2263 semper
1142 2188 1300 2264 augustus
1332 2190 1366 2248 et

62 2296 199 2360 Boemie
222 2314 287 2359 rex.
323 2295 442 2360 Notum
472 2294 608 2360 facimus
631 2302 744 2360 tenore
768 2297 971 2376 presencium
995 2296 1167 2373 uniuersis,
1197 2296 1283 2378 qnod
1306 2315 1364 2377 pro

61 2416 158 2491 parte
190 2409 337 2489 magistri
360 2408 489 2489 ciuium,
508 2408 630 2490 judicis
654 2413 687 2472 et
709 2409 949 2474 communitatis
973 2409 1116 2473 ciuitatis
1141 2408 1362 2489 Melniceusis,

59 2521 208 2587 fidelium
231 2527 413 2585 nostrorum
438 2520 638 2600 dilectorum,
663 2525 751 2585 extat.
773 2521 937 2585 maiestati
961 2526 1070 2585 nostre
1099 2521 1265 2585 humiliter
1288 2541 1363 2604 sup·

60 2636 228 2717 plicatum,
253 2639 411 2715 quatenus
442 2636 524 2716 ipsis
552 2637 703 2700 uniuerso
733 2641 766 2699 et
797 2637 925 2716 singula
952 2636 1096 2716 ipsorum
1128 2636 1301 2717 priuilegio
1331 2643 1364 2702 et

60 2748 192 2813 litteras
223 2748 305 2829 ipsis
337 2765 394 2828 per
428 2749 669 2813 serenissimum
704 2749 882 2830 principem
913 2749 1073 2829 quondam
1104 2748 1268 2814 dominum
1297 2749 1362 2814 Ka·

57 2862 177 2941 roium,
201 2862 416 2927 Romanorum
440 2863 666 2944 imperatorem
681 2865 818 2944 'semper
841 2868 1014 2941 augustum
1038 2868 1071 2927 et
1089 2862 1221 2928 Bocmie
1243 2881 1361 2944 rogem,

58 2975 226 3040 dominum
250 2979 282 3038 et
304 2973 482 3055 genitorem
506 2980 650 3039 nostrum
665 2976 877 3055 carissimum,
894 2992 931 3040 ac
947 2973 1092 3056 singulos
1116 2975 1361 3056 predecessores

59 3094 204 3166 nostros,
228 3106 321 3168 reges
345 3085 485 3167 Boemie
510 3093 542 3151 et
565 3087 693 3152 denium
717 3107 773 3169 per
798 3108 856 3152 nos
882 3107 978 3170 super
1002 3090 1145 3169 ipsorum
1168 3089 1297 3170 graciis,
1321 3090 1360 3154 li-

56 3200 252 3280 bertatibus,
288 3200 550 3283 exempoionibus
585 3206 617 3264 et
651 3200 788 3265 indultis
821 3200 898 3265 data
931 3206 963 3264 et
997 3219 1166 3281 concessu,
1201 3201 1293 3265 (latas
1327 3208 1360 3266 et

57 3332 233 3381 concessas
268 3313 456 3396 approbare,
492 3314 656 3392 inuouare,
696 3312 857 3379 ratificare
892 3320 924 3378 et.
957 3312 1146 3378 confirmare
1179 3315 1359 3391 preciosius

57 3431 281 3510 dignaremur.
305 3428 373 3493 Nos
396 3429 505 3510 igitur,
529 3430 585 3510 qui
602 3429 817 3509 quorumlibet.
833 3430 917 3492 iuste
938 3430 1120 3509 petencium
1143 3434 1218 3491 vota
1233 3446 1360 3510 semper

57 3542 181 3608 affectu
206 3542 459 3622 complectimur,
484 3543 654 3623 presertim
678 3561 749 3606 cnm
773 3543 858 3607 iuste
891 3541 1076 3623 petentibus
1110 3560 1172 3606 non
1196 3543 1240 3606 sit
1262 3541 1358 3607 donc·

54 3656 186 3737 gentius
208 3653 372 3733 assensus,
396 3653 530 3736 prefatis
555 3654 851 3734 supplicacionibus
874 3655 1045 3736 benignius
1079 3654 1226 3719 inclinati
1250 3655 1357 3719 animo

55 3767 239 3833 deliberato
273 3785 351 3832 sano
385 3765 529 3832 fidelium
564 3773 746 3831 nostrorum
780 3767 953 3832 accedente
985 3767 1119 3832 consilio
1151 3772 1183 3832 ct
1206 3767 1247 3831 de
1270 3774 1357 3833 certa

55 3885 172 3947 nostra
202 3880 343 3945 sciencia
374 3881 525 3944 uniuersa
556 3885 586 3944 et
618 3879 746 3960 singula
777 3879 951 3960 priuiieuia
974 3885 1006 3943 et
1036 3880 1172 3957 litteras,
1206 3899 1355 3962 quorum·

56 4012 187 4076 cunque
210 3999 357 4059 tenorum
380 3995 531 4071 existant,
557 3992 691 4075 prefatis
707 3993 861 4074 magistro
886 3994 1015 4072 ciuium,
1040 3992 1166 4057 ciuibus
1183 3998 1215 4057 et
1238 3993 1354 4060 incolis

55 4107 207 4174 ciuitatis
241 4107 466 4181 Melnicensis,
506 4126 562 4187 per
598 4106 757 4187 prefatum
791 4105 950 4188 qnondam
989 4106 1153 4170 domiuum
1190 4106 1354 4186 Karolum

58 4221 242 4301 portitorem
273 4225 417 4285 nostrum
440 4238 479 4284 ac
502 4221 646 4301 singulos
669 4220 913 4299 predecessores
937 4224 1075 4295 nostros,
1096 4237 1190 4301 reges
1213 4219 1355 4300 Boemic‚

54 4342 88 4400 et.
112 4333 243 4398 demum
268 4351 325 4413 per
346 4351 404 4397 nos
429 4351 527 4412 super
551 4335 693 4413 ipsorum
709 4333 838 4411 graciis,
855 4331 1069 4410 libertatibus,
1093 4332 1354 4414 exempcionibus

53 4454 87 4512 et
112 4445 251 4510 indultis
273 4445 348 4510 data
371 4452 402 4511 et
426 4464 589 4524 concessa,
613 4447 705 4509 datas
729 4452 761 4508 et
784 4463 954 4510 concessas
978 4444 1239 4526 approbauimus,
1263 4447 1354 4513 inno-

53 4559 219 4637 uauimus‚
254 4558 488 4626 ratificanimus
523 4566 554 4624 et
585 4557 856 4639 confirmauimus,
892 4558 1117 4639 approbamus,
1149 4560 1352 4640 innouamus,

48 4672 256 4741 ratificamus
278 4678 311 4739 ct
332 4675 453 4740 virtuto
475 4674 677 4756 presencium
701 4675 792 4755 regin
812 4672 1005 4738 auctoritate
1020 4671 1150 4738 Boomie
1172 4673 1352 4756 graciosius

1155 4805 1204 4858 το*
