3150 5378
236 438 300 505 876
860 438 936 487 reos.

230 644 403 713 Haletem
418 645 592 711 Beroarda
607 643 787 728 Nigriccoi,
803 665 825 709 a
838 641 924 709 lateri
941 662 1004 709 oca
1025 664 1080 709 mcc
1107 639 1390 726 manceriolas,
1409 641 1527 726 prodat

230 758 315 827 nott
336 758 537 827 Jalccclcoci
557 780 575 825 a
597 760 760 826 Bcccdocc
782 779 804 823 c
819 757 961 823 amcam
975 755 1060 840 jobo,
1082 754 1224 842 kerolto
1238 754 1356 823 Jacob
1370 754 1444 822 toke‘
1455 760 1527 821 oter

551 875 606 938 dos
628 871 741 955 rycltc
762 876 864 939 misto
885 869 1023 939 Slooc'bo
1048 868 1213 953 cahom.

336 1091 546 1158 wenceslaus
577 1092 629 1157 del
664 1092 775 1174 gracia
808 1092 1025 1159 Romanorum
1058 1108 1117 1157 rex
1149 1106 1283 1173 semper
1317 1094 1476 1173 augrimus
1504 1092 1530 1155 ct
1572 1140 1574 1155 .

232 1206 366 1273 Boemic
388 1225 443 1272 ren
466 1211 579 1272 notum
600 1206 739 1273 iacimus
769 1211 881 1274 tenore
911 1205 1116 1288 presencium
1146 1201 1330 1285 amramis,
1360 1202 1447 1289 quod
1467 1220 1531 1269 oon·

234 1320 368 1385 stitutus
392 1320 425 1385 in
449 1325 559 1386 nostre
580 1320 762 1385 maiestatis
793 1318 963 1401 presencia
985 1318 1092 1383 Frana
1113 1314 1259 1397 Hauner,
1293 1315 1383 1383 ciuis
1405 1314 1530 1383 Minoris

234 1432 379 1499 ciuitatis
402 1432 588 1515 Pragcnsia,
618 1431 724 1498 fidelis
746 1437 858 1500 noster
886 1432 1036 1511 dilectus,
1071 1429 1164 1498 nobis
1187 1428 1386 1513 significare
1407 1429 1532 1507 curauit

233 1547 374 1628 qualiter
395 1548 466 1629 ipse
489 1547 629 1613 macella
652 1547 797 1613 carnium
813 1552 846 1613 et
861 1564 991 1613 scamna
1013 1563 1132 1627 panum
1154 1560 1230 1611 cum
1251 1543 1414 1611 censibus
1435 1560 1532 1611 corun

233 1662 266 1727 in
290 1660 425 1726 ciuitate
439 1660 588 1727 Slanensi
611 1658 673 1725 sibi
689 1678 747 1743 per
763 1659 899 1741 Annam,
924 1664 1033 1725 natam
1048 1656 1210 1741 quondam
1231 1655 1428 1724 Bernhardi
1440 1655 1532 1739 Nigri,

234 1774 316 1840 ciuis
339 1773 524 1855 Pragensis,
557 1791 688 1840 vxorcm
713 1791 804 1839 suam
827 1773 1016 1855 legitimam,
1039 1789 1102 1855 que
1122 1769 1165 1836 ad
1187 1770 1299 1853 ipsam
1319 1771 1400 1855 Jure
1420 1768 1532 1837 beredi-

233 1886 318 1953 tario
343 1887 433 1968 juste
463 1898 496 1952 et
525 1887 671 1969 legitime
704 1891 933 1969 peruenerunt,
966 1886 1160 1966 inquorum
1190 1884 1301 1951 eciam
1336 1884 1533 1969 possessione

234 2000 400 2082 hucusque
421 1999 485 2065 fuit
506 1997 641 2082 pacifica
654 2005 687 2065 et
702 2000 823 2082 quieta,
847 1998 949 2065 libero
967 2004 1001 2065 et
1016 2004 1131 2081 sponte
1151 1997 1346 2080 resignatas
1361 1995 1532 2065 Jacubkcni

234 2110 514 2196 Benesshau[cr]i,
538 2111 627 2178 fideli
642 2118 753 2179 nostro
769 2111 899 2193 dilecto,
922 2116 1086 2194 procerte
1107 2128 1234 2177 summa
1256 2111 1406 2194 pecunie
1420 2110 1483 2179 sibi
1494 2110 1533 2176 in·

233 2225 401 2308 tegraliter
425 2226 591 2308 persoluta
614 2224 806 2305 vendiderit,
830 2225 993 2291 maiestati
1025 2228 1136 2291 nostre
1158 2222 1356 2307 supplicans
1379 2223 1532 2293 humiliter

234 2342 267 2403 et
295 2341 427 2419 attente,
461 2344 620 2422 quatenus
654 2339 853 2421 empcioucm
887 2336 1072 2405 huiusmodi
1106 2342 1140 2403 et
1172 2342 1283 2403 ratam
1320 2336 1531 2405 babenteael

234 2456 370 2533 gratam
402 2450 529 2533 prefata
558 2452 693 2518 macella
723 2452 869 2519 carnium
903 2456 937 2516 et
967 2468 1098 2517 scamna
1126 2468 1247 2533 panum
1284 2470 1363 2519 cum
1395 2448 1531 2519 cocenim

235 2565 410 2631 eorundem
431 2565 556 2648 prefato
579 2564 776 2647 Jakubkoni,
801 2564 975 2631 heredibus
1000 2568 1033 2631 ct
1055 2563 1123 2630 auis
1147 2564 1321 2647 perpetuis
1343 2562 1532 2649 temporibm

235 2677 432 2760 possidenda
454 2677 645 2761 approbare,
667 2676 830 2746 ratificare
852 2683 886 2745 et
900 2676 1090 2745 confirmare
1112 2676 1298 2761 graciosius
1323 2677 1530 2761 dignaremur.

235 2791 303 2858 Nos
327 2791 485 2874 inspectis
507 2792 648 2875 benigne
669 2790 820 2858 fidelibus
843 2795 877 2857 et
891 2789 1065 2857 indefessis
1088 2788 1254 2873 obsequiis
1278 2788 1379 2858 nobis
1402 2810 1461 2875 par
1474 2806 1532 2875 pro

235 2904 320 2971 fatos
343 2905 481 2970 Franam
506 2910 539 2970 et
561 2904 786 2973 Jakubkcnem
810 2904 956 2972 studiose
977 2903 1131 2971 exhibitis
1153 2907 1186 2969 et
1204 2920 1366 2986 processu
1390 2903 1532 2987 temporis

237 3017 428 3099 ecquidem
461 3017 641 3085 studiosius
672 3017 872 3099 exhibendis,
905 3037 970 3084 non
999 3035 1058 3100 per
1086 3033 1228 3084 errorem
1258 3021 1322 3084 aut
1350 3014 1532 3103 improuide,

237 3132 295 3199 scd
317 3133 424 3197 animo
448 3131 625 3200 deliberato
657 3138 690 3198 et
712 3133 752 3198 de
774 3138 863 3198 ceria
884 3136 997 3198 nostra
1019 3130 1161 3198 sciencia
1182 3122 1450 3213 empcionam'ac
1469 3148 1532 3197 rcu-

237 3245 396 3311 dicioncm
420 3245 617 3327 prefatorum
639 3246 846 3313 macellorum
876 3245 1021 3313 carnium
1042 3249 1076 3311 ct
1098 3260 1305 3311 scamnorum
1326 3262 1452 3327 panum
1472 3260 1532 3311 cun

237 3357 388 3424 censibus
418 3358 593 3425 eorundem
626 3361 659 3425 in
689 3359 815 3442 prefata
849 3359 984 3425 ciuitate
1006 3358 1156 3425 Slanenai
1188 3362 1281 3425 ratas
1317 3358 1532 3427 habentesel

237 3475 357 3553 gratae,
382 3471 505 3537 eisdem
527 3478 674 3539 nostrum
694 3472 870 3555 benignum
889 3471 1060 3555 prebentes
1083 3488 1288 3553 consensum,
1313 3473 1409 3557 ipsas
1430 3490 1533 3557 apprc

237 3581 360 3664 bamus,
383 3583 581 3651 ratificamus
605 3590 638 3650 ct
660 3587 821 3668 presentis
853 3586 967 3669 scripti
997 3584 1178 3668 patrocinio
1210 3585 1402 3667 gracioaiua
1432 3582 1533 3655 confir

236 3716 371 3777 mamus,
389 3716 447 3780 per
462 3697 622 3781 prelatum
637 3698 658 3763 J
659 3698 872 3780 akubkcnem,
887 3698 1023 3765 heredes
1039 3702 1073 3765 et
1087 3714 1295 3765 successores
1314 3718 1408 3783 suos,
1421 3714 1535 3767 ernam

237 3811 369 3876 inantea
391 3811 549 3892 habenda,
573 3813 714 3879 tenenda
737 3818 770 3878 ct
792 3813 878 3880 omni
901 3831 939 3879 eo
957 3812 1042 3897 jure,
1065 3829 1129 3893 quo
1151 3812 1224 3894 ipsa
1243 3812 1378 3895 prefata
1397 3815 1534 3881 Annaei

238 3923 308 3989 eius
331 3924 554 4006 progenitores
577 3924 743 4007 lrucusque
765 3924 956 4006 habuerunt,
978 3929 1154 3992 tenuerunt
1172 3930 1206 3991 et
1221 3926 1451 4011 possiderunt,
1471 3944 1533 4013 par·

237 4038 344 4120 petuis
366 4037 566 4120 temporibus
589 4037 723 4121 pacifice
753 4038 959 4121 possidenda,
981 4038 1096 4106 dantes
1127 4043 1160 4105 et
1181 4039 1405 4109 concedentes
1428 4040 1534 4109 nibilo·

237 4151 345 4217 minue
368 4151 449 4234 ipsis
471 4153 561 4234 regia
584 4152 758 4219 autoritate
787 4152 967 4235 predictam
995 4152 1123 4237 plenam
1145 4157 1179 4219 et
1200 4154 1429 4223 omnimodam
1457 4160 1536 4239 polc-

238 4269 364 4345 slatem,
389 4264 513 4347 prefata
535 4266 670 4331 macella
700 4270 733 4331 ct
759 4284 889 4331 scamna
919 4283 992 4332 cum
1022 4264 1171 4333 censibus
1202 4266 1386 4335 eorundem
1417 4268 1479 4336 sub
1503 4284 1536 4333 eo

233 4378 308 4460 jure
331 4378 501 4461 vendendi,
533 4378 697 4461 obligandi
720 4384 753 4444 et
782 4379 818 4443 in
840 4397 917 4445 rsus
952 4396 1028 4446 auca
1061 4377 1282 4473 beneplacitos
1313 4382 1534 4459 conuertaadi.

238 4495 334 4574 prout
364 4493 430 4558 illis
461 4492 574 4559 utilius
604 4498 637 4558 et
668 4492 919 4559 conueniencius
953 4491 1117 4559 videbitur
1137 4490 1305 4575 expedire.
1345 4494 1535 4565 Mandata

242 4603 478 4673 subcamerario
510 4606 601 4687 regni
633 4606 736 4701 noemi
758 4606 901 4689 Bccmie,
925 4606 1043 4691 iudici,
1072 4604 1229 4689 magistro
1259 4606 1400 4693 ciuium,
1429 4626 1536 4681 oom-
