<?xml version="1.0" encoding="UTF-8"?>
<!DOCTYPE html PUBLIC "-//W3C//DTD XHTML 1.0 Transitional//EN"
    "http://www.w3.org/TR/xhtml1/DTD/xhtml1-transitional.dtd">
<html xmlns="http://www.w3.org/1999/xhtml" xml:lang="en" lang="en">
 <head>
  <title>
</title>
<meta http-equiv="Content-Type" content="text/html;charset=utf-8" />
  <meta name='ocr-system' content='tesseract 3.04.00' />
  <meta name='ocr-capabilities' content='ocr_page ocr_carea ocr_par ocr_line ocrx_word'/>
</head>
<body>
  <div class='ocr_page' id='page_1' title='image "./sbrkapramenprva01kingoog/sbrkapramenprva01kingoog_0399.png"; bbox 0 0 3098 5392; ppageno 0'>
   <div class='ocr_carea' id='block_1_1' title="bbox 735 452 810 503">
    <p class='ocr_par' dir='ltr' id='par_1_1' title="bbox 735 452 810 503">
     <span class='ocr_line' id='line_1_1' title="bbox 735 452 810 503; baseline -0.04 0"><span class='ocrx_word' id='word_1_1' title='bbox 735 452 810 503; x_wconf 74' lang='grc'>1841.</span> 
     </span>
    </p>
   </div>
   <div class='ocr_carea' id='block_1_2' title="bbox 693 678 992 777">
    <p class='ocr_par' dir='ltr' id='par_1_2' title="bbox 693 678 992 777">
     <span class='ocr_line' id='line_1_2' title="bbox 693 678 992 777; baseline 0 -1"><span class='ocrx_word' id='word_1_2' title='bbox 693 692 758 776; x_wconf 84' lang='lat' dir='ltr'><strong>dn.</strong></span> <span class='ocrx_word' id='word_1_3' title='bbox 782 710 855 777; x_wconf 74' lang='lat' dir='ltr'><strong>aaa.</strong></span> <span class='ocrx_word' id='word_1_4' title='bbox 989 678 992 683; x_wconf 74' lang='grc'><strong>’</strong></span> 
     </span>
    </p>
   </div>
   <div class='ocr_carea' id='block_1_3' title="bbox 628 878 917 970">
    <p class='ocr_par' dir='ltr' id='par_1_3' title="bbox 628 878 917 970">
     <span class='ocr_line' id='line_1_3' title="bbox 628 878 917 970; baseline -0.007 -20"><span class='ocrx_word' id='word_1_5' title='bbox 628 879 709 970; x_wconf 79' lang='lat' dir='ltr'><strong>[Asi</strong></span> <span class='ocrx_word' id='word_1_6' title='bbox 740 900 771 949; x_wconf 91' lang='lat' dir='ltr'><strong>r.</strong></span> <span class='ocrx_word' id='word_1_7' title='bbox 804 878 917 970; x_wconf 70' lang='grc'>1341]</span> 
     </span>
    </p>
   </div>
   <div class='ocr_carea' id='block_1_4' title="bbox 150 1046 1421 1461">
    <p class='ocr_par' dir='ltr' id='par_1_4' title="bbox 156 1046 1417 1140">
     <span class='ocr_line' id='line_1_4' title="bbox 156 1046 1417 1140; baseline -0.003 -20"><span class='ocrx_word' id='word_1_8' title='bbox 156 1046 216 1118; x_wconf 71' lang='lat' dir='ltr'><strong>Krdl</strong></span> <span class='ocrx_word' id='word_1_9' title='bbox 223 1057 287 1122; x_wconf 83' lang='lat' dir='ltr'><strong>Joa</strong></span> <span class='ocrx_word' id='word_1_10' title='bbox 301 1078 324 1121; x_wconf 87' lang='lat' dir='ltr'><strong>a</strong></span> <span class='ocrx_word' id='word_1_11' title='bbox 338 1054 505 1121; x_wconf 70' lang='lat' dir='ltr'><strong>curtraci</strong></span> <span class='ocrx_word' id='word_1_12' title='bbox 516 1055 627 1133; x_wconf 80' lang='lat' dir='ltr'><strong>Karai,</strong></span> <span class='ocrx_word' id='word_1_13' title='bbox 648 1057 820 1140; x_wconf 65' lang='lat' dir='ltr'><strong>aopisnjicc</strong></span> <span class='ocrx_word' id='word_1_14' title='bbox 841 1052 963 1121; x_wconf 65' lang='lat' dir='ltr'><strong>eumd</strong></span> <span class='ocrx_word' id='word_1_15' title='bbox 977 1054 1061 1121; x_wconf 80' lang='lat' dir='ltr'><strong>solui</strong></span> <span class='ocrx_word' id='word_1_16' title='bbox 1079 1075 1116 1119; x_wconf 84' lang='lat' dir='ltr'><strong>ve</strong></span> <span class='ocrx_word' id='word_1_17' title='bbox 1135 1050 1269 1119; x_wconf 67' lang='lat' dir='ltr'><strong>maniacis</strong></span> <span class='ocrx_word' id='word_1_18' title='bbox 1284 1050 1417 1135; x_wconf 76' lang='lat' dir='ltr'><strong>Baddjo·</strong></span> 
     </span>
    </p>

    <p class='ocr_par' dir='ltr' id='par_1_5' title="bbox 154 1160 1420 1253">
     <span class='ocr_line' id='line_1_5' title="bbox 154 1160 1420 1253; baseline 0.002 -25"><span class='ocrx_word' id='word_1_19' title='bbox 154 1160 254 1234; x_wconf 62' lang='grc'>1111111</span> <span class='ocrx_word' id='word_1_20' title='bbox 267 1168 401 1235; x_wconf 78' lang='lat' dir='ltr'><strong>Tr&#39;edoai</strong></span> <span class='ocrx_word' id='word_1_21' title='bbox 418 1166 579 1253; x_wconf 72' lang='lat' dir='ltr'><strong>ndktarjos</strong></span> <span class='ocrx_word' id='word_1_22' title='bbox 597 1170 775 1235; x_wconf 56' lang='lat' dir='ltr'><strong>eskitunam</strong></span> <span class='ocrx_word' id='word_1_23' title='bbox 786 1165 1041 1252; x_wconf 67' lang='lat' dir='ltr'><strong>Kainoiorskgim</strong></span> <span class='ocrx_word' id='word_1_24' title='bbox 1054 1188 1100 1233; x_wconf 81' lang='lat' dir='ltr'><strong>aa</strong></span> <span class='ocrx_word' id='word_1_25' title='bbox 1110 1164 1169 1233; x_wconf 78' lang='lat' dir='ltr'><strong>rolc</strong></span> <span class='ocrx_word' id='word_1_26' title='bbox 1188 1188 1208 1231; x_wconf 85' lang='lat' dir='ltr'><strong>c</strong></span> <span class='ocrx_word' id='word_1_27' title='bbox 1222 1166 1289 1233; x_wconf 86' lang='lat'><strong>280</strong></span> <span class='ocrx_word' id='word_1_28' title='bbox 1300 1162 1420 1247; x_wconf 75' lang='lat' dir='ltr'><strong>kopdolr</strong></span> 
     </span>
    </p>

    <p class='ocr_par' dir='ltr' id='par_1_6' title="bbox 150 1276 1421 1461">
     <span class='ocr_line' id='line_1_6' title="bbox 150 1276 1421 1366; baseline -0.004 -18"><span class='ocrx_word' id='word_1_29' title='bbox 150 1282 225 1355; x_wconf 71' lang='grc'>111,</span> <span class='ocrx_word' id='word_1_30' title='bbox 245 1282 387 1366; x_wconf 52' lang='lat' dir='ltr'><strong>addim</strong></span> <span class='ocrx_word' id='word_1_31' title='bbox 406 1280 550 1365; x_wconf 77' lang='lat' dir='ltr'><strong>rycittdr&#39;i</strong></span> <span class='ocrx_word' id='word_1_32' title='bbox 570 1303 592 1348; x_wconf 85' lang='lat' dir='ltr'><strong>a</strong></span> <span class='ocrx_word' id='word_1_33' title='bbox 607 1282 792 1366; x_wconf 55' lang='lat' dir='ltr'><strong>priscianis</strong></span> <span class='ocrx_word' id='word_1_34' title='bbox 813 1279 911 1346; x_wconf 67' lang='lat' dir='ltr'><strong>lecito</strong></span> <span class='ocrx_word' id='word_1_35' title='bbox 933 1283 1023 1358; x_wconf 68' lang='lat' dir='ltr'><strong>mist,</strong></span> <span class='ocrx_word' id='word_1_36' title='bbox 1045 1278 1107 1363; x_wconf 75' lang='lat' dir='ltr'><strong>adp</strong></span> <span class='ocrx_word' id='word_1_37' title='bbox 1123 1278 1263 1363; x_wconf 66' lang='lat' dir='ltr'><strong>ociiemce</strong></span> <span class='ocrx_word' id='word_1_38' title='bbox 1276 1276 1421 1345; x_wconf 66' lang='lat' dir='ltr'><strong>aalma</strong></span> 
     </span>
     <span class='ocr_line' id='line_1_7' title="bbox 399 1373 1151 1461; baseline -0.005 0"><span class='ocrx_word' id='word_1_39' title='bbox 399 1415 435 1461; x_wconf 69' lang='lat' dir='ltr'><strong>e</strong></span> <span class='ocrx_word' id='word_1_40' title='bbox 455 1395 516 1461; x_wconf 73' lang='lat' dir='ltr'><strong>aar</strong></span> <span class='ocrx_word' id='word_1_41' title='bbox 536 1395 576 1461; x_wconf 76' lang='lat' dir='ltr'><strong>a&gt;</strong></span> <span class='ocrx_word' id='word_1_42' title='bbox 600 1373 677 1460; x_wconf 72' lang='lat' dir='ltr'><strong>dan</strong></span> <span class='ocrx_word' id='word_1_43' title='bbox 698 1391 1151 1461; x_wconf 62' lang='lat' dir='ltr'><strong>cruciamentorum.</strong></span> 
     </span>
    </p>
   </div>
   <div class='ocr_carea' id='block_1_5' title="bbox 122 1567 1439 3347">
    <p class='ocr_par' dir='ltr' id='par_1_7' title="bbox 122 1567 1439 3347">
     <span class='ocr_line' id='line_1_8' title="bbox 231 1567 1421 1652; baseline -0.003 -18"><span class='ocrx_word' id='word_1_44' title='bbox 231 1568 262 1634; x_wconf 85' lang='lat' dir='ltr'>N</span> <span class='ocrx_word' id='word_1_45' title='bbox 263 1587 300 1635; x_wconf 94' lang='lat' dir='ltr'><strong>os</strong></span> <span class='ocrx_word' id='word_1_46' title='bbox 311 1567 333 1633; x_wconf 86' lang='lat' dir='ltr'>J</span> <span class='ocrx_word' id='word_1_47' title='bbox 334 1568 477 1635; x_wconf 88' lang='lat' dir='ltr'><strong>ohannes</strong></span> <span class='ocrx_word' id='word_1_48' title='bbox 489 1569 543 1636; x_wconf 88' lang='lat' dir='ltr'><strong>dei</strong></span> <span class='ocrx_word' id='word_1_49' title='bbox 553 1570 664 1652; x_wconf 74' lang='lat' dir='ltr'><strong>gracia</strong></span> <span class='ocrx_word' id='word_1_50' title='bbox 675 1574 747 1651; x_wconf 76' lang='lat' dir='ltr'><strong>etc,</strong></span> <span class='ocrx_word' id='word_1_51' title='bbox 760 1574 794 1635; x_wconf 94' lang='lat' dir='ltr'><strong>et</strong></span> <span class='ocrx_word' id='word_1_52' title='bbox 803 1568 943 1636; x_wconf 87' lang='lat' dir='ltr'><strong>Karolus</strong></span> <span class='ocrx_word' id='word_1_53' title='bbox 957 1568 1103 1635; x_wconf 84' lang='lat' dir='ltr'><strong>eiusdem</strong></span> <span class='ocrx_word' id='word_1_54' title='bbox 1117 1567 1240 1633; x_wconf 89' lang='lat' dir='ltr'><strong>domini</strong></span> <span class='ocrx_word' id='word_1_55' title='bbox 1254 1568 1341 1649; x_wconf 79' lang='lat' dir='ltr'><strong>regis</strong></span> <span class='ocrx_word' id='word_1_56' title='bbox 1356 1567 1421 1649; x_wconf 93' lang='lat' dir='ltr'><strong>pri·</strong></span> 
     </span>
     <span class='ocr_line' id='line_1_9' title="bbox 141 1679 1424 1763; baseline 0.002 -22"><span class='ocrx_word' id='word_1_57' title='bbox 141 1682 318 1763; x_wconf 77' lang='lat' dir='ltr'><strong>progenitus,</strong></span> <span class='ocrx_word' id='word_1_58' title='bbox 340 1681 486 1747; x_wconf 90' lang='lat' dir='ltr'><strong>marchio</strong></span> <span class='ocrx_word' id='word_1_59' title='bbox 505 1681 663 1762; x_wconf 84' lang='lat' dir='ltr'><strong>Morauie,</strong></span> <span class='ocrx_word' id='word_1_60' title='bbox 686 1681 728 1747; x_wconf 93' lang='lat' dir='ltr'><strong>ad</strong></span> <span class='ocrx_word' id='word_1_61' title='bbox 743 1680 896 1748; x_wconf 79' lang='lat' dir='ltr'><strong>noticiam</strong></span> <span class='ocrx_word' id='word_1_62' title='bbox 911 1681 1136 1747; x_wconf 84' lang='lat' dir='ltr'><strong>rniuersornm</strong></span> <span class='ocrx_word' id='word_1_63' title='bbox 1150 1679 1297 1745; x_wconf 80' lang='lat' dir='ltr'><strong>volumus</strong></span> <span class='ocrx_word' id='word_1_64' title='bbox 1311 1685 1424 1745; x_wconf 88' lang='lat' dir='ltr'><strong>tenore</strong></span> 
     </span>
     <span class='ocr_line' id='line_1_10' title="bbox 138 1790 1423 1879; baseline -0.002 -21"><span class='ocrx_word' id='word_1_65' title='bbox 138 1795 332 1869; x_wconf 81' lang='lat' dir='ltr'><strong>presencium</strong></span> <span class='ocrx_word' id='word_1_66' title='bbox 354 1795 535 1877; x_wconf 88' lang='lat' dir='ltr'><strong>peruenire,</strong></span> <span class='ocrx_word' id='word_1_67' title='bbox 564 1794 660 1877; x_wconf 90' lang='lat' dir='ltr'><strong>quod,</strong></span> <span class='ocrx_word' id='word_1_68' title='bbox 690 1795 766 1879; x_wconf 91' lang='lat' dir='ltr'><strong>quia</strong></span> <span class='ocrx_word' id='word_1_69' title='bbox 795 1799 950 1877; x_wconf 89' lang='lat' dir='ltr'><strong>paternus</strong></span> <span class='ocrx_word' id='word_1_70' title='bbox 972 1798 1006 1859; x_wconf 91' lang='lat' dir='ltr'><strong>et</strong></span> <span class='ocrx_word' id='word_1_71' title='bbox 1026 1799 1136 1859; x_wconf 85' lang='lat' dir='ltr'><strong>noster</strong></span> <span class='ocrx_word' id='word_1_72' title='bbox 1156 1790 1262 1859; x_wconf 85' lang='lat' dir='ltr'><strong>idelis</strong></span> <span class='ocrx_word' id='word_1_73' title='bbox 1285 1791 1423 1858; x_wconf 88' lang='lat' dir='ltr'><strong>dilectus</strong></span> 
     </span>
     <span class='ocr_line' id='line_1_11' title="bbox 132 1895 1424 1990; baseline -0.003 -18"><span class='ocrx_word' id='word_1_74' title='bbox 132 1895 302 1973; x_wconf 86' lang='lat' dir='ltr'><strong>Hubardus</strong></span> <span class='ocrx_word' id='word_1_75' title='bbox 325 1906 367 1973; x_wconf 91' lang='lat' dir='ltr'><strong>de</strong></span> <span class='ocrx_word' id='word_1_76' title='bbox 387 1907 504 1989; x_wconf 87' lang='lat' dir='ltr'><strong>Altari,</strong></span> <span class='ocrx_word' id='word_1_77' title='bbox 527 1908 617 1974; x_wconf 89' lang='lat' dir='ltr'><strong>curie</strong></span> <span class='ocrx_word' id='word_1_78' title='bbox 637 1907 728 1990; x_wconf 82' lang='lat' dir='ltr'><strong>regie</strong></span> <span class='ocrx_word' id='word_1_79' title='bbox 748 1906 958 1988; x_wconf 87' lang='lat' dir='ltr'><strong>marchalcus,</strong></span> <span class='ocrx_word' id='word_1_80' title='bbox 988 1905 1029 1972; x_wconf 90' lang='lat' dir='ltr'><strong>de</strong></span> <span class='ocrx_word' id='word_1_81' title='bbox 1054 1905 1205 1972; x_wconf 90' lang='lat' dir='ltr'><strong>mandato</strong></span> <span class='ocrx_word' id='word_1_82' title='bbox 1227 1909 1261 1971; x_wconf 87' lang='lat' dir='ltr'><strong>et</strong></span> <span class='ocrx_word' id='word_1_83' title='bbox 1282 1902 1424 1971; x_wconf 76' lang='lat' dir='ltr'><strong>sciencia</strong></span> 
     </span>
     <span class='ocr_line' id='line_1_12' title="bbox 130 2017 1424 2102; baseline -0.002 -17"><span class='ocrx_word' id='word_1_84' title='bbox 130 2020 250 2086; x_wconf 85' lang='lat' dir='ltr'><strong>uostris</strong></span> <span class='ocrx_word' id='word_1_85' title='bbox 273 2024 451 2102; x_wconf 90' lang='lat' dir='ltr'><strong>prouentus</strong></span> <span class='ocrx_word' id='word_1_86' title='bbox 473 2024 506 2085; x_wconf 93' lang='lat' dir='ltr'><strong>et</strong></span> <span class='ocrx_word' id='word_1_87' title='bbox 528 2020 684 2086; x_wconf 83' lang='lat' dir='ltr'><strong>vtilitatea</strong></span> <span class='ocrx_word' id='word_1_88' title='bbox 716 2020 795 2086; x_wconf 89' lang='lat' dir='ltr'><strong>salis</strong></span> <span class='ocrx_word' id='word_1_89' title='bbox 824 2020 917 2087; x_wconf 92' lang='lat' dir='ltr'><strong>nobis</strong></span> <span class='ocrx_word' id='word_1_90' title='bbox 948 2024 981 2085; x_wconf 88' lang='lat' dir='ltr'><strong>et</strong></span> <span class='ocrx_word' id='word_1_91' title='bbox 1007 2037 1133 2086; x_wconf 90' lang='lat' dir='ltr'><strong>camere</strong></span> <span class='ocrx_word' id='word_1_92' title='bbox 1155 2023 1264 2085; x_wconf 88' lang='lat' dir='ltr'><strong>nostre</strong></span> <span class='ocrx_word' id='word_1_93' title='bbox 1286 2018 1320 2084; x_wconf 89' lang='lat' dir='ltr'><strong>in</strong></span> <span class='ocrx_word' id='word_1_94' title='bbox 1342 2017 1424 2084; x_wconf 90' lang='lat' dir='ltr'><strong>ciui-</strong></span> 
     </span>
     <span class='ocr_line' id='line_1_13' title="bbox 125 2130 1424 2215; baseline -0.002 -17"><span class='ocrx_word' id='word_1_95' title='bbox 125 2132 247 2199; x_wconf 77' lang='lat' dir='ltr'><strong>ulmus</strong></span> <span class='ocrx_word' id='word_1_96' title='bbox 259 2132 414 2199; x_wconf 83' lang='lat' dir='ltr'><strong>Budwoiz</strong></span> <span class='ocrx_word' id='word_1_97' title='bbox 428 2137 462 2198; x_wconf 92' lang='lat' dir='ltr'><strong>et</strong></span> <span class='ocrx_word' id='word_1_98' title='bbox 471 2130 645 2215; x_wconf 83' lang='lat' dir='ltr'><strong>Witignow</strong></span> <span class='ocrx_word' id='word_1_99' title='bbox 659 2132 832 2214; x_wconf 90' lang='lat' dir='ltr'><strong>prouenire</strong></span> <span class='ocrx_word' id='word_1_100' title='bbox 852 2136 1001 2214; x_wconf 87' lang='lat' dir='ltr'><strong>potentes</strong></span> <span class='ocrx_word' id='word_1_101' title='bbox 1016 2131 1145 2199; x_wconf 89' lang='lat' dir='ltr'><strong>dilectis</strong></span> <span class='ocrx_word' id='word_1_102' title='bbox 1166 2130 1259 2197; x_wconf 83' lang='lat' dir='ltr'><strong>nobis</strong></span> <span class='ocrx_word' id='word_1_103' title='bbox 1273 2130 1424 2210; x_wconf 77' lang='lat' dir='ltr'><strong>Romule,</strong></span> 
     </span>
     <span class='ocr_line' id='line_1_14' title="bbox 124 2240 1424 2326; baseline -0.003 -15"><span class='ocrx_word' id='word_1_104' title='bbox 124 2242 264 2313; x_wconf 86' lang='lat' dir='ltr'><strong>Nicolao</strong></span> <span class='ocrx_word' id='word_1_105' title='bbox 296 2247 403 2326; x_wconf 90' lang='lat' dir='ltr'><strong>Petro,</strong></span> <span class='ocrx_word' id='word_1_106' title='bbox 426 2244 567 2311; x_wconf 87' lang='lat' dir='ltr'><strong>Johanni</strong></span> <span class='ocrx_word' id='word_1_107' title='bbox 589 2245 676 2312; x_wconf 89' lang='lat' dir='ltr'><strong>dieto</strong></span> <span class='ocrx_word' id='word_1_108' title='bbox 697 2245 779 2312; x_wconf 89' lang='lat' dir='ltr'><strong>Leul</strong></span> <span class='ocrx_word' id='word_1_109' title='bbox 801 2250 835 2311; x_wconf 95' lang='lat' dir='ltr'><strong>et</strong></span> <span class='ocrx_word' id='word_1_110' title='bbox 855 2243 1189 2326; x_wconf 78' lang='lat' dir='ltr'><strong>Henslinowilmani‚</strong></span> <span class='ocrx_word' id='word_1_111' title='bbox 1212 2241 1338 2310; x_wconf 91' lang='lat' dir='ltr'><strong>ciuibus</strong></span> <span class='ocrx_word' id='word_1_112' title='bbox 1361 2240 1424 2308; x_wconf 83' lang='lat' dir='ltr'><strong>Ou-</strong></span> 
     </span>
     <span class='ocr_line' id='line_1_15' title="bbox 124 2356 1426 2442; baseline -0.002 -18"><span class='ocrx_word' id='word_1_113' title='bbox 124 2358 333 2440; x_wconf 86' lang='lat' dir='ltr'><strong>thnensibus‚</strong></span> <span class='ocrx_word' id='word_1_114' title='bbox 355 2377 375 2424; x_wconf 90' lang='lat' dir='ltr'><strong>a</strong></span> <span class='ocrx_word' id='word_1_115' title='bbox 397 2358 481 2425; x_wconf 87' lang='lat' dir='ltr'><strong>festo</strong></span> <span class='ocrx_word' id='word_1_116' title='bbox 503 2356 742 2442; x_wconf 85' lang='lat' dir='ltr'><strong>purificacionis</strong></span> <span class='ocrx_word' id='word_1_117' title='bbox 771 2357 866 2424; x_wconf 81' lang='lat' dir='ltr'><strong>beate</strong></span> <span class='ocrx_word' id='word_1_118' title='bbox 887 2358 992 2424; x_wconf 86' lang='lat' dir='ltr'><strong>Marie</strong></span> <span class='ocrx_word' id='word_1_119' title='bbox 1016 2358 1154 2442; x_wconf 83' lang='lat' dir='ltr'><strong>virginis</strong></span> <span class='ocrx_word' id='word_1_120' title='bbox 1175 2357 1319 2441; x_wconf 84' lang='lat' dir='ltr'><strong>proxime</strong></span> <span class='ocrx_word' id='word_1_121' title='bbox 1341 2374 1426 2421; x_wconf 88' lang='lat' dir='ltr'><strong>nunc</strong></span> 
     </span>
     <span class='ocr_line' id='line_1_16' title="bbox 122 2469 1427 2555; baseline -0.003 -17"><span class='ocrx_word' id='word_1_122' title='bbox 122 2473 237 2540; x_wconf 81' lang='lat' dir='ltr'><strong>futuro</strong></span> <span class='ocrx_word' id='word_1_123' title='bbox 261 2491 320 2555; x_wconf 91' lang='lat' dir='ltr'><strong>per</strong></span> <span class='ocrx_word' id='word_1_124' title='bbox 341 2492 438 2537; x_wconf 85' lang='lat' dir='ltr'><strong>rnum</strong></span> <span class='ocrx_word' id='word_1_125' title='bbox 461 2490 581 2537; x_wconf 89' lang='lat' dir='ltr'><strong>annum</strong></span> <span class='ocrx_word' id='word_1_126' title='bbox 602 2473 792 2539; x_wconf 89' lang='lat' dir='ltr'><strong>continuum</strong></span> <span class='ocrx_word' id='word_1_127' title='bbox 813 2490 872 2555; x_wconf 93' lang='lat' dir='ltr'><strong>pro</strong></span> <span class='ocrx_word' id='word_1_128' title='bbox 894 2471 1042 2538; x_wconf 90' lang='lat' dir='ltr'><strong>ducentis</strong></span> <span class='ocrx_word' id='word_1_129' title='bbox 1057 2470 1243 2554; x_wconf 77' lang='lat' dir='ltr'><strong>octuaginta</strong></span> <span class='ocrx_word' id='word_1_130' title='bbox 1258 2469 1427 2551; x_wconf 82' lang='lat' dir='ltr'><strong>sexagenis</strong></span> 
     </span>
     <span class='ocr_line' id='line_1_17' title="bbox 126 2583 1427 2669; baseline -0.004 -17"><span class='ocrx_word' id='word_1_131' title='bbox 126 2604 320 2668; x_wconf 60' lang='lat' dir='ltr'><strong>messorum</strong></span> <span class='ocrx_word' id='word_1_132' title='bbox 342 2586 548 2651; x_wconf 91' lang='lat' dir='ltr'><strong>denariorum</strong></span> <span class='ocrx_word' id='word_1_133' title='bbox 570 2586 784 2669; x_wconf 75' lang='lat' dir='ltr'><strong>pragensium,</strong></span> <span class='ocrx_word' id='word_1_134' title='bbox 811 2603 908 2667; x_wconf 91' lang='lat' dir='ltr'><strong>quam</strong></span> <span class='ocrx_word' id='word_1_135' title='bbox 928 2584 1099 2667; x_wconf 89' lang='lat' dir='ltr'><strong>pecuniam</strong></span> <span class='ocrx_word' id='word_1_136' title='bbox 1121 2584 1200 2651; x_wconf 90' lang='lat' dir='ltr'><strong>dicti</strong></span> <span class='ocrx_word' id='word_1_137' title='bbox 1220 2584 1309 2650; x_wconf 89' lang='lat' dir='ltr'><strong>ciues</strong></span> <span class='ocrx_word' id='word_1_138' title='bbox 1324 2583 1427 2648; x_wconf 89' lang='lat' dir='ltr'><strong>nostri</strong></span> 
     </span>
     <span class='ocr_line' id='line_1_18' title="bbox 125 2696 1430 2782; baseline -0.004 -17"><span class='ocrx_word' id='word_1_139' title='bbox 125 2699 257 2782; x_wconf 74' lang='lat' dir='ltr'><strong>melate</strong></span> <span class='ocrx_word' id='word_1_140' title='bbox 280 2698 436 2765; x_wconf 89' lang='lat' dir='ltr'><strong>Hubardo</strong></span> <span class='ocrx_word' id='word_1_141' title='bbox 458 2698 660 2780; x_wconf 79' lang='lat' dir='ltr'><strong>integraliter</strong></span> <span class='ocrx_word' id='word_1_142' title='bbox 689 2703 799 2764; x_wconf 92' lang='lat' dir='ltr'><strong>nostro</strong></span> <span class='ocrx_word' id='word_1_143' title='bbox 828 2699 958 2765; x_wconf 93' lang='lat' dir='ltr'><strong>nomine</strong></span> <span class='ocrx_word' id='word_1_144' title='bbox 987 2699 1246 2781; x_wconf 85' lang='lat' dir='ltr'><strong>assignauerunt,</strong></span> <span class='ocrx_word' id='word_1_145' title='bbox 1280 2696 1430 2778; x_wconf 88' lang='lat' dir='ltr'><strong>exposuit</strong></span> 
     </span>
     <span class='ocr_line' id='line_1_19' title="bbox 126 2807 1429 2895; baseline -0.005 -17"><span class='ocrx_word' id='word_1_146' title='bbox 126 2819 160 2878; x_wconf 89' lang='lat' dir='ltr'><strong>et</strong></span> <span class='ocrx_word' id='word_1_147' title='bbox 193 2812 330 2892; x_wconf 85' lang='lat' dir='ltr'><strong>locauit,</strong></span> <span class='ocrx_word' id='word_1_148' title='bbox 366 2829 462 2895; x_wconf 88' lang='lat' dir='ltr'><strong>quam</strong></span> <span class='ocrx_word' id='word_1_149' title='bbox 495 2810 625 2894; x_wconf 89' lang='lat' dir='ltr'><strong>quidem</strong></span> <span class='ocrx_word' id='word_1_150' title='bbox 657 2811 862 2892; x_wconf 79' lang='lat' dir='ltr'><strong>locucionem,</strong></span> <span class='ocrx_word' id='word_1_151' title='bbox 900 2816 936 2876; x_wconf 85' lang='lat' dir='ltr'><strong>vt</strong></span> <span class='ocrx_word' id='word_1_152' title='bbox 968 2809 1176 2892; x_wconf 86' lang='lat' dir='ltr'><strong>premittitur,</strong></span> <span class='ocrx_word' id='word_1_153' title='bbox 1212 2807 1348 2892; x_wconf 87' lang='lat' dir='ltr'><strong>proinde</strong></span> <span class='ocrx_word' id='word_1_154' title='bbox 1380 2808 1429 2872; x_wconf 90' lang='lat' dir='ltr'><strong>eis</strong></span> 
     </span>
     <span class='ocr_line' id='line_1_20' title="bbox 129 2920 1429 3007; baseline -0.005 -17"><span class='ocrx_word' id='word_1_155' title='bbox 129 2925 251 2991; x_wconf 88' lang='lat' dir='ltr'><strong>laetam</strong></span> <span class='ocrx_word' id='word_1_156' title='bbox 271 2929 378 2989; x_wconf 84' lang='lat' dir='ltr'><strong>ratam</strong></span> <span class='ocrx_word' id='word_1_157' title='bbox 400 2923 553 2990; x_wconf 89' lang='lat' dir='ltr'><strong>habentes</strong></span> <span class='ocrx_word' id='word_1_158' title='bbox 576 2930 610 2989; x_wconf 89' lang='lat' dir='ltr'><strong>et</strong></span> <span class='ocrx_word' id='word_1_159' title='bbox 631 2929 757 3007; x_wconf 85' lang='lat' dir='ltr'><strong>gratam</strong></span> <span class='ocrx_word' id='word_1_160' title='bbox 778 2924 860 3006; x_wconf 85' lang='lat' dir='ltr'><strong>ipsis</strong></span> <span class='ocrx_word' id='word_1_161' title='bbox 883 2925 1009 2990; x_wconf 89' lang='lat' dir='ltr'><strong>sincere</strong></span> <span class='ocrx_word' id='word_1_162' title='bbox 1030 2923 1258 3007; x_wconf 89' lang='lat' dir='ltr'><strong>promittimus,</strong></span> <span class='ocrx_word' id='word_1_163' title='bbox 1288 2920 1372 3002; x_wconf 92' lang='lat' dir='ltr'><strong>quod</strong></span> <span class='ocrx_word' id='word_1_164' title='bbox 1395 2922 1429 2985; x_wconf 92' lang='lat' dir='ltr'><strong>in</strong></span> 
     </span>
     <span class='ocr_line' id='line_1_21' title="bbox 131 3033 1431 3122; baseline -0.005 -18"><span class='ocrx_word' id='word_1_165' title='bbox 131 3038 347 3122; x_wconf 87' lang='lat' dir='ltr'><strong>percepcione</strong></span> <span class='ocrx_word' id='word_1_166' title='bbox 378 3039 518 3104; x_wconf 92' lang='lat' dir='ltr'><strong>omnium</strong></span> <span class='ocrx_word' id='word_1_167' title='bbox 550 3041 584 3102; x_wconf 90' lang='lat' dir='ltr'><strong>et</strong></span> <span class='ocrx_word' id='word_1_168' title='bbox 609 3037 809 3119; x_wconf 81' lang='lat' dir='ltr'><strong>singulorum</strong></span> <span class='ocrx_word' id='word_1_169' title='bbox 842 3042 1057 3118; x_wconf 88' lang='lat' dir='ltr'><strong>prouentuum</strong></span> <span class='ocrx_word' id='word_1_170' title='bbox 1086 3040 1120 3102; x_wconf 90' lang='lat' dir='ltr'><strong>et</strong></span> <span class='ocrx_word' id='word_1_171' title='bbox 1147 3035 1323 3100; x_wconf 85' lang='lat' dir='ltr'><strong>vtilitatum</strong></span> <span class='ocrx_word' id='word_1_172' title='bbox 1351 3033 1431 3097; x_wconf 91' lang='lat' dir='ltr'><strong>dicti</strong></span> 
     </span>
     <span class='ocr_line' id='line_1_22' title="bbox 137 3145 1439 3237; baseline -0.006 -20"><span class='ocrx_word' id='word_1_173' title='bbox 137 3153 215 3217; x_wconf 88' lang='lat' dir='ltr'><strong>salis</strong></span> <span class='ocrx_word' id='word_1_174' title='bbox 238 3151 331 3215; x_wconf 90' lang='lat' dir='ltr'><strong>iuxta</strong></span> <span class='ocrx_word' id='word_1_175' title='bbox 352 3150 482 3216; x_wconf 91' lang='lat' dir='ltr'><strong>modum</strong></span> <span class='ocrx_word' id='word_1_176' title='bbox 505 3154 538 3216; x_wconf 89' lang='lat' dir='ltr'><strong>et</strong></span> <span class='ocrx_word' id='word_1_177' title='bbox 558 3150 693 3215; x_wconf 84' lang='lat' dir='ltr'><strong>formam</strong></span> <span class='ocrx_word' id='word_1_178' title='bbox 714 3151 747 3215; x_wconf 91' lang='lat' dir='ltr'><strong>in</strong></span> <span class='ocrx_word' id='word_1_179' title='bbox 771 3150 875 3232; x_wconf 80' lang='lat' dir='ltr'><strong>Praga</strong></span> <span class='ocrx_word' id='word_1_180' title='bbox 897 3156 930 3216; x_wconf 92' lang='lat' dir='ltr'><strong>et</strong></span> <span class='ocrx_word' id='word_1_181' title='bbox 951 3150 1029 3216; x_wconf 92' lang='lat' dir='ltr'><strong>alibi</strong></span> <span class='ocrx_word' id='word_1_182' title='bbox 1060 3151 1094 3214; x_wconf 94' lang='lat' dir='ltr'><strong>in</strong></span> <span class='ocrx_word' id='word_1_183' title='bbox 1121 3147 1309 3215; x_wconf 89' lang='lat' dir='ltr'><strong>ciuitatibus</strong></span> <span class='ocrx_word' id='word_1_184' title='bbox 1331 3145 1439 3237; x_wconf 81' lang='lat' dir='ltr'><strong>regiis¹</strong></span> 
     </span>
     <span class='ocr_line' id='line_1_23' title="bbox 141 3261 1434 3347; baseline -0.005 -18"><span class='ocrx_word' id='word_1_185' title='bbox 141 3265 179 3329; x_wconf 93' lang='lat' dir='ltr'><strong>de</strong></span> <span class='ocrx_word' id='word_1_186' title='bbox 201 3265 274 3347; x_wconf 92' lang='lat' dir='ltr'><strong>ipso</strong></span> <span class='ocrx_word' id='word_1_187' title='bbox 309 3264 378 3329; x_wconf 89' lang='lat' dir='ltr'><strong>sale</strong></span> <span class='ocrx_word' id='word_1_188' title='bbox 409 3283 466 3346; x_wconf 92' lang='lat' dir='ltr'><strong>per</strong></span> <span class='ocrx_word' id='word_1_189' title='bbox 495 3282 554 3328; x_wconf 89' lang='lat' dir='ltr'><strong>noe</strong></span> <span class='ocrx_word' id='word_1_190' title='bbox 580 3263 733 3328; x_wconf 88' lang='lat' dir='ltr'><strong>traditam</strong></span> <span class='ocrx_word' id='word_1_191' title='bbox 763 3281 818 3328; x_wconf 90' lang='lat' dir='ltr'><strong>eos</strong></span> <span class='ocrx_word' id='word_1_192' title='bbox 848 3281 912 3328; x_wconf 93' lang='lat' dir='ltr'><strong>non</strong></span> <span class='ocrx_word' id='word_1_193' title='bbox 942 3262 1165 3344; x_wconf 89' lang='lat' dir='ltr'><strong>impediemus,</strong></span> <span class='ocrx_word' id='word_1_194' title='bbox 1198 3261 1342 3344; x_wconf 91' lang='lat' dir='ltr'><strong>quinimo</strong></span> <span class='ocrx_word' id='word_1_195' title='bbox 1375 3277 1434 3323; x_wconf 89' lang='lat' dir='ltr'><strong>nec</strong></span> 
     </span>
    </p>
   </div>
   <div class='ocr_carea' id='block_1_6' title="bbox 140 3358 1544 3458">
    <p class='ocr_par' dir='ltr' id='par_1_8' title="bbox 140 3358 1544 3458">
     <span class='ocr_line' id='line_1_24' title="bbox 140 3358 1544 3458; baseline -0.005 -15"><span class='ocrx_word' id='word_1_196' title='bbox 140 3379 202 3458; x_wconf 89' lang='lat' dir='ltr'><strong>pati</strong></span> <span class='ocrx_word' id='word_1_197' title='bbox 225 3383 283 3443; x_wconf 90' lang='lat' dir='ltr'><strong>aut</strong></span> <span class='ocrx_word' id='word_1_198' title='bbox 306 3377 488 3441; x_wconf 89' lang='lat' dir='ltr'><strong>consentire</strong></span> <span class='ocrx_word' id='word_1_199' title='bbox 518 3376 675 3456; x_wconf 84' lang='lat' dir='ltr'><strong>volumus,</strong></span> <span class='ocrx_word' id='word_1_200' title='bbox 705 3375 789 3457; x_wconf 89' lang='lat' dir='ltr'><strong>quod</strong></span> <span class='ocrx_word' id='word_1_201' title='bbox 820 3376 1029 3458; x_wconf 82' lang='lat' dir='ltr'><strong>impediantur</strong></span> <span class='ocrx_word' id='word_1_202' title='bbox 1050 3394 1107 3457; x_wconf 89' lang='lat' dir='ltr'><strong>per</strong></span> <span class='ocrx_word' id='word_1_203' title='bbox 1130 3376 1313 3457; x_wconf 86' lang='lat' dir='ltr'><strong>quempiam</strong></span> <span class='ocrx_word' id='word_1_204' title='bbox 1333 3373 1434 3438; x_wconf 89' lang='lat' dir='ltr'><strong>alium</strong></span> <span class='ocrx_word' id='word_1_205' title='bbox 1541 3358 1544 3363; x_wconf 41' lang='lat'>‘</span> 
     </span>
    </p>
   </div>
   <div class='ocr_carea' id='block_1_7' title="bbox 146 3487 1441 4703">
    <p class='ocr_par' dir='ltr' id='par_1_9' title="bbox 146 3487 1441 4703">
     <span class='ocr_line' id='line_1_25' title="bbox 146 3487 1434 3571; baseline -0.004 -17"><span class='ocrx_word' id='word_1_206' title='bbox 146 3491 360 3571; x_wconf 84' lang='lat' dir='ltr'><strong>quouismodo.</strong></span> <span class='ocrx_word' id='word_1_207' title='bbox 385 3490 543 3569; x_wconf 78' lang='lat' dir='ltr'><strong>Quocirca</strong></span> <span class='ocrx_word' id='word_1_208' title='bbox 559 3490 746 3571; x_wconf 82' lang='lat' dir='ltr'><strong>capitaneis,</strong></span> <span class='ocrx_word' id='word_1_209' title='bbox 771 3490 966 3569; x_wconf 80' lang='lat' dir='ltr'><strong>camerariis,</strong></span> <span class='ocrx_word' id='word_1_210' title='bbox 989 3487 1236 3554; x_wconf 87' lang='lat' dir='ltr'><strong>subcamerariis</strong></span> <span class='ocrx_word' id='word_1_211' title='bbox 1253 3488 1434 3567; x_wconf 82' lang='lat' dir='ltr'><strong>ceterisque</strong></span> 
     </span>
     <span class='ocr_line' id='line_1_26' title="bbox 150 3599 1434 3686; baseline -0.003 -19"><span class='ocrx_word' id='word_1_212' title='bbox 150 3602 333 3670; x_wconf 81' lang='lat' dir='ltr'><strong>officialibus</strong></span> <span class='ocrx_word' id='word_1_213' title='bbox 357 3621 414 3685; x_wconf 90' lang='lat' dir='ltr'><strong>per</strong></span> <span class='ocrx_word' id='word_1_214' title='bbox 435 3604 612 3684; x_wconf 88' lang='lat' dir='ltr'><strong>Boemiam,</strong></span> <span class='ocrx_word' id='word_1_215' title='bbox 637 3604 857 3686; x_wconf 88' lang='lat' dir='ltr'><strong>cuiuscunque</strong></span> <span class='ocrx_word' id='word_1_216' title='bbox 879 3603 1059 3685; x_wconf 81' lang='lat' dir='ltr'><strong>dignitatis,</strong></span> <span class='ocrx_word' id='word_1_217' title='bbox 1090 3607 1204 3682; x_wconf 87' lang='lat' dir='ltr'><strong>status,</strong></span> <span class='ocrx_word' id='word_1_218' title='bbox 1236 3599 1434 3667; x_wconf 92' lang='lat' dir='ltr'><strong>condicionis</strong></span> 
     </span>
     <span class='ocr_line' id='line_1_27' title="bbox 155 3712 1434 3799; baseline -0.002 -21"><span class='ocrx_word' id='word_1_219' title='bbox 155 3718 291 3797; x_wconf 80' lang='lat' dir='ltr'><strong>existant,</strong></span> <span class='ocrx_word' id='word_1_220' title='bbox 315 3722 349 3781; x_wconf 87' lang='lat' dir='ltr'><strong>et</strong></span> <span class='ocrx_word' id='word_1_221' title='bbox 370 3716 556 3799; x_wconf 89' lang='lat' dir='ltr'><strong>specialiter</strong></span> <span class='ocrx_word' id='word_1_222' title='bbox 572 3716 737 3799; x_wconf 86' lang='lat' dir='ltr'><strong>jndicibus</strong></span> <span class='ocrx_word' id='word_1_223' title='bbox 761 3722 794 3781; x_wconf 92' lang='lat' dir='ltr'><strong>et</strong></span> <span class='ocrx_word' id='word_1_224' title='bbox 812 3717 932 3799; x_wconf 90' lang='lat' dir='ltr'><strong>juratis</strong></span> <span class='ocrx_word' id='word_1_225' title='bbox 956 3718 989 3782; x_wconf 92' lang='lat' dir='ltr'><strong>in</strong></span> <span class='ocrx_word' id='word_1_226' title='bbox 1004 3716 1175 3782; x_wconf 89' lang='lat' dir='ltr'><strong>Budewicz</strong></span> <span class='ocrx_word' id='word_1_227' title='bbox 1190 3712 1434 3795; x_wconf 80' lang='lat' dir='ltr'><strong>etWittignow,</strong></span> 
     </span>
     <span class='ocr_line' id='line_1_28' title="bbox 156 3826 1434 3912; baseline 0 -22"><span class='ocrx_word' id='word_1_228' title='bbox 156 3829 208 3892; x_wconf 84' lang='lat' dir='ltr'><strong>tam</strong></span> <span class='ocrx_word' id='word_1_229' title='bbox 235 3828 439 3912; x_wconf 88' lang='lat' dir='ltr'><strong>presentibus</strong></span> <span class='ocrx_word' id='word_1_230' title='bbox 470 3846 566 3909; x_wconf 90' lang='lat' dir='ltr'><strong>quam</strong></span> <span class='ocrx_word' id='word_1_231' title='bbox 599 3826 728 3909; x_wconf 87' lang='lat' dir='ltr'><strong>futuris,</strong></span> <span class='ocrx_word' id='word_1_232' title='bbox 762 3829 911 3896; x_wconf 88' lang='lat' dir='ltr'><strong>districte</strong></span> <span class='ocrx_word' id='word_1_233' title='bbox 943 3829 1139 3911; x_wconf 91' lang='lat' dir='ltr'><strong>precipimus</strong></span> <span class='ocrx_word' id='word_1_234' title='bbox 1173 3834 1206 3893; x_wconf 89' lang='lat' dir='ltr'><strong>et</strong></span> <span class='ocrx_word' id='word_1_235' title='bbox 1234 3826 1434 3905; x_wconf 91' lang='lat' dir='ltr'><strong>mandamus,</strong></span> 
     </span>
     <span class='ocr_line' id='line_1_29' title="bbox 160 3938 1436 4023; baseline -0.001 -19"><span class='ocrx_word' id='word_1_236' title='bbox 160 3941 284 4008; x_wconf 78' lang='lat' dir='ltr'><strong>ruentes</strong></span> <span class='ocrx_word' id='word_1_237' title='bbox 307 3942 447 4021; x_wconf 92' lang='lat' dir='ltr'><strong>omnino,</strong></span> <span class='ocrx_word' id='word_1_238' title='bbox 470 3945 629 4023; x_wconf 89' lang='lat' dir='ltr'><strong>quatenus</strong></span> <span class='ocrx_word' id='word_1_239' title='bbox 647 3946 833 4022; x_wconf 89' lang='lat' dir='ltr'><strong>prenotatos</strong></span> <span class='ocrx_word' id='word_1_240' title='bbox 849 3941 1029 4022; x_wconf 87' lang='lat' dir='ltr'><strong>Borsutam,</strong></span> <span class='ocrx_word' id='word_1_241' title='bbox 1052 3940 1233 4020; x_wconf 86' lang='lat' dir='ltr'><strong>Nicolaum,</strong></span> <span class='ocrx_word' id='word_1_242' title='bbox 1255 3938 1436 4005; x_wconf 75' lang='lat' dir='ltr'><strong>iohannem</strong></span> 
     </span>
     <span class='ocr_line' id='line_1_30' title="bbox 165 4050 1438 4136; baseline 0.002 -23"><span class='ocrx_word' id='word_1_243' title='bbox 165 4051 391 4120; x_wconf 85' lang='lat' dir='ltr'><strong>ctchslinum</strong></span> <span class='ocrx_word' id='word_1_244' title='bbox 413 4054 447 4119; x_wconf 92' lang='lat' dir='ltr'><strong>in</strong></span> <span class='ocrx_word' id='word_1_245' title='bbox 470 4053 680 4135; x_wconf 90' lang='lat' dir='ltr'><strong>prouentibus</strong></span> <span class='ocrx_word' id='word_1_246' title='bbox 703 4060 736 4118; x_wconf 92' lang='lat' dir='ltr'><strong>et</strong></span> <span class='ocrx_word' id='word_1_247' title='bbox 758 4053 951 4119; x_wconf 78' lang='lat' dir='ltr'><strong>utilitatibus</strong></span> <span class='ocrx_word' id='word_1_248' title='bbox 981 4054 1085 4136; x_wconf 90' lang='lat' dir='ltr'><strong>ipsius</strong></span> <span class='ocrx_word' id='word_1_249' title='bbox 1112 4054 1191 4119; x_wconf 92' lang='lat' dir='ltr'><strong>salis</strong></span> <span class='ocrx_word' id='word_1_250' title='bbox 1213 4071 1278 4119; x_wconf 92' lang='lat' dir='ltr'><strong>non</strong></span> <span class='ocrx_word' id='word_1_251' title='bbox 1300 4050 1438 4118; x_wconf 89' lang='lat' dir='ltr'><strong>debeant</strong></span> 
     </span>
     <span class='ocr_line' id='line_1_31' title="bbox 167 4161 1438 4250; baseline 0.002 -23"><span class='ocrx_word' id='word_1_252' title='bbox 167 4161 325 4247; x_wconf 73' lang='lat' dir='ltr'><strong>aliqualiter</strong></span> <span class='ocrx_word' id='word_1_253' title='bbox 349 4167 506 4250; x_wconf 91' lang='lat' dir='ltr'><strong>inpedire,</strong></span> <span class='ocrx_word' id='word_1_254' title='bbox 539 4166 596 4232; x_wconf 88' lang='lat' dir='ltr'><strong>sed</strong></span> <span class='ocrx_word' id='word_1_255' title='bbox 625 4167 738 4249; x_wconf 92' lang='lat' dir='ltr'><strong>pocius</strong></span> <span class='ocrx_word' id='word_1_256' title='bbox 768 4168 857 4248; x_wconf 87' lang='lat' dir='ltr'><strong>ipsos</strong></span> <span class='ocrx_word' id='word_1_257' title='bbox 880 4173 913 4231; x_wconf 91' lang='lat' dir='ltr'><strong>et</strong></span> <span class='ocrx_word' id='word_1_258' title='bbox 934 4168 1070 4233; x_wconf 86' lang='lat' dir='ltr'><strong>nuncios</strong></span> <span class='ocrx_word' id='word_1_259' title='bbox 1098 4168 1244 4249; x_wconf 90' lang='lat' dir='ltr'><strong>ipsorum</strong></span> <span class='ocrx_word' id='word_1_260' title='bbox 1266 4183 1323 4231; x_wconf 91' lang='lat' dir='ltr'><strong>seu</strong></span> <span class='ocrx_word' id='word_1_261' title='bbox 1345 4165 1438 4231; x_wconf 91' lang='lat' dir='ltr'><strong>illum</strong></span> 
     </span>
     <span class='ocr_line' id='line_1_32' title="bbox 170 4275 1441 4363; baseline 0.004 -26"><span class='ocrx_word' id='word_1_262' title='bbox 170 4275 205 4338; x_wconf 80' lang='lat' dir='ltr'><strong>rel</strong></span> <span class='ocrx_word' id='word_1_263' title='bbox 223 4279 298 4361; x_wconf 86' lang='lat' dir='ltr'><strong>illos,</strong></span> <span class='ocrx_word' id='word_1_264' title='bbox 323 4283 377 4347; x_wconf 91' lang='lat' dir='ltr'><strong>cui</strong></span> <span class='ocrx_word' id='word_1_265' title='bbox 400 4281 451 4347; x_wconf 87' lang='lat' dir='ltr'><strong>vel</strong></span> <span class='ocrx_word' id='word_1_266' title='bbox 474 4280 591 4363; x_wconf 92' lang='lat' dir='ltr'><strong>quibus</strong></span> <span class='ocrx_word' id='word_1_267' title='bbox 613 4285 791 4362; x_wconf 89' lang='lat' dir='ltr'><strong>prouentus</strong></span> <span class='ocrx_word' id='word_1_268' title='bbox 814 4286 848 4346; x_wconf 89' lang='lat' dir='ltr'><strong>et</strong></span> <span class='ocrx_word' id='word_1_269' title='bbox 869 4280 1025 4345; x_wconf 76' lang='lat' dir='ltr'><strong>utilitates</strong></span> <span class='ocrx_word' id='word_1_270' title='bbox 1048 4281 1127 4346; x_wconf 90' lang='lat' dir='ltr'><strong>salis</strong></span> <span class='ocrx_word' id='word_1_271' title='bbox 1150 4277 1335 4344; x_wconf 90' lang='lat' dir='ltr'><strong>huiusmodi</strong></span> <span class='ocrx_word' id='word_1_272' title='bbox 1355 4296 1441 4345; x_wconf 93' lang='lat' dir='ltr'><strong>com·</strong></span> 
     </span>
     <span class='ocr_line' id='line_1_33' title="bbox 172 4386 1439 4476; baseline 0.002 -23"><span class='ocrx_word' id='word_1_273' title='bbox 172 4386 291 4458; x_wconf 77' lang='lat' dir='ltr'><strong>miserint</strong></span> <span class='ocrx_word' id='word_1_274' title='bbox 311 4399 368 4458; x_wconf 91' lang='lat' dir='ltr'><strong>aut</strong></span> <span class='ocrx_word' id='word_1_275' title='bbox 391 4394 529 4459; x_wconf 80' lang='lat' dir='ltr'><strong>vlterius</strong></span> <span class='ocrx_word' id='word_1_276' title='bbox 553 4395 770 4476; x_wconf 84' lang='lat' dir='ltr'><strong>exposuerint,</strong></span> <span class='ocrx_word' id='word_1_277' title='bbox 793 4394 834 4459; x_wconf 92' lang='lat' dir='ltr'><strong>ad</strong></span> <span class='ocrx_word' id='word_1_278' title='bbox 852 4394 922 4474; x_wconf 91' lang='lat' dir='ltr'><strong>hoc,</strong></span> <span class='ocrx_word' id='word_1_279' title='bbox 945 4400 980 4458; x_wconf 88' lang='lat' dir='ltr'><strong>rt</strong></span> <span class='ocrx_word' id='word_1_280' title='bbox 995 4394 1058 4476; x_wconf 89' lang='lat' dir='ltr'><strong>ipsi</strong></span> <span class='ocrx_word' id='word_1_281' title='bbox 1075 4395 1126 4459; x_wconf 91' lang='lat' dir='ltr'><strong>ius</strong></span> <span class='ocrx_word' id='word_1_282' title='bbox 1143 4392 1333 4474; x_wconf 91' lang='lat' dir='ltr'><strong>plenarium,</strong></span> <span class='ocrx_word' id='word_1_283' title='bbox 1353 4389 1439 4475; x_wconf 88' lang='lat' dir='ltr'><strong>quod</strong></span> 
     </span>
     <span class='ocr_line' id='line_1_34' title="bbox 174 4501 1441 4588; baseline 0.001 -22"><span class='ocrx_word' id='word_1_284' title='bbox 174 4510 200 4559; x_wconf 71' lang='lat'><strong>0¹</strong></span> <span class='ocrx_word' id='word_1_285' title='bbox 216 4501 396 4572; x_wconf 88' lang='lat' dir='ltr'><strong>induccione</strong></span> <span class='ocrx_word' id='word_1_286' title='bbox 426 4505 532 4587; x_wconf 91' lang='lat' dir='ltr'><strong>ipsius</strong></span> <span class='ocrx_word' id='word_1_287' title='bbox 555 4506 634 4571; x_wconf 89' lang='lat' dir='ltr'><strong>salis</strong></span> <span class='ocrx_word' id='word_1_288' title='bbox 656 4507 698 4571; x_wconf 96' lang='lat' dir='ltr'><strong>ad</strong></span> <span class='ocrx_word' id='word_1_289' title='bbox 719 4525 854 4588; x_wconf 86' lang='lat' dir='ltr'><strong>regnum</strong></span> <span class='ocrx_word' id='word_1_290' title='bbox 879 4505 1012 4572; x_wconf 90' lang='lat' dir='ltr'><strong>Boemie</strong></span> <span class='ocrx_word' id='word_1_291' title='bbox 1041 4523 1099 4587; x_wconf 93' lang='lat' dir='ltr'><strong>pro</strong></span> <span class='ocrx_word' id='word_1_292' title='bbox 1130 4505 1222 4571; x_wconf 92' lang='lat' dir='ltr'><strong>nobis</strong></span> <span class='ocrx_word' id='word_1_293' title='bbox 1252 4509 1285 4570; x_wconf 90' lang='lat' dir='ltr'><strong>et</strong></span> <span class='ocrx_word' id='word_1_294' title='bbox 1314 4521 1441 4571; x_wconf 87' lang='lat' dir='ltr'><strong>camera</strong></span> 
     </span>
     <span class='ocr_line' id='line_1_35' title="bbox 176 4618 1439 4703; baseline 0.003 -25"><span class='ocrx_word' id='word_1_295' title='bbox 176 4618 257 4683; x_wconf 79' lang='lat' dir='ltr'><strong>lutra</strong></span> <span class='ocrx_word' id='word_1_296' title='bbox 276 4619 428 4702; x_wconf 89' lang='lat' dir='ltr'><strong>deinceps</strong></span> <span class='ocrx_word' id='word_1_297' title='bbox 451 4618 570 4684; x_wconf 90' lang='lat' dir='ltr'><strong>habere</strong></span> <span class='ocrx_word' id='word_1_298' title='bbox 592 4619 840 4701; x_wconf 88' lang='lat' dir='ltr'><strong>decreuerimus,</strong></span> <span class='ocrx_word' id='word_1_299' title='bbox 864 4624 897 4685; x_wconf 92' lang='lat' dir='ltr'><strong>et</strong></span> <span class='ocrx_word' id='word_1_300' title='bbox 918 4638 980 4703; x_wconf 90' lang='lat' dir='ltr'><strong>quo</strong></span> <span class='ocrx_word' id='word_1_301' title='bbox 993 4620 1065 4685; x_wconf 90' lang='lat' dir='ltr'><strong>iure</strong></span> <span class='ocrx_word' id='word_1_302' title='bbox 1078 4618 1168 4703; x_wconf 86' lang='lat' dir='ltr'><strong>ipsos</strong></span> <span class='ocrx_word' id='word_1_303' title='bbox 1184 4622 1351 4685; x_wconf 90' lang='lat' dir='ltr'><strong>contentos</strong></span> <span class='ocrx_word' id='word_1_304' title='bbox 1365 4635 1439 4683; x_wconf 90' lang='lat' dir='ltr'><strong>esse</strong></span> 
     </span>
    </p>
   </div>
   <div class='ocr_carea' id='block_1_8' title="bbox 0 0 1571 5392">
    <p class='ocr_par' dir='ltr' id='par_1_10' title="bbox 0 0 1571 5392">
     <span class='ocr_line' id='line_1_36' title="bbox 0 0 1571 5392; baseline 0 0"><span class='ocrx_word' id='word_1_305' title='bbox 0 0 1571 5392; x_wconf 95' lang='lat' dir='ltr'><strong> </strong></span> 
     </span>
    </p>
   </div>
  </div>
 </body>
</html>
