3150 5378
651 410 728 471 Μ
1309 415 1349 483 91

47 620 154 689 eidem
177 619 332 688 cnmaoo
352 625 389 687 et
408 620 582 689 haedibus
611 620 682 691 suis
704 622 945 706 possessionem
964 621 1079 690 iudicii
1101 620 1246 691 ciuitatis
1267 622 1351 691 'l'ba-

47 735 230 802 sianiensis
261 752 302 801 eo
334 734 416 817 inre,
439 734 524 817 quod
554 734 647 819 ipsis
682 733 832 804 commo
853 742 887 804 et
907 736 978 804 suis
1009 734 1193 819 heredibus,
1214 736 1251 804 in
1278 734 1351 821 ipso

48 848 171 916 indicio
194 848 361 931 competit,
392 848 597 915 restituimus
619 848 769 932 maniosa
790 848 847 930 ita,
870 848 956 932 qnod
977 846 1099 916 hiidem
1129 847 1297 916 conradus
1318 853 1353 915 ct

47 962 186 1029 heredes
220 962 275 1028 sui
306 960 447 1043 predicti
483 960 608 1029 dictum
641 960 799 1029 iudicium
832 981 906 1029 cum
938 961 1125 1030 attinenciis
1158 967 1191 1029 et
1223 961 1351 1029 Iuribus

49 1075 202 1142 omnibns
224 1073 269 1141 ad
292 1072 401 1158 ipsum
420 1074 463 1142 ab
483 1074 619 1159 antiqno
633 1075 854 1159 spectantibus
876 1075 948 1141 iure
969 1071 1166 1167 hereditario
1186 1078 1298 1141 tenere
1319 1079 1353 1141 et

50 1187 222 1272 possidere
242 1187 383 1255 debeam
401 1192 560 1272 perpetuo
580 1185 715 1271 pacifice
736 1192 771 1255 et
793 1187 911 1271 quiete,
945 1187 1055 1254 taliter
1076 1186 1162 1269 quod
1184 1186 1249 1269 ipsi
1271 1184 1352 1253 dicti

52 1301 225 1370 Conradus
246 1305 282 1369 et
302 1300 437 1369 heredes
459 1302 521 1383 aui,
553 1301 610 1387 qui
639 1300 704 1369 sibi
732 1300 767 1368 in
796 1300 882 1369 dioto
914 1300 1036 1368 iudicio
1058 1300 1284 1381 successerint,
1310 1298 1351 1366 de

52 1416 154 1499 ipsine
177 1415 434 1484 obuencionibns
455 1414 571 1482 iudicii
592 1412 686 1482 nobis
707 1413 795 1481 xxti
816 1432 943 1482 marcas
961 1415 1087 1498 argenti
1102 1414 1197 1480 annis
1209 1413 1350 1497 singulis

52 1531 178 1596 uolnere
199 1533 384 1595 teneantur.
405 1526 600 1597 bIaudamus
620 1527 723 1611 igitur
742 1527 861 1597 iuratis
882 1531 917 1597 et
935 1525 1064 1595 ciuibus
1094 1526 1256 1593 uniuersis
1277 1545 1350 1610 pre-

53 1642 136 1709 dicte
157 1642 309 1709 einintie
337 1640 592 1721 mammenus,
623 1640 787 1725 quatinus,
816 1639 903 1723 siout
930 1639 1074 1723 graciam
1100 1644 1247 1707 nosuam
1275 1657 1351 1705 eon·

53 1773 183 1821 muare
204 1754 359 1839 diligunt,
381 1752 505 1821 eisdem
526 1750 675 1819 Gentem
704 1757 739 1819 et
765 1770 825 1837 per
849 1770 1050 1837 consequens
1078 1750 1252 1823 nantibus
1280 1753 1350 1819 suis

54 1873 217 1953 amquam
237 1867 385 1952 ipsorum
404 1866 579 1949 indicibus,
600 1870 698 1951 prout
717 1866 857 1950 exmdit,
878 1868 914 1935 in
936 1867 1062 1935 iuribus
1091 1870 1125 1933 et
1151 1865 1350 1934 renereuciis

56 1982 219 2048 consuetis
241 1979 375 2047 obedire
395 1978 534 2047 debeant
555 1984 589 2046 et
608 1986 731 2063 perere
754 1978 793 2045 In
814 1979 908 2047 onina
929 1984 990 2047 ete.
1021 1981 1141 2047 Datum
1162 1984 1223 2047 eto.

153 2134 322 2192 Zacbortno
348 2132 436 2190 celibe
463 2148 497 2188 ve
522 2132 664 2189 termultii
691 2131 836 2189 J'rndiicba
858 2132 964 2188 Vlaeba
982 2149 1000 2189 a
1017 2132 1074 2189 sice
1090 2132 1220 2204 vrukop·
1250 2132 1349 2189 rurale

59 2230 162 2285 secktm
189 2246 228 2287 na
255 2236 306 2287 atr.
331 2232 383 2287 m
409 2228 514 2299 (vniat,
538 2227 598 2285 Das
623 2226 805 2285 urkuadliabe
836 2227 1019 2285 Formalbneb
1042 2227 1094 2284 dee
1115 2228 1218 2299 konigl.
1245 2227 1348 2286 Notans

61 2324 199 2382 Haemona
222 2326 337 2382 ltaliam
360 2324 400 2380 N·
415 2324 566 2395 CXLVIII)
590 2324 753 2397 arrukom
775 2324 928 2397 bibliottky
947 2324 1114 2381 IIolmarslrt
1133 2323 1239 2396 (codar
1257 2324 1349 2381 Mora·

62 2420 114 2476 riae
128 2422 183 2478 vn
199 2429 249 2479 atr.
268 2424 349 2489 1⁰0⁶)
366 2437 401 2478 aa
417 2420 557 2493 utpisem:
586 2419 755 2487 „mutuno
775 2419 869 2476 iudicii
886 2421 1007 2477 mutuus
1033 2420 1176 2478 cuiusdam
1203 2436 1254 2493 pre
1279 2420 1347 2477 fide

10 2582 13 2601 Ι
62 2514 125 2574 ibus
141 2516 311 2590 obsequib‘.
328 2548 364 2560 -
380 2516 483 2586 Bmlsr,
499 2516 622 2587 begea
638 2516 673 2573 11,
691 2514 714 2575 b
732 2520 809 2574 sm.

10 2834 14 2951 ι
630 2781 696 2868 bn.
719 2799 771 2867 eo.

10 2954 16 3073 i
547 2933 848 3027 {mesanam}

10 3092 17 3169 i
70 3093 197 3179 bouyer
220 3095 345 3163 Otokor
367 3094 411 3161 II.
434 3092 504 3161 bcr'e
523 3116 569 3162 no
588 3094 695 3161 muoso
715 3095 860 3177 mittans
888 3096 988 3158 misto
1016 3092 1147 3167 Ktoina,
1169 3091 1347 3176 odpoutttje

65 3207 122 3286 jin,
141 3212 201 3276 itm
231 3232 266 3277 sc
289 3208 380 3293 proce·
407 3210 500 3274 nitus
515 3207 681 3291 precinui,
707 3228 729 3273 o
749 3206 871 3291 alsbuje,
893 3206 978 3290 ieje
997 3205 1138 3272 mosot
1157 3205 1198 3272 od
1220 3202 1350 3289 omero

613 3318 786 3387 bannos

156 3479 364 3568 O[ttakarns]
375 3480 429 3547 dei
440 3480 550 3563 gracia
564 3484 624 3546 eto.
640 3475 829 3561 Quoniam¹)
840 3474 989 3562 inpuneb
1005 3478 1073 3544 Ieso
1088 3477 1235 3562 principe
1249 3476 1350 3543 nichil

72 3590 224 3670 glonosius
246 3595 417 3678 tenentur,
438 3628 484 3641 -
496 3592 619 3660 idcirco
631 3596 744 3658 tenore
765 3592 926 3674 presentis
948 3591 1114 3674 priuilegii
1136 3596 1203 3658 tam
1222 3590 1346 3657 moder·

72 3721 166 3776 uorum
185 3726 285 3793 quam
305 3707 488 3774 futurorum
511 3705 666 3773 noticiam
696 3703 843 3787 cupimus
874 3703 1037 3786 deuenira,
1065 3704 1151 3787 quod
1180 3704 1349 3769 uniuersos

71 3822 254 3906 etsingnlos
274 3822 365 3888 eines
387 3816 566 3902 Glatonie⁸j
590 3837 716 3886 omnem
742 3836 918 3899 rancorem,
948 3836 1044 3907 quem
1072 3818 1231 3883 aduersus
1260 3817 1351 3899 ipsos

72 3929 100 3996 ob
116 3936 242 4019 aunam
262 3935 450 4018 quamlibet,
473 3952 570 4018 quam
590 3934 625 4000 iu
647 3951 707 4000 uos
730 3932 964 4013 commiserant,
992 3930 1162 3997 habuimus
1184 3930 1349 4010 haetenus,

70 4042 216 4116 omani
238 4048 315 4115 aula
339 4046 481 4131 pectoris
509 4045 674 4113 abolentes
704 4052 815 4112 nostre
843 4045 953 4128 gracie
981 4045 1194 4126 restituimus,
1229 4049 1262 4110 et
1295 4061 1351 4110 eos

71 4160 199 4229 ruamus
228 4163 264 4228 in
293 4162 369 4228 sinu
389 4166 502 4228 nostre
521 4155 730 4243 maiestatis⁴)
757 4164 855 4241 prout
883 4158 1021 4225 aliarum
1050 4157 1221 4223 ciuitatum
1250 4157 1350 4236 ciues,

70 4266 162 4341 biciso
184 4279 324 4355 nostros,
347 4272 570 4341 quombiliter
594 4270 776 4352 contenere,
805 4275 903 4355 atque
931 4267 1034 4354 illos⁶)
1065 4270 1187 4337 nullius
1216 4270 1351 4335 alterius

71 4381 195 4454 buinio
224 4385 408 4471 subicereb
440 4388 505 4454 nisi
527 4383 685 4469 nostrast)
720 4392 755 4452 et
786 4386 872 4469 quod
906 4386 994 4452 nullo
1016 4384 1178 4451 mediante
1201 4382 1294 4449 nobis
1316 4387 1350 4448 et

73 4506 163 4567 moire
194 4520 321 4569 camere
341 4503 376 4568 in
398 4497 625 4585 perpetuum')
650 4499 718 4566 siut
743 4498 889 4566 subiecti
934 4499 971 4564 In
1005 4498 1098 4563 euius
1127 4497 1175 4562 rei
1205 4496 1351 4562 testimo-

77 4609 151 4680 niam
168 4622 226 4683 eto.
