3098 5392
664 445 749 515 ‚ao-
1298 442 1362 509 cos

61 651 76 713 ἑ
98 672 144 716 aaa
166 651 290 732 piipad
312 653 415 727 coorti,
437 654 528 717 atim
550 654 778 728 uatunooenim,
808 653 850 728 be,
880 648 962 734 lupe
989 651 1089 718 ceddo
1111 649 1215 718 cael
1237 650 1288 719 bea
1304 671 1362 734 po·

59 764 209 829 slcdm'bo
224 768 370 847 policeni
390 788 411 832 α
433 766 638 850 naumbuje
655 765 862 852 pr'iroacny'cb
892 766 1004 831 dedica
1031 772 1140 842 acalcie,
1169 766 1365 849 poetisluloat

51 878 132 962 jebu
162 879 295 962 prdvcm
324 880 486 966 dedicky‘m
515 903 559 946 aa
588 881 733 964 nejbliddo‘
759 881 916 962 pr'c'buanc'
948 880 1070 962 speciae
1099 881 1149 946 dle
1177 881 1367 946 ustonooeat

416 992 680 1075 praecaturiae
702 997 804 1060 comta
827 992 1015 1060 Prodske‘bo.

175 1220 384 1288 Wenceslaus
416 1221 469 1287 dei
498 1224 608 1304 gracia
629 1222 763 1288 Boemie
792 1240 858 1303 rex,
889 1221 1222 1304 Brandemburgensis
1245 1225 1279 1286 et
1299 1220 1364 1286 Ln-

62 1335 156 1400 sacie
179 1335 323 1402 marchio
347 1341 380 1402 et
401 1335 506 1403 Slezie
529 1335 601 1402 dux.
636 1336 756 1402 Notum
779 1335 915 1402 iacimus
938 1341 1049 1400 tenore
1071 1335 1274 1417 presencium
1296 1334 1366 1399 vni·

63 1448 186 1529 uersis,
210 1449 295 1531 quod
318 1451 485 1532 cupientes
508 1448 729 1516 condicionem
758 1449 901 1514 ciuitatis
924 1452 1035 1514 nostre
1056 1447 1237 1513 Pilznensis
1260 1447 1367 1514 iacere

70 1562 252 1643 meliorem,
266 1567 309 1656 *et
330 1568 368 1628 ut
389 1563 478 1629 ciues
502 1568 534 1629 et
556 1563 660 1628 incole
683 1562 827 1628 ciuitatis
843 1561 989 1627 eiusdem
1006 1561 1049 1626 ad
1063 1566 1173 1627 nostre
1187 1562 1368 1628 maiestatis

68 1676 189 1757 queuis
212 1674 369 1758 obsequia
391 1674 569 1741 studiosius
592 1674 776 1757 peragenda
799 1693 837 1740 eo
860 1674 980 1741 sorcius
1003 1671 1231 1755 animentur1),
1253 1691 1368 1758 quoae

63 1807 86 1852 a
110 1786 336 1855 munificencia
358 1790 448 1870 regie
469 1788 664 1854 liberalitate
674 1784 698 1866 2)
721 1789 883 1855 senserint
904 1788 1033 1854 vberius
1067 1789 1258 1868 consolatos,
1292 1788 1368 1854 binc

64 1907 129 1981 est,
155 1901 240 1983 quod
264 1901 304 1967 de
326 1902 528 1968 serenissimi
557 1902 714 1984 principis
745 1902 931 1983 abdomini,
963 1901 1084 1967 domini
1105 1901 1218 1968 Karoli
1249 1901 1366 1985 quarti,

64 2015 288 2080 Romanorum
310 2015 514 2097 imperatoris
553 2031 679 2096 semper
709 2014 840 2096 augusti
869 2019 902 2079 et
931 2013 1064 2080 Boemie
1097 2013 1195 2097 regis,
1228 2014 1365 2080 illustris

67 2127 196 2193 domini
219 2132 252 2191 et
273 2128 429 2210 genitoris
448 2127 552 2193 nostri
567 2126 796 2209 precarissimi,
821 2125 955 2208 speciali
970 2126 1131 2210 mandato,
1153 2125 1245 2211 regia
1259 2133 1369 2194 aucto·

65 2241 170 2305 ritate
192 2240 325 2306 Boemie
347 2246 380 2307 et
401 2246 511 2307 nostre
534 2239 737 2306 celsitudinis
760 2237 871 2323 gracia
906 2240 1063 2322 singulari
1097 2241 1224 2308 ciuibus
1246 2246 1280 2308 et
1301 2241 1370 2307 vni·

70 2354 223 2420 narsitati
247 2355 333 2421 dicte
355 2355 499 2422 ciuitatis
521 2346 713 2436 Pilznensis,
745 2353 948 2437 presentibus
971 2360 1004 2419 et
1029 2354 1157 2437 futuris,
1192 2357 1226 2422 in
1257 2374 1369 2438 perpe·

67 2475 165 2534 tuum
189 2471 405 2536 concessimus
429 2474 462 2535 et
483 2468 687 2551 presentibus
718 2469 923 2535 concedimus
957 2469 1113 2551 graciose,
1139 2469 1224 2553 quod
1246 2487 1371 2535 exnunc

68 2583 204 2648 inantea
236 2583 372 2666 quilibet
401 2601 460 2649 seu
490 2583 636 2666 quelibet·
665 2583 759 2664 ciuis,
792 2582 964 2648 masculini
997 2583 1050 2648 uel
1082 2581 1230 2649 feminini
1264 2601 1370 2664 sexus,

70 2696 184 2761 omnia
203 2694 287 2760 bona
309 2715 368 2761 sua
389 2695 524 2763 mobilia
546 2697 598 2762 nel
610 2692 634 2776 ³)
657 2694 844 2776 immobilia,
868 2696 902 2760 in
925 2696 1170 2779 quibuscunque
1184 2696 1281 2762 rebus
1297 2713 1371 2763 con*

71 2810 201 2889 sistant,
226 2809 296 2875 sine
310 2809 453 2893 quolibet
462 2806 487 2890 ⁴)
509 2809 738 2892 impedimento
754 2808 874 2874 donare
885 2805 910 2892 ⁶)
933 2808 1037 2891 possit
1052 2809 1233 2893 cuicunque
1249 2810 1370 2893 pariter

71 2927 104 2988 et
128 2923 238 3005 legare
260 2923 351 2987 iuxta
373 2940 497 2989 omnem
528 2922 663 2988 formam
685 2927 718 2986 et
736 2922 811 3003 jura
834 2920 979 2986 eiusdem
1011 2921 1165 3005 ciuitatis,
1196 2923 1372 2989 secundum

72 3036 160 3119 quod
191 3036 335 3117 ipsorum
364 3036 523 3118 placuerit
553 3036 722 3100 voluntati.
768 3033 805 3099 In
829 3053 907 3100 casu
931 3039 1049 3116 autem,
1083 3037 1374 3120 quocienscumque

73 3156 106 3215 et
128 3148 394 3232 quandocumque
424 3167 521 3213 vnum
551 3149 603 3214 uel
634 3149 752 3230 plures,
784 3149 887 3215 ciuem
923 3147 975 3214 nel
1007 3149 1096 3215 ciues
1120 3149 1205 3216 dicte
1228 3151 1372 3217 ciuitatis

73 3261 267 3343 Pilznensis,
291 3261 411 3345 absque
427 3262 595 3345 legittimis
616 3262 785 3343 utriusque
808 3280 903 3327 sexus
923 3261 1096 3329 heredibus
1112 3263 1276 3347 continget
1292 3265 1374 3330 mori

75 3395 135 3442 seu
158 3375 314 3442 decedere
337 3376 527 3464 intestatum
549 3381 607 3441 aut
635 3376 738 3442 eciam
766 3376 938 3442 intestatos
949 3373 985 3458 ⁰),
1017 3376 1167 3442 vninerse
1193 3381 1226 3442 et
1248 3378 1375 3459 singule

76 3490 310 3572 possessiones,
341 3488 549 3571 hereditates,
572 3491 786 3572 proprietates
811 3494 844 3555 et
865 3489 948 3556 bona
977 3490 1109 3557 mobilia
1131 3495 1164 3556 et
1187 3490 1373 3572 immobilia,

77 3602 151 3669 siue
174 3604 208 3668 in
230 3602 369 3684 allodiis,
399 3605 498 3686 agris,
528 3604 687 3685 censibus,
718 3602 899 3669 redditibus
923 3622 981 3669 seu
1003 3603 1258 3688 quibuscumque
1279 3603 1373 3670 bonis

76 3715 130 3780 uel
153 3714 249 3780 rebus
284 3715 472 3796 consistant,
499 3717 587 3781 intus
610 3722 642 3781 et
664 3722 754 3782 extra
777 3716 944 3782 ciuitatem
965 3715 1169 3784 Pilznensem
1197 3717 1374 3801 predictam

77 3834 136 3894 aut
166 3828 244 3894 alibi
276 3827 467 3912 ubicumque
490 3829 573 3909 sitis,
607 3827 811 3911 quibnsuis⁷l
848 3831 949 3896 eciam
981 3830 1176 3912 specialibus
1210 3830 1376 3897 vocabulis

77 3941 298 4023 designentur,
323 3941 364 4006 ad
387 3941 598 4023 proximiores
614 3939 907 4026 et'propinquiores
928 3945 1189 4025 consanguineos
1204 3945 1376 4012 masculini

77 4056 130 4121 nel
160 4054 308 4120 feminini
338 4073 444 4136 sexus,
467 4061 546 4122 tunc
581 4057 782 4138 superstites
815 4057 932 4139 quouis
966 4055 1194 4139 impedimento
1228 4063 1377 4125 cessante

76 4169 239 4253 presentis
268 4168 359 4251 regie
392 4169 611 4236 concessionis
642 4175 752 4235 nostre
785 4170 905 4235 virtute
926 4169 1028 4236 libere
1050 4175 1083 4236 et
1104 4171 1300 4239 hereditarie
1321 4173 1376 4239 de«

77 4285 263 4364 uoluentur,
298 4283 384 4348 omni
403 4282 487 4364 jure,
521 4281 680 4362 libertate,
711 4282 804 4347 modo
828 4287 861 4346 et
883 4282 994 4363 forma,
1030 4283 1146 4365 quibus
1170 4286 1203 4349 in
1226 4291 1259 4351 et
1281 4303 1379 4369 super

77 4417 158 4465 casu
182 4401 216 4463 et
238 4395 375 4463 articulo
399 4396 559 4481 similibus
589 4395 738 4462 fidelibus
768 4396 888 4460 nostris
920 4396 1046 4461 ciuibus
1069 4396 1205 4464 Maioris
1229 4398 1375 4466 ciuitatis

74 4507 257 4595 Progensis
280 4525 338 4592 per
360 4508 581 4591 supradictum
613 4507 776 4575 dominum
809 4514 842 4573 et
870 4509 1048 4591 genitorem
1077 4514 1233 4593 nostrum,
1263 4510 1381 4602 Romu-¹

74 4646 193 4694 norum
217 4624 453 4707 imperatorem,
487 4629 650 4705 tamquam
673 4624 805 4688 Boemie
834 4641 953 4706 regem,
987 4624 1097 4705 gracia
1128 4642 1202 4691 ease
1223 4623 1309 4691 sacta
1330 4624 1383 4692 di·
