3098 5392
691 437 767 488 mor.
822 450 826 458 ·
1326 442 1390 507 531

107 645 197 711 deles
213 645 317 711 nostri
333 642 454 723 dilecti,
476 661 535 725 pro
551 660 597 724 se,
620 642 793 710 heredibus
812 649 846 711 et
860 646 1103 713 successoribus
1118 649 1187 715 suis
1204 650 1388 716 voluntarie

107 781 110 821 ;
135 757 290 825 beniuole
311 756 606 824 renunccinuernnt
627 757 715 823 omni
734 756 958 825 iurisdiccioni
978 763 1013 826 et
1025 762 1198 843 respectui,
1221 779 1285 846 que
1306 763 1389 830 clies

107 875 171 940 »sis
195 879 230 939 et
250 873 338 940 dicte
360 871 488 938 ciuitati
510 871 735 955 competebant
763 872 799 937 in
821 872 915 940 domo
938 873 1002 940 site
1024 873 1058 940 in
1081 874 1154 958 ipse
1177 875 1311 942 ciuitate
1331 876 1390 944 Se·

107 989 177 1054 cnei
202 992 236 1053 et
258 988 348 1053 curie
370 990 575 1051 ornturerum
595 985 631 1053 iu
653 985 827 1069 Lnbycnon
848 1004 974 1053 necnon
988 987 1024 1054 in
1037 987 1232 1055 molendinis
1248 993 1281 1055 et
1294 988 1389 1057 bonis

108 1104 170 1184 iis,
196 1121 260 1184 que
280 1098 442 1184 quondam
465 1098 616 1166 Johlinus
639 1099 763 1182 Jucobi,
787 1100 870 1168 ciuis
891 1101 1077 1183 Prsgensis,
1099 1101 1214 1183 tenuit,
1241 1101 1319 1169 dum
1340 1103 1389 1169 vi·

106 1221 188 1295 eret,
214 1214 308 1280 etde
330 1213 448 1296 quibus
472 1232 570 1280 ouerc
592 1213 680 1281 dicte
700 1213 846 1281 ciuitatis
861 1212 1045 1297 sufferebat
1071 1233 1120 1297 eo,
1142 1215 1228 1297 qnod
1251 1215 1388 1285 eundern

106 1347 218 1396 ›mum
240 1347 313 1393 cum
336 1328 427 1394 curin
448 1333 652 1394 arntmenum
686 1328 721 1395 iu
743 1327 914 1412 Lubyczen
937 1332 971 1394 et
990 1327 1185 1396 molendinis
1208 1347 1247 1395 uc
1267 1330 1385 1397 insulis

106 1490 110 1505 .
137 1442 306 1508 uniuersis
329 1460 368 1508 oo
391 1442 529 1524 singulis
552 1459 663 1508 eorum
684 1441 895 1525 pertinenciis
918 1446 952 1507 et
966 1441 1162 1509 utilitatibus
1177 1460 1302 1510 necnon
1316 1442 1389 1511 iure

106 1559 277 1622 stronstus
300 1555 438 1620 ecclesie
461 1553 582 1621 ibidem
603 1559 682 1636 aput
715 1553 851 1620 heredes
873 1552 954 1620 dicti
977 1552 1102 1621 Johlini
1123 1573 1182 1638 pro
1205 1555 1308 1638 uobis,
1331 1557 1387 1624 be·

106 1667 219 1735 edibus
253 1673 286 1734 et
320 1666 561 1733 successoribus
595 1668 726 1748 nostris,
748 1666 882 1734 Boemie
907 1666 1050 1751 regibus,
1073 1671 1107 1735 et
1127 1667 1274 1735 eiusdem
1294 1671 1387 1752 regni

106 1799 206 1857 orons
227 1781 425 1847 hereditarie
447 1780 706 1863 compcrcnimus
728 1780 815 1846 iusto
836 1781 932 1846 titulo
967 1780 1154 1864 empciouis‚
1176 1782 1254 1863 quia
1284 1784 1389 1852 eciem

106 1901 157 1963 ost
192 1895 291 1960 telem
324 1894 553 1960 alteruoionem
586 1899 620 1959 et
648 1894 949 1963 rennncciacionem
978 1913 1098 1978 eorum,
1120 1900 1157 1961 ut
1177 1897 1387 1980 premittitur,

105 2009 208 2075 relati
241 2008 344 2075 nostri
378 2004 491 2073 fideles
519 2007 560 2073 de
588 2005 682 2074 bonis
717 2007 906 2090 prescriptis
928 2007 1022 2075 nobis
1045 2016 1212 2078 cesserunt
1232 2010 1334 2079 libere
1355 1994 1390 2079 et

105 2124 200 2189 edem
234 2121 294 2188 sub
327 2122 430 2205 reguli
463 2121 653 2188 condicione
682 2120 785 2189 libero
806 2121 847 2188 ub
870 2122 957 2189 omni
980 2122 1145 2191 solucione
1166 2125 1386 2209 locuugerum,

105 2236 305 2317 roccionem,
342 2239 533 2316 stentem,
567 2234 775 2318 angariorum
800 2240 834 2302 et
854 2235 994 2302 eliorum
1015 2254 1279 2322 quorumcunque
1300 2240 1387 2308 solu·

105 2354 216 2416 ionum
245 2354 278 2414 et
307 2348 516 2415 veracionum
545 2347 582 2414 in
614 2352 759 2415 nostrum
794 2349 1045 2432 resigueuerunt
1080 2354 1288 2433 potesutem:
1324 2370 1385 2420 nos
1487 2406 1492 2415 .

105 2465 156 2530 ice
172 2480 269 2529 nerse
286 2467 407 2542 nostro,
429 2460 585 2529 heredum
606 2465 641 2528 et
662 2479 886 2529 successorum
907 2468 1100 2545 nostrorum,
1115 2481 1230 2547 regum
1242 2464 1386 2549 Boemie,

105 2576 216 2642 omine
251 2577 284 2641 in
316 2591 560 2656 recompensem
601 2574 793 2658 condignam
825 2574 1011 2643 huiusmodi
1042 2578 1321 2646 renunecioeionis
1354 2584 1388 2646 et
1448 2553 1454 2564 ⁴

107 2688 306 2756 bertucionis
331 2706 489 2755 summum
511 2688 730 2771 pectminrum
752 2706 833 2772 quos
848 2688 930 2755 alios
952 2708 1010 2772 pro
1033 2688 1179 2758 subsidio
1202 2695 1313 2759 nostre
1334 2710 1387 2760 cs·

105 2823 174 2871 iere
197 2809 435 2871 consueuerunt
458 2805 594 2884 soluere,
617 2802 714 2870 dictis
737 2803 857 2869 nostris
877 2799 1037 2884 fidelibus,
1059 2804 1234 2872 heredibus
1257 2809 1292 2872 ct
1313 2824 1385 2873 suc·

104 2919 272 2984 essoribus
306 2937 427 2998 eornm,
461 2918 642 2982 relaxemus
672 2920 705 2981 et
737 2915 913 2980 minuimus
943 2914 984 2981 de
1013 2916 1148 2997 speciali
1181 2918 1385 2986 celsitudinis

108 3038 200 3098 ostre
221 3032 331 3114 grecie
362 3032 419 3112 ita,
449 3029 534 3112 quod
565 3048 689 3095 exnunc
712 3029 843 3094 inantea
865 3048 923 3110 pro
945 3029 1093 3111 lozungis
1116 3035 1149 3096 et
1171 3031 1385 3099 contribucio·

106 3146 182 3211 ibus
216 3146 290 3211 aliis
325 3145 526 3210 solucionum
560 3148 593 3208 et
626 3142 797 3208 decionum
820 3142 971 3222 omnium,
1004 3144 1157 3225 quociens
1180 3147 1379 3228 emerserint,

104 3265 219 3340 nutum,
242 3263 399 3342 quantum
421 3259 510 3323 ciues
526 3258 566 3323 de
584 3257 676 3321 Luna
699 3262 731 3321 et
753 3275 817 3322 non
838 3256 912 3338 plus
934 3274 994 3322 neo
1016 3257 1133 3339 minus,
1157 3259 1234 3325 dere
1248 3264 1381 3326 tenean-

104 3393 138 3439 rr
172 3378 206 3438 et
239 3373 366 3438 soluere
400 3371 537 3437 debeant
566 3370 732 3452 perpetuis
762 3368 961 3452 temporibus
983 3367 1143 3436 offuturis.
1187 3371 1381 3439 Muudcmus

104 3505 197 3571 :equo
231 3485 393 3551 uniuersis
428 3489 461 3549 et
494 3483 631 3566 singulis
664 3481 856 3549 officialibus
882 3483 975 3565 regni
997 3481 1141 3564 Boemie,
1164 3484 1385 3567 cuiuscunque

104 3602 216 3681 radus,
240 3599 410 3683 dignitatis
433 3598 486 3664 uel
509 3597 708 3664 condicionis
731 3598 880 3677 existant,
904 3595 959 3679 qui
983 3601 1059 3661 suut
1080 3596 1133 3662 uel
1155 3615 1214 3680 pro
1236 3602 1380 3680 tempore

104 3716 215 3795 ierint,
249 3718 282 3779 et
305 3712 435 3778 omnino
458 3713 601 3779 volentes
623 3710 822 3794 iniungimus
846 3709 978 3790 seriose,
1003 3709 1088 3792 quod
1103 3728 1228 3776 exnunc
1249 3710 1383 3777 inantea

103 3833 174 3898 lues
209 3828 297 3894 dicte
331 3826 475 3892 ciuitatis
510 3827 543 3890 in
578 3824 743 3890 solucione
765 3824 974 3904 lonungerum
997 3826 1029 3886 et
1052 3822 1190 3888 aliorum
1212 3822 1382 3891 dccionum

103 3939 300 4010 unrumlibet
322 3939 416 4005 modo
439 3937 618 4021 prescripto
634 3937 822 4019 permittant
837 3934 1061 4001 fauorabiliter
1082 3940 1116 4002 et
1129 3936 1230 4002 nichil
1251 3936 1381 4019 penitus

103 4059 121 4124 b
153 4055 204 4122 eis
235 4054 374 4135 emplius
406 4053 536 4129 exigant
567 4058 599 4116 et
628 4051 796 4132 requirnnt
822 4049 882 4114 sub
904 4066 988 4130 pene
1010 4048 1121 4130 grcms
1143 4046 1382 4130 indignacionis

103 4177 203 4251 cette,
240 4186 345 4250 quern,
370 4167 425 4247 qui
448 4184 541 4231 secus
564 4168 757 4246 attemptare
779 4162 1022 4245 presumpserit,
1046 4180 1081 4227 sc
1103 4166 1217 4227 noscet
1238 4161 1383 4244 grauiter

103 4284 271 4352 tourrisse.
299 4279 506 4346 Prosencium
537 4277 596 4343 snb
619 4283 728 4343 nostre
750 4275 931 4342 maiestatis
955 4274 1061 4356 sigillo
1087 4273 1274 4341 testimonio
1295 4274 1381 4343 litte

103 4416 201 4465 crum.
250 4395 371 4460 Deturn
401 4393 505 4476 Proge
531 4411 614 4457 enno
638 4391 758 4457 domini
782 4389 954 4456 millesimo
977 4387 1201 4455 trecentesimo
1224 4388 1381 4471 quinquu-

103 4514 207 4581 esimo
243 4508 390 4589 septimo,
422 4506 467 4569 XI
489 4505 680 4584 indiccione,
712 4503 806 4571 Vlll⁰
838 4502 993 4568 kalendas
1016 4500 1107 4581 iulii,
1130 4518 1302 4583 regnorum
1324 4520 1380 4567 no·

107 4640 225 4692 rorum
248 4638 332 4686 enno
356 4618 532 4698 undecimo,
557 4619 685 4700 imperii
708 4636 782 4682 reno
806 4617 916 4682 tercio.

1174 4726 1224 4779 se*
