<?xml version="1.0" encoding="UTF-8"?>
<!DOCTYPE html PUBLIC "-//W3C//DTD XHTML 1.0 Transitional//EN"
    "http://www.w3.org/TR/xhtml1/DTD/xhtml1-transitional.dtd">
<html xmlns="http://www.w3.org/1999/xhtml" xml:lang="en" lang="en">
 <head>
  <title>
</title>
<meta http-equiv="Content-Type" content="text/html;charset=utf-8" />
  <meta name='ocr-system' content='tesseract 3.04.00' />
  <meta name='ocr-capabilities' content='ocr_page ocr_carea ocr_par ocr_line ocrx_word'/>
</head>
<body>
  <div class='ocr_page' id='page_1' title='image "./sbrkapramenprva01kingoog/sbrkapramenprva01kingoog_0255.png"; bbox 0 0 3098 5392; ppageno 0'>
   <div class='ocr_carea' id='block_1_1' title="bbox 127 456 831 523">
    <p class='ocr_par' dir='ltr' id='par_1_1' title="bbox 127 456 831 523">
     <span class='ocr_line' id='line_1_1' title="bbox 127 456 831 523; baseline -0.02 -2"><span class='ocrx_word' id='word_1_1' title='bbox 127 456 193 523; x_wconf 76' lang='lat' dir='ltr'>aad</span> <span class='ocrx_word' id='word_1_2' title='bbox 748 460 831 513; x_wconf 72' lang='lat' dir='ltr'>,raas</span> 
     </span>
    </p>
   </div>
   <div class='ocr_carea' id='block_1_2' title="bbox 129 662 1423 1539">
    <p class='ocr_par' dir='ltr' id='par_1_2' title="bbox 129 662 1423 1539">
     <span class='ocr_line' id='line_1_2' title="bbox 130 662 1380 747; baseline 0.002 -20"><span class='ocrx_word' id='word_1_3' title='bbox 130 665 239 729; x_wconf 73' lang='lat' dir='ltr'>lacincti</span> <span class='ocrx_word' id='word_1_4' title='bbox 255 684 317 746; x_wconf 84' lang='lat' dir='ltr'>pro</span> <span class='ocrx_word' id='word_1_5' title='bbox 331 663 430 746; x_wconf 70' lang='lat' dir='ltr'>aliuby</span> <span class='ocrx_word' id='word_1_6' title='bbox 452 665 490 730; x_wconf 82' lang='lat' dir='ltr'>do</span> <span class='ocrx_word' id='word_1_7' title='bbox 500 667 571 746; x_wconf 71' lang='lat' dir='ltr'>peti</span> <span class='ocrx_word' id='word_1_8' title='bbox 584 667 692 737; x_wconf 76' lang='lat' dir='ltr'>lur&#39;icen</span> <span class='ocrx_word' id='word_1_9' title='bbox 714 665 854 731; x_wconf 73' lang='lat' dir='ltr'>baa-latu</span> <span class='ocrx_word' id='word_1_10' title='bbox 870 665 953 747; x_wconf 79' lang='lat' dir='ltr'>pr&#39;ed</span> <span class='ocrx_word' id='word_1_11' title='bbox 974 662 1123 746; x_wconf 73' lang='lat' dir='ltr'>rpcbtdr&#39;e</span> <span class='ocrx_word' id='word_1_12' title='bbox 1144 663 1307 730; x_wconf 68' lang='lat' dir='ltr'>aioaldo</span> <span class='ocrx_word' id='word_1_13' title='bbox 1319 684 1380 747; x_wconf 76' lang='lat' dir='ltr'>opst</span> 
     </span>
     <span class='ocr_line' id='line_1_3' title="bbox 129 776 1423 863; baseline 0.002 -22"><span class='ocrx_word' id='word_1_14' title='bbox 129 780 209 843; x_wconf 74' lang='lat' dir='ltr'>corsi</span> <span class='ocrx_word' id='word_1_15' title='bbox 229 776 327 860; x_wconf 78' lang='lat' dir='ltr'>dlaby</span> <span class='ocrx_word' id='word_1_16' title='bbox 342 778 426 859; x_wconf 76' lang='lat' dir='ltr'>pr&#39;ed</span> <span class='ocrx_word' id='word_1_17' title='bbox 447 777 565 842; x_wconf 62' lang='lat' dir='ltr'>oddara</span> <span class='ocrx_word' id='word_1_18' title='bbox 585 776 762 860; x_wconf 70' lang='lat' dir='ltr'>trajectio.</span> <span class='ocrx_word' id='word_1_19' title='bbox 794 776 934 844; x_wconf 72' lang='lat' dir='ltr'>otiedne</span> <span class='ocrx_word' id='word_1_20' title='bbox 950 777 1068 860; x_wconf 60' lang='lat' dir='ltr'>plaude</span> <span class='ocrx_word' id='word_1_21' title='bbox 1089 798 1125 843; x_wconf 76' lang='lat' dir='ltr'>aa</span> <span class='ocrx_word' id='word_1_22' title='bbox 1144 777 1259 843; x_wconf 71' lang='lat' dir='ltr'>roodm</span> <span class='ocrx_word' id='word_1_23' title='bbox 1275 797 1312 860; x_wconf 88' lang='lat' dir='ltr'>po</span> <span class='ocrx_word' id='word_1_24' title='bbox 1329 776 1384 843; x_wconf 76' lang='lat' dir='ltr'>idi</span> <span class='ocrx_word' id='word_1_25' title='bbox 1420 828 1423 863; x_wconf 70' lang='lat'>,</span> 
     </span>
     <span class='ocr_line' id='line_1_4' title="bbox 130 871 1385 975; baseline 0.001 -19"><span class='ocrx_word' id='word_1_26' title='bbox 130 913 152 956; x_wconf 83' lang='lat' dir='ltr'>a</span> <span class='ocrx_word' id='word_1_27' title='bbox 175 888 286 957; x_wconf 72' lang='lat' dir='ltr'>Vltacd</span> <span class='ocrx_word' id='word_1_28' title='bbox 305 893 387 975; x_wconf 81' lang='lat' dir='ltr'>maji</span> <span class='ocrx_word' id='word_1_29' title='bbox 406 892 547 957; x_wconf 74' lang='lat' dir='ltr'>me&#39;itone&#39;</span> <span class='ocrx_word' id='word_1_30' title='bbox 567 871 684 956; x_wconf 74' lang='lat' dir='ltr'>Ustecti</span> <span class='ocrx_word' id='word_1_31' title='bbox 702 891 823 956; x_wconf 70' lang='grc' dir='ltr'><strong>οὶίοαοί</strong></span> <span class='ocrx_word' id='word_1_32' title='bbox 843 891 949 975; x_wconf 72' lang='lat' dir='ltr'>ty&#39;cbic</span> <span class='ocrx_word' id='word_1_33' title='bbox 963 891 1060 973; x_wconf 70' lang='lat' dir='ltr'>prov,</span> <span class='ocrx_word' id='word_1_34' title='bbox 1075 890 1156 974; x_wconf 72' lang='lat' dir='ltr'>jobo</span> <span class='ocrx_word' id='word_1_35' title='bbox 1177 892 1307 957; x_wconf 73' lang='grc' dir='ltr'><strong>οοὲὲίοοέ</strong></span> <span class='ocrx_word' id='word_1_36' title='bbox 1327 891 1385 956; x_wconf 76' lang='lat' dir='ltr'>ita</span> 
     </span>
     <span class='ocr_line' id='line_1_5' title="bbox 130 1003 1387 1088; baseline 0 -19"><span class='ocrx_word' id='word_1_37' title='bbox 130 1005 262 1080; x_wconf 69' lang='lat' dir='ltr'>mdr&#39;idtr&#39;,</span> <span class='ocrx_word' id='word_1_38' title='bbox 292 1003 436 1069; x_wconf 75' lang='grc' dir='ltr'><strong>οοοΙιοοοο</strong></span> <span class='ocrx_word' id='word_1_39' title='bbox 458 1026 503 1086; x_wconf 85' lang='lat' dir='ltr'>po</span> <span class='ocrx_word' id='word_1_40' title='bbox 524 1005 691 1086; x_wconf 71' lang='lat' dir='ltr'>replaceui</span> <span class='ocrx_word' id='word_1_41' title='bbox 704 1003 945 1088; x_wconf 73' lang='lat' dir='ltr'>pr&#39;cdcpsanp&#39;cb</span> <span class='ocrx_word' id='word_1_42' title='bbox 974 1003 1019 1071; x_wconf 74' lang='lat' dir='ltr'>cet</span> <span class='ocrx_word' id='word_1_43' title='bbox 1039 1005 1196 1070; x_wconf 70' lang='lat' dir='ltr'>acobodad</span> <span class='ocrx_word' id='word_1_44' title='bbox 1215 1004 1286 1070; x_wconf 73' lang='lat' dir='ltr'>obuli</span> <span class='ocrx_word' id='word_1_45' title='bbox 1312 1026 1330 1069; x_wconf 86' lang='lat' dir='ltr'>a</span> <span class='ocrx_word' id='word_1_46' title='bbox 1340 1003 1387 1087; x_wconf 70' lang='lat' dir='ltr'>idai</span> 
     </span>
     <span class='ocr_line' id='line_1_6' title="bbox 130 1095 1388 1199; baseline 0.002 -18"><span class='ocrx_word' id='word_1_47' title='bbox 130 1117 216 1183; x_wconf 72' lang='lat' dir='ltr'>oboli</span> <span class='ocrx_word' id='word_1_48' title='bbox 230 1136 275 1199; x_wconf 86' lang='lat' dir='ltr'>po</span> <span class='ocrx_word' id='word_1_49' title='bbox 296 1116 374 1181; x_wconf 72' lang='lat' dir='ltr'>uode</span> <span class='ocrx_word' id='word_1_50' title='bbox 388 1095 508 1198; x_wconf 73' lang='lat' dir='ltr'>placiti</span> <span class='ocrx_word' id='word_1_51' title='bbox 537 1139 558 1181; x_wconf 87' lang='lat' dir='ltr'>a</span> <span class='ocrx_word' id='word_1_52' title='bbox 580 1115 731 1184; x_wconf 75' lang='lat' dir='ltr'>slalddati.</span> <span class='ocrx_word' id='word_1_53' title='bbox 776 1118 923 1182; x_wconf 77' lang='lat' dir='ltr'>Konednc&#39;</span> <span class='ocrx_word' id='word_1_54' title='bbox 942 1117 1015 1183; x_wconf 70' lang='lat' dir='ltr'>mai</span> <span class='ocrx_word' id='word_1_55' title='bbox 1035 1115 1136 1183; x_wconf 70' lang='lat' dir='ltr'>tolon</span> <span class='ocrx_word' id='word_1_56' title='bbox 1157 1121 1257 1183; x_wconf 70' lang='grc' dir='ltr'><strong>οιέοοο</strong></span> <span class='ocrx_word' id='word_1_57' title='bbox 1279 1116 1388 1197; x_wconf 53' lang='lat' dir='ltr'>amasii</span> 
     </span>
     <span class='ocr_line' id='line_1_7' title="bbox 130 1229 1388 1313; baseline -0.001 -17"><span class='ocrx_word' id='word_1_58' title='bbox 130 1252 164 1296; x_wconf 83' lang='lat' dir='ltr'>sc</span> <span class='ocrx_word' id='word_1_59' title='bbox 184 1229 317 1312; x_wconf 68' lang='lat' dir='ltr'>cseebny</span> <span class='ocrx_word' id='word_1_60' title='bbox 333 1230 501 1312; x_wconf 72' lang='lat' dir='ltr'>ploos-erp,</span> <span class='ocrx_word' id='word_1_61' title='bbox 523 1230 677 1313; x_wconf 71' lang='lat' dir='ltr'>stada-op</span> <span class='ocrx_word' id='word_1_62' title='bbox 699 1252 720 1294; x_wconf 88' lang='lat' dir='ltr'>a</span> <span class='ocrx_word' id='word_1_63' title='bbox 742 1229 859 1313; x_wconf 78' lang='lat' dir='ltr'>krc&#39;my,</span> <span class='ocrx_word' id='word_1_64' title='bbox 875 1229 972 1313; x_wconf 69' lang='lat' dir='ltr'>jaboc*</span> <span class='ocrx_word' id='word_1_65' title='bbox 1000 1233 1014 1296; x_wconf 80' lang='lat' dir='ltr'>i</span> <span class='ocrx_word' id='word_1_66' title='bbox 1024 1230 1240 1313; x_wconf 77' lang='lat' dir='ltr'>proooaoodua&#39;</span> <span class='ocrx_word' id='word_1_67' title='bbox 1253 1229 1388 1313; x_wconf 54' lang='lat' dir='ltr'>potuim</span> 
     </span>
     <span class='ocr_line' id='line_1_8' title="bbox 129 1323 1390 1426; baseline -0.003 -18"><span class='ocrx_word' id='word_1_68' title='bbox 129 1343 286 1418; x_wconf 75' lang='lat' dir='ltr'>r&#39;eauictor&#39;,</span> <span class='ocrx_word' id='word_1_69' title='bbox 309 1344 487 1417; x_wconf 70' lang='lat' dir='ltr'>devcoostut,</span> <span class='ocrx_word' id='word_1_70' title='bbox 519 1340 682 1409; x_wconf 52' lang='lat' dir='ltr'>accersat</span> <span class='ocrx_word' id='word_1_71' title='bbox 702 1365 723 1408; x_wconf 86' lang='lat' dir='ltr'>a</span> <span class='ocrx_word' id='word_1_72' title='bbox 744 1341 934 1409; x_wconf 61' lang='lat' dir='ltr'>bertuccolo?</span> <span class='ocrx_word' id='word_1_73' title='bbox 954 1341 1064 1426; x_wconf 75' lang='lat' dir='ltr'>jindbo</span> <span class='ocrx_word' id='word_1_74' title='bbox 1087 1344 1232 1419; x_wconf 78' lang='lat' dir='ltr'>r&#39;emeslo,</span> <span class='ocrx_word' id='word_1_75' title='bbox 1262 1365 1283 1409; x_wconf 87' lang='grc' dir='ltr'><strong>ο</strong></span> <span class='ocrx_word' id='word_1_76' title='bbox 1306 1323 1390 1408; x_wconf 67' lang='lat' dir='ltr'>cladi</span> 
     </span>
     <span class='ocr_line' id='line_1_9' title="bbox 224 1455 1325 1539; baseline -0.001 -18"><span class='ocrx_word' id='word_1_77' title='bbox 224 1459 306 1538; x_wconf 76' lang='lat' dir='ltr'>artojt&#39;</span> <span class='ocrx_word' id='word_1_78' title='bbox 319 1456 424 1539; x_wconf 80' lang='lat' dir='ltr'>proice</span> <span class='ocrx_word' id='word_1_79' title='bbox 445 1477 463 1521; x_wconf 76' lang='lat' dir='ltr'>a</span> <span class='ocrx_word' id='word_1_80' title='bbox 485 1455 597 1522; x_wconf 68' lang='lat' dir='ltr'>obresat</span> <span class='ocrx_word' id='word_1_81' title='bbox 618 1455 791 1522; x_wconf 71' lang='lat' dir='ltr'>rndstske&#39;bo</span> <span class='ocrx_word' id='word_1_82' title='bbox 813 1456 945 1538; x_wconf 70' lang='lat' dir='ltr'>tdccbny</span> <span class='ocrx_word' id='word_1_83' title='bbox 967 1455 1157 1539; x_wconf 52' lang='lat' dir='ltr'>&amp;meluiky</span> <span class='ocrx_word' id='word_1_84' title='bbox 1177 1457 1325 1539; x_wconf 75' lang='lat' dir='ltr'>cypuditi.</span> 
     </span>
    </p>
   </div>
   <div class='ocr_carea' id='block_1_3' title="bbox 128 1682 1400 4256">
    <p class='ocr_par' dir='ltr' id='par_1_3' title="bbox 128 1682 1400 4256">
     <span class='ocr_line' id='line_1_10' title="bbox 234 1682 1389 1767; baseline -0.002 -19"><span class='ocrx_word' id='word_1_85' title='bbox 234 1683 302 1749; x_wconf 88' lang='lat' dir='ltr'>Nos</span> <span class='ocrx_word' id='word_1_86' title='bbox 324 1684 489 1750; x_wconf 78' lang='lat' dir='ltr'>lohannes</span> <span class='ocrx_word' id='word_1_87' title='bbox 512 1684 563 1749; x_wconf 90' lang='lat' dir='ltr'>dei</span> <span class='ocrx_word' id='word_1_88' title='bbox 588 1685 698 1767; x_wconf 79' lang='lat' dir='ltr'>gracia</span> <span class='ocrx_word' id='word_1_89' title='bbox 721 1685 854 1751; x_wconf 92' lang='lat' dir='ltr'>Boemie</span> <span class='ocrx_word' id='word_1_90' title='bbox 884 1689 916 1750; x_wconf 90' lang='lat' dir='ltr'>et</span> <span class='ocrx_word' id='word_1_91' title='bbox 938 1684 1071 1750; x_wconf 92' lang='lat' dir='ltr'>Polonie</span> <span class='ocrx_word' id='word_1_92' title='bbox 1093 1702 1151 1749; x_wconf 82' lang='lat' dir='ltr'>rex</span> <span class='ocrx_word' id='word_1_93' title='bbox 1172 1702 1212 1750; x_wconf 89' lang='lat' dir='ltr'>ac</span> <span class='ocrx_word' id='word_1_94' title='bbox 1234 1682 1389 1750; x_wconf 88' lang='lat' dir='ltr'>Lucenbur·</span> 
     </span>
     <span class='ocr_line' id='line_1_11' title="bbox 129 1798 1389 1881; baseline -0.003 -18"><span class='ocrx_word' id='word_1_95' title='bbox 129 1799 240 1880; x_wconf 86' lang='lat' dir='ltr'>gensis</span> <span class='ocrx_word' id='word_1_96' title='bbox 271 1817 387 1880; x_wconf 86' lang='lat' dir='ltr'>comes,</span> <span class='ocrx_word' id='word_1_97' title='bbox 421 1798 463 1863; x_wconf 92' lang='lat' dir='ltr'>ad</span> <span class='ocrx_word' id='word_1_98' title='bbox 485 1801 710 1865; x_wconf 85' lang='lat' dir='ltr'>uniuersorum</span> <span class='ocrx_word' id='word_1_99' title='bbox 732 1805 798 1863; x_wconf 89' lang='lat' dir='ltr'>tarn</span> <span class='ocrx_word' id='word_1_100' title='bbox 817 1799 1020 1880; x_wconf 84' lang='lat' dir='ltr'>presencium</span> <span class='ocrx_word' id='word_1_101' title='bbox 1041 1817 1138 1881; x_wconf 88' lang='lat' dir='ltr'>quam</span> <span class='ocrx_word' id='word_1_102' title='bbox 1167 1798 1337 1864; x_wconf 88' lang='lat' dir='ltr'>futurorum</span> <span class='ocrx_word' id='word_1_103' title='bbox 1352 1814 1389 1860; x_wconf 87' lang='lat' dir='ltr'>no</span> 
     </span>
     <span class='ocr_line' id='line_1_12' title="bbox 130 1906 1391 1994; baseline -0.001 -20"><span class='ocrx_word' id='word_1_104' title='bbox 130 1912 241 1976; x_wconf 83' lang='lat' dir='ltr'>tioium</span> <span class='ocrx_word' id='word_1_105' title='bbox 263 1914 375 1976; x_wconf 88' lang='lat' dir='ltr'>tenore</span> <span class='ocrx_word' id='word_1_106' title='bbox 396 1912 598 1992; x_wconf 90' lang='lat' dir='ltr'>presencium</span> <span class='ocrx_word' id='word_1_107' title='bbox 613 1912 760 1977; x_wconf 86' lang='lat' dir='ltr'>uolumus</span> <span class='ocrx_word' id='word_1_108' title='bbox 782 1912 963 1993; x_wconf 91' lang='lat' dir='ltr'>peruenire,</span> <span class='ocrx_word' id='word_1_109' title='bbox 987 1909 1176 1994; x_wconf 75' lang='lat' dir='ltr'>quodcum</span> <span class='ocrx_word' id='word_1_110' title='bbox 1198 1910 1240 1976; x_wconf 92' lang='lat' dir='ltr'>ad</span> <span class='ocrx_word' id='word_1_111' title='bbox 1253 1911 1334 1993; x_wconf 85' lang='lat' dir='ltr'>regie</span> <span class='ocrx_word' id='word_1_112' title='bbox 1349 1906 1391 1973; x_wconf 88' lang='lat' dir='ltr'>ccl·</span> 
     </span>
     <span class='ocr_line' id='line_1_13' title="bbox 132 2020 1392 2107; baseline -0.002 -19"><span class='ocrx_word' id='word_1_113' title='bbox 132 2024 285 2089; x_wconf 84' lang='lat' dir='ltr'>situdinis</span> <span class='ocrx_word' id='word_1_114' title='bbox 308 2024 433 2105; x_wconf 82' lang='lat' dir='ltr'>apicem</span> <span class='ocrx_word' id='word_1_115' title='bbox 463 2026 575 2090; x_wconf 88' lang='lat' dir='ltr'>diuina</span> <span class='ocrx_word' id='word_1_116' title='bbox 596 2024 726 2091; x_wconf 86' lang='lat' dir='ltr'>fauente</span> <span class='ocrx_word' id='word_1_117' title='bbox 759 2024 870 2107; x_wconf 82' lang='lat' dir='ltr'>gracia</span> <span class='ocrx_word' id='word_1_118' title='bbox 899 2024 1025 2090; x_wconf 91' lang='lat' dir='ltr'>euocati</span> <span class='ocrx_word' id='word_1_119' title='bbox 1048 2023 1219 2091; x_wconf 84' lang='lat' dir='ltr'>uniuersos</span> <span class='ocrx_word' id='word_1_120' title='bbox 1247 2030 1345 2091; x_wconf 83' lang='lat' dir='ltr'>nostro</span> <span class='ocrx_word' id='word_1_121' title='bbox 1359 2020 1392 2085; x_wconf 91' lang='lat' dir='ltr'>di·</span> 
     </span>
     <span class='ocr_line' id='line_1_14' title="bbox 132 2135 1391 2221; baseline -0.002 -21"><span class='ocrx_word' id='word_1_122' title='bbox 132 2136 217 2200; x_wconf 92' lang='lat' dir='ltr'>cioni</span> <span class='ocrx_word' id='word_1_123' title='bbox 241 2135 386 2201; x_wconf 88' lang='lat' dir='ltr'>subditos</span> <span class='ocrx_word' id='word_1_124' title='bbox 416 2138 456 2202; x_wconf 90' lang='lat' dir='ltr'>ab</span> <span class='ocrx_word' id='word_1_125' title='bbox 479 2139 767 2221; x_wconf 85' lang='lat' dir='ltr'>indempnitatibus</span> <span class='ocrx_word' id='word_1_126' title='bbox 801 2143 834 2204; x_wconf 92' lang='lat' dir='ltr'>et</span> <span class='ocrx_word' id='word_1_127' title='bbox 855 2138 1009 2220; x_wconf 88' lang='lat' dir='ltr'>perieulis</span> <span class='ocrx_word' id='word_1_128' title='bbox 1039 2156 1232 2219; x_wconf 87' lang='lat' dir='ltr'>preseruare</span> <span class='ocrx_word' id='word_1_129' title='bbox 1259 2143 1292 2203; x_wconf 89' lang='lat' dir='ltr'>et</span> <span class='ocrx_word' id='word_1_130' title='bbox 1309 2152 1391 2203; x_wconf 87' lang='lat' dir='ltr'>corun</span> 
     </span>
     <span class='ocr_line' id='line_1_15' title="bbox 131 2248 1394 2332; baseline -0.002 -19"><span class='ocrx_word' id='word_1_131' title='bbox 131 2248 312 2330; x_wconf 80' lang='lat' dir='ltr'>dispendiis</span> <span class='ocrx_word' id='word_1_132' title='bbox 346 2269 385 2315; x_wconf 86' lang='lat' dir='ltr'>ex</span> <span class='ocrx_word' id='word_1_133' title='bbox 408 2252 549 2332; x_wconf 87' lang='lat' dir='ltr'>suscepti</span> <span class='ocrx_word' id='word_1_134' title='bbox 572 2251 724 2317; x_wconf 90' lang='lat' dir='ltr'>culminis</span> <span class='ocrx_word' id='word_1_135' title='bbox 746 2249 854 2316; x_wconf 84' lang='lat' dir='ltr'>officio</span> <span class='ocrx_word' id='word_1_136' title='bbox 875 2251 929 2332; x_wconf 88' lang='lat' dir='ltr'>pie</span> <span class='ocrx_word' id='word_1_137' title='bbox 951 2267 1140 2315; x_wconf 87' lang='lat' dir='ltr'>succurrere</span> <span class='ocrx_word' id='word_1_138' title='bbox 1161 2254 1331 2329; x_wconf 82' lang='lat' dir='ltr'>teneamur,</span> <span class='ocrx_word' id='word_1_139' title='bbox 1352 2262 1394 2311; x_wconf 81' lang='lat' dir='ltr'>nos</span> 
     </span>
     <span class='ocr_line' id='line_1_16' title="bbox 131 2361 1395 2444; baseline -0.002 -19"><span class='ocrx_word' id='word_1_140' title='bbox 131 2361 172 2425; x_wconf 91' lang='lat' dir='ltr'>ad</span> <span class='ocrx_word' id='word_1_141' title='bbox 196 2379 243 2441; x_wconf 87' lang='lat' dir='ltr'>ea,</span> <span class='ocrx_word' id='word_1_142' title='bbox 267 2380 306 2426; x_wconf 81' lang='lat' dir='ltr'>ex</span> <span class='ocrx_word' id='word_1_143' title='bbox 329 2362 445 2444; x_wconf 87' lang='lat' dir='ltr'>quibus</span> <span class='ocrx_word' id='word_1_144' title='bbox 468 2363 659 2429; x_wconf 91' lang='lat' dir='ltr'>dilectorum</span> <span class='ocrx_word' id='word_1_145' title='bbox 687 2362 780 2428; x_wconf 88' lang='lat' dir='ltr'>nobis</span> <span class='ocrx_word' id='word_1_146' title='bbox 803 2363 923 2428; x_wconf 93' lang='lat' dir='ltr'>ciuium</span> <span class='ocrx_word' id='word_1_147' title='bbox 952 2368 1137 2428; x_wconf 87' lang='lat' dir='ltr'>nostrorum</span> <span class='ocrx_word' id='word_1_148' title='bbox 1158 2361 1343 2429; x_wconf 87' lang='lat' dir='ltr'>Vacensium</span> <span class='ocrx_word' id='word_1_149' title='bbox 1359 2378 1395 2424; x_wconf 87' lang='lat' dir='ltr'>au·</span> 
     </span>
     <span class='ocr_line' id='line_1_17' title="bbox 131 2474 1396 2558; baseline 0.002 -20"><span class='ocrx_word' id='word_1_150' title='bbox 131 2493 188 2555; x_wconf 92' lang='lat' dir='ltr'>per</span> <span class='ocrx_word' id='word_1_151' title='bbox 218 2475 320 2539; x_wconf 80' lang='lat' dir='ltr'>Albea</span> <span class='ocrx_word' id='word_1_152' title='bbox 353 2476 594 2541; x_wconf 77' lang='lat' dir='ltr'>commoditates</span> <span class='ocrx_word' id='word_1_153' title='bbox 624 2481 658 2542; x_wconf 91' lang='lat' dir='ltr'>et</span> <span class='ocrx_word' id='word_1_154' title='bbox 679 2475 841 2557; x_wconf 86' lang='lat' dir='ltr'>proiectus</span> <span class='ocrx_word' id='word_1_155' title='bbox 864 2494 996 2557; x_wconf 76' lang='lat' dir='ltr'>stagera</span> <span class='ocrx_word' id='word_1_156' title='bbox 1025 2474 1187 2541; x_wconf 87' lang='lat' dir='ltr'>credimus</span> <span class='ocrx_word' id='word_1_157' title='bbox 1220 2480 1396 2558; x_wconf 77' lang='lat' dir='ltr'>opportuna</span> 
     </span>
     <span class='ocr_line' id='line_1_18' title="bbox 131 2586 1398 2670; baseline 0.007 -19"><span class='ocrx_word' id='word_1_158' title='bbox 131 2587 269 2652; x_wconf 89' lang='lat' dir='ltr'>sollicite</span> <span class='ocrx_word' id='word_1_159' title='bbox 291 2588 409 2653; x_wconf 87' lang='lat' dir='ltr'>mentis</span> <span class='ocrx_word' id='word_1_160' title='bbox 433 2594 542 2653; x_wconf 88' lang='lat' dir='ltr'>nostre</span> <span class='ocrx_word' id='word_1_161' title='bbox 565 2589 668 2653; x_wconf 87' lang='lat' dir='ltr'>aciem</span> <span class='ocrx_word' id='word_1_162' title='bbox 690 2587 867 2670; x_wconf 88' lang='lat' dir='ltr'>dirigentes</span> <span class='ocrx_word' id='word_1_163' title='bbox 889 2588 971 2669; x_wconf 89' lang='lat' dir='ltr'>ipsis</span> <span class='ocrx_word' id='word_1_164' title='bbox 987 2606 1085 2669; x_wconf 89' lang='lat' dir='ltr'>super</span> <span class='ocrx_word' id='word_1_165' title='bbox 1107 2593 1228 2654; x_wconf 88' lang='lat' dir='ltr'>euentu</span> <span class='ocrx_word' id='word_1_166' title='bbox 1250 2586 1398 2659; x_wconf 83' lang='lat' dir='ltr'>infortuitn</span> 
     </span>
     <span class='ocr_line' id='line_1_19' title="bbox 131 2697 1400 2783; baseline 0 -21"><span class='ocrx_word' id='word_1_167' title='bbox 131 2718 193 2779; x_wconf 87' lang='lat' dir='ltr'>quo</span> <span class='ocrx_word' id='word_1_168' title='bbox 217 2718 332 2765; x_wconf 92' lang='lat' dir='ltr'>eorum</span> <span class='ocrx_word' id='word_1_169' title='bbox 355 2701 538 2783; x_wconf 82' lang='lat' dir='ltr'>priuilegia,</span> <span class='ocrx_word' id='word_1_170' title='bbox 562 2702 689 2766; x_wconf 86' lang='lat' dir='ltr'>ciuitati</span> <span class='ocrx_word' id='word_1_171' title='bbox 711 2699 900 2766; x_wconf 77' lang='lat' dir='ltr'>nostrel&#39;sk</span> <span class='ocrx_word' id='word_1_172' title='bbox 922 2718 1020 2782; x_wconf 88' lang='lat' dir='ltr'>super</span> <span class='ocrx_word' id='word_1_173' title='bbox 1041 2699 1144 2765; x_wconf 87' lang='lat' dir='ltr'>Albea</span> <span class='ocrx_word' id='word_1_174' title='bbox 1166 2701 1201 2767; x_wconf 90' lang='lat' dir='ltr'>in</span> <span class='ocrx_word' id='word_1_175' title='bbox 1223 2699 1295 2765; x_wconf 89' lang='lat' dir='ltr'>eius</span> <span class='ocrx_word' id='word_1_176' title='bbox 1313 2697 1400 2764; x_wconf 74' lang='lat' dir='ltr'>lunda·</span> 
     </span>
     <span class='ocr_line' id='line_1_20' title="bbox 132 2811 1399 2894; baseline -0.002 -17"><span class='ocrx_word' id='word_1_177' title='bbox 132 2813 235 2879; x_wconf 90' lang='lat' dir='ltr'>cionis</span> <span class='ocrx_word' id='word_1_178' title='bbox 258 2814 443 2893; x_wconf 87' lang='lat' dir='ltr'>primordiis</span> <span class='ocrx_word' id='word_1_179' title='bbox 465 2814 618 2894; x_wconf 87' lang='lat' dir='ltr'>perdide</span> <span class='ocrx_word' id='word_1_180' title='bbox 639 2813 791 2879; x_wconf 88' lang='lat' dir='ltr'>memorie</span> <span class='ocrx_word' id='word_1_181' title='bbox 813 2813 972 2878; x_wconf 90' lang='lat' dir='ltr'>illustrem</span> <span class='ocrx_word' id='word_1_182' title='bbox 994 2811 1160 2878; x_wconf 90' lang='lat' dir='ltr'>dominum</span> <span class='ocrx_word' id='word_1_183' title='bbox 1192 2813 1325 2879; x_wconf 85' lang='lat' dir='ltr'>condam</span> <span class='ocrx_word' id='word_1_184' title='bbox 1343 2811 1399 2877; x_wconf 85' lang='lat' dir='ltr'>bu·</span> 
     </span>
     <span class='ocr_line' id='line_1_21' title="bbox 129 2926 1399 3009; baseline -0.002 -19"><span class='ocrx_word' id='word_1_185' title='bbox 129 2927 252 3007; x_wconf 88' lang='lat' dir='ltr'>karum,</span> <span class='ocrx_word' id='word_1_186' title='bbox 276 2927 408 2992; x_wconf 86' lang='lat' dir='ltr'>Boemie</span> <span class='ocrx_word' id='word_1_187' title='bbox 429 2946 547 3008; x_wconf 87' lang='lat' dir='ltr'>regem,</span> <span class='ocrx_word' id='word_1_188' title='bbox 571 2928 697 2992; x_wconf 89' lang='lat' dir='ltr'>indulta</span> <span class='ocrx_word' id='word_1_189' title='bbox 719 2933 752 2993; x_wconf 89' lang='lat' dir='ltr'>et</span> <span class='ocrx_word' id='word_1_190' title='bbox 774 2944 927 2994; x_wconf 87' lang='lat' dir='ltr'>concessa</span> <span class='ocrx_word' id='word_1_191' title='bbox 949 2944 987 2991; x_wconf 90' lang='lat' dir='ltr'>ac</span> <span class='ocrx_word' id='word_1_192' title='bbox 1009 2943 1067 3009; x_wconf 91' lang='lat' dir='ltr'>per</span> <span class='ocrx_word' id='word_1_193' title='bbox 1089 2926 1399 2992; x_wconf 89' lang='lat' dir='ltr'>illustremdominuu</span> 
     </span>
     <span class='ocr_line' id='line_1_22' title="bbox 130 3020 1399 3122; baseline -0.002 -18"><span class='ocrx_word' id='word_1_194' title='bbox 130 3040 264 3104; x_wconf 87' lang='lat' dir='ltr'>condam</span> <span class='ocrx_word' id='word_1_195' title='bbox 280 3040 533 3119; x_wconf 79' lang='lat' dir='ltr'>wenczeslaum,</span> <span class='ocrx_word' id='word_1_196' title='bbox 555 3041 657 3105; x_wconf 91' lang='lat' dir='ltr'>eciam</span> <span class='ocrx_word' id='word_1_197' title='bbox 673 3041 805 3106; x_wconf 89' lang='lat' dir='ltr'>Boemie</span> <span class='ocrx_word' id='word_1_198' title='bbox 818 3058 937 3122; x_wconf 87' lang='lat' dir='ltr'>regem,</span> <span class='ocrx_word' id='word_1_199' title='bbox 961 3058 1107 3106; x_wconf 82' lang='lat' dir='ltr'>secenum</span> <span class='ocrx_word' id='word_1_200' title='bbox 1119 3045 1152 3105; x_wconf 89' lang='lat' dir='ltr'>et</span> <span class='ocrx_word' id='word_1_201' title='bbox 1167 3020 1399 3122; x_wconf 78' lang='lat' dir='ltr'>predecessores</span> 
     </span>
     <span class='ocr_line' id='line_1_23' title="bbox 129 3152 1400 3237; baseline -0.002 -21"><span class='ocrx_word' id='word_1_202' title='bbox 129 3158 275 3219; x_wconf 87' lang='lat' dir='ltr'>nostrum</span> <span class='ocrx_word' id='word_1_203' title='bbox 298 3154 514 3234; x_wconf 89' lang='lat' dir='ltr'>karissimum,</span> <span class='ocrx_word' id='word_1_204' title='bbox 539 3160 634 3234; x_wconf 90' lang='lat' dir='ltr'>prout</span> <span class='ocrx_word' id='word_1_205' title='bbox 650 3154 742 3219; x_wconf 89' lang='lat' dir='ltr'>nobis</span> <span class='ocrx_word' id='word_1_206' title='bbox 765 3155 915 3233; x_wconf 90' lang='lat' dir='ltr'>innotuit,</span> <span class='ocrx_word' id='word_1_207' title='bbox 938 3152 1134 3234; x_wconf 86' lang='lat' dir='ltr'>confirmata,</span> <span class='ocrx_word' id='word_1_208' title='bbox 1154 3154 1233 3237; x_wconf 88' lang='lat' dir='ltr'>jura</span> <span class='ocrx_word' id='word_1_209' title='bbox 1250 3170 1353 3220; x_wconf 87' lang='lat' dir='ltr'>eorum</span> <span class='ocrx_word' id='word_1_210' title='bbox 1364 3165 1400 3214; x_wconf 78' lang='lat' dir='ltr'>ex·</span> 
     </span>
     <span class='ocr_line' id='line_1_24' title="bbox 130 3266 1399 3349; baseline -0.004 -19"><span class='ocrx_word' id='word_1_211' title='bbox 130 3285 241 3348; x_wconf 89' lang='lat' dir='ltr'>presse</span> <span class='ocrx_word' id='word_1_212' title='bbox 271 3285 343 3330; x_wconf 92' lang='lat' dir='ltr'>cum</span> <span class='ocrx_word' id='word_1_213' title='bbox 365 3267 528 3332; x_wconf 90' lang='lat' dir='ltr'>nonnullis</span> <span class='ocrx_word' id='word_1_214' title='bbox 552 3266 754 3331; x_wconf 86' lang='lat' dir='ltr'>libertatibus</span> <span class='ocrx_word' id='word_1_215' title='bbox 776 3286 814 3332; x_wconf 89' lang='lat' dir='ltr'>ao</span> <span class='ocrx_word' id='word_1_216' title='bbox 837 3267 956 3348; x_wconf 81' lang='lat' dir='ltr'>graciis</span> <span class='ocrx_word' id='word_1_217' title='bbox 979 3266 1192 3348; x_wconf 84' lang='lat' dir='ltr'>continencia,</span> <span class='ocrx_word' id='word_1_218' title='bbox 1227 3266 1312 3349; x_wconf 83' lang='lat' dir='ltr'>iguis</span> <span class='ocrx_word' id='word_1_219' title='bbox 1331 3278 1399 3329; x_wconf 84' lang='lat' dir='ltr'>rora·</span> 
     </span>
     <span class='ocr_line' id='line_1_25' title="bbox 129 3379 1398 3462; baseline -0.003 -19"><span class='ocrx_word' id='word_1_220' title='bbox 129 3380 236 3459; x_wconf 88' lang='lat' dir='ltr'>ginern</span> <span class='ocrx_word' id='word_1_221' title='bbox 258 3380 463 3444; x_wconf 86' lang='lat' dir='ltr'>absorbuisse</span> <span class='ocrx_word' id='word_1_222' title='bbox 486 3379 669 3459; x_wconf 79' lang='lat' dir='ltr'>didicimus,</span> <span class='ocrx_word' id='word_1_223' title='bbox 702 3379 742 3444; x_wconf 89' lang='lat' dir='ltr'>de</span> <span class='ocrx_word' id='word_1_224' title='bbox 764 3385 873 3445; x_wconf 88' lang='lat' dir='ltr'>nostre</span> <span class='ocrx_word' id='word_1_225' title='bbox 895 3379 1106 3461; x_wconf 86' lang='lat' dir='ltr'>benignitatis</span> <span class='ocrx_word' id='word_1_226' title='bbox 1128 3379 1330 3462; x_wconf 90' lang='lat' dir='ltr'>plenitudine</span> <span class='ocrx_word' id='word_1_227' title='bbox 1347 3392 1398 3459; x_wconf 79' lang='lat' dir='ltr'>pre</span> 
     </span>
     <span class='ocr_line' id='line_1_26' title="bbox 130 3486 1398 3577; baseline -0.003 -20"><span class='ocrx_word' id='word_1_228' title='bbox 130 3493 205 3558; x_wconf 87' lang='lat' dir='ltr'>uide</span> <span class='ocrx_word' id='word_1_229' title='bbox 227 3493 377 3558; x_wconf 81' lang='lat' dir='ltr'>duximus</span> <span class='ocrx_word' id='word_1_230' title='bbox 402 3493 659 3558; x_wconf 81' lang='lat' dir='ltr'>sirccurrendum.</span> <span class='ocrx_word' id='word_1_231' title='bbox 685 3493 837 3559; x_wconf 81' lang='lat' dir='ltr'>Volentes</span> <span class='ocrx_word' id='word_1_232' title='bbox 860 3495 968 3577; x_wconf 90' lang='lat' dir='ltr'>itaque</span> <span class='ocrx_word' id='word_1_233' title='bbox 990 3494 1079 3575; x_wconf 88' lang='lat' dir='ltr'>ipsos</span> <span class='ocrx_word' id='word_1_234' title='bbox 1102 3498 1231 3559; x_wconf 84' lang='lat' dir='ltr'>nostros</span> <span class='ocrx_word' id='word_1_235' title='bbox 1254 3494 1339 3559; x_wconf 86' lang='lat' dir='ltr'>ciues</span> <span class='ocrx_word' id='word_1_236' title='bbox 1357 3486 1398 3553; x_wconf 79' lang='lat' dir='ltr'>ic</span> 
     </span>
     <span class='ocr_line' id='line_1_27' title="bbox 129 3600 1398 3687; baseline -0.004 -16"><span class='ocrx_word' id='word_1_237' title='bbox 129 3625 241 3671; x_wconf 86' lang='lat' dir='ltr'>censes</span> <span class='ocrx_word' id='word_1_238' title='bbox 264 3625 302 3672; x_wconf 90' lang='lat' dir='ltr'>ac</span> <span class='ocrx_word' id='word_1_239' title='bbox 325 3626 435 3671; x_wconf 79' lang='lat' dir='ltr'>eorunm</span> <span class='ocrx_word' id='word_1_240' title='bbox 458 3626 660 3672; x_wconf 85' lang='lat' dir='ltr'>successores</span> <span class='ocrx_word' id='word_1_241' title='bbox 679 3607 818 3687; x_wconf 74' lang='lat' dir='ltr'>iuribus,</span> <span class='ocrx_word' id='word_1_242' title='bbox 841 3606 1046 3671; x_wconf 87' lang='lat' dir='ltr'>libertatibus</span> <span class='ocrx_word' id='word_1_243' title='bbox 1068 3623 1193 3672; x_wconf 84' lang='lat' dir='ltr'>necnon</span> <span class='ocrx_word' id='word_1_244' title='bbox 1220 3600 1398 3673; x_wconf 84' lang='lat' dir='ltr'>consuetudi·</span> 
     </span>
     <span class='ocr_line' id='line_1_28' title="bbox 128 3712 1398 3802; baseline -0.001 -18"><span class='ocrx_word' id='word_1_245' title='bbox 128 3720 233 3799; x_wconf 91' lang='lat' dir='ltr'>nibus,</span> <span class='ocrx_word' id='word_1_246' title='bbox 257 3720 374 3801; x_wconf 88' lang='lat' dir='ltr'>quibus</span> <span class='ocrx_word' id='word_1_247' title='bbox 399 3720 563 3802; x_wconf 89' lang='lat' dir='ltr'>lmcusque</span> <span class='ocrx_word' id='word_1_248' title='bbox 585 3720 659 3785; x_wconf 89' lang='lat' dir='ltr'>lreti</span> <span class='ocrx_word' id='word_1_249' title='bbox 684 3727 768 3799; x_wconf 92' lang='lat' dir='ltr'>sunt,</span> <span class='ocrx_word' id='word_1_250' title='bbox 800 3721 930 3785; x_wconf 87' lang='lat' dir='ltr'>inantea</span> <span class='ocrx_word' id='word_1_251' title='bbox 952 3718 1075 3801; x_wconf 85' lang='lat' dir='ltr'>perfrui</span> <span class='ocrx_word' id='word_1_252' title='bbox 1106 3724 1140 3785; x_wconf 91' lang='lat' dir='ltr'>et</span> <span class='ocrx_word' id='word_1_253' title='bbox 1161 3720 1313 3802; x_wconf 84' lang='lat' dir='ltr'>gaudere,</span> <span class='ocrx_word' id='word_1_254' title='bbox 1339 3712 1398 3799; x_wconf 80' lang='lat' dir='ltr'>ipa</span> 
     </span>
     <span class='ocr_line' id='line_1_29' title="bbox 129 3830 1398 3915; baseline 0.001 -18"><span class='ocrx_word' id='word_1_255' title='bbox 129 3833 169 3898; x_wconf 88' lang='lat' dir='ltr'>de</span> <span class='ocrx_word' id='word_1_256' title='bbox 193 3834 326 3914; x_wconf 87' lang='lat' dir='ltr'>speciali</span> <span class='ocrx_word' id='word_1_257' title='bbox 348 3834 457 3915; x_wconf 78' lang='lat' dir='ltr'>gracia</span> <span class='ocrx_word' id='word_1_258' title='bbox 480 3834 682 3915; x_wconf 86' lang='lat' dir='ltr'>irnlulgemus</span> <span class='ocrx_word' id='word_1_259' title='bbox 706 3839 739 3898; x_wconf 88' lang='lat' dir='ltr'>et</span> <span class='ocrx_word' id='word_1_260' title='bbox 761 3852 799 3898; x_wconf 84' lang='lat' dir='ltr'>es</span> <span class='ocrx_word' id='word_1_261' title='bbox 815 3838 902 3898; x_wconf 87' lang='lat' dir='ltr'>certa</span> <span class='ocrx_word' id='word_1_262' title='bbox 925 3837 1036 3898; x_wconf 89' lang='lat' dir='ltr'>nostra</span> <span class='ocrx_word' id='word_1_263' title='bbox 1056 3832 1199 3898; x_wconf 86' lang='lat' dir='ltr'>sciencia</span> <span class='ocrx_word' id='word_1_264' title='bbox 1221 3830 1398 3899; x_wconf 78' lang='lat' dir='ltr'>coucediull</span> 
     </span>
     <span class='ocr_line' id='line_1_30' title="bbox 129 3942 1398 4028; baseline -0.005 -17"><span class='ocrx_word' id='word_1_265' title='bbox 129 3952 162 4011; x_wconf 89' lang='lat' dir='ltr'>ct</span> <span class='ocrx_word' id='word_1_266' title='bbox 184 3946 340 4026; x_wconf 78' lang='lat' dir='ltr'>faciemus,</span> <span class='ocrx_word' id='word_1_267' title='bbox 373 3948 463 4011; x_wconf 92' lang='lat' dir='ltr'>utin</span> <span class='ocrx_word' id='word_1_268' title='bbox 488 3948 594 4011; x_wconf 76' lang='lat' dir='ltr'>caussis</span> <span class='ocrx_word' id='word_1_269' title='bbox 617 3947 685 4011; x_wconf 90' lang='lat' dir='ltr'>suis</span> <span class='ocrx_word' id='word_1_270' title='bbox 703 3946 888 4026; x_wconf 82' lang='lat' dir='ltr'>jruliciariis</span> <span class='ocrx_word' id='word_1_271' title='bbox 918 3945 1047 4028; x_wconf 87' lang='lat' dir='ltr'>juribus</span> <span class='ocrx_word' id='word_1_272' title='bbox 1069 3945 1239 4011; x_wconf 82' lang='lat' dir='ltr'>dumtaxat</span> <span class='ocrx_word' id='word_1_273' title='bbox 1259 3942 1398 4012; x_wconf 71' lang='lat' dir='ltr'>Maidbur</span> 
     </span>
     <span class='ocr_line' id='line_1_31' title="bbox 128 4058 1399 4143; baseline -0.004 -19"><span class='ocrx_word' id='word_1_274' title='bbox 128 4061 292 4143; x_wconf 86' lang='lat' dir='ltr'>gensilurs,</span> <span class='ocrx_word' id='word_1_275' title='bbox 317 4061 401 4126; x_wconf 87' lang='lat' dir='ltr'>sicut</span> <span class='ocrx_word' id='word_1_276' title='bbox 423 4061 626 4125; x_wconf 23' lang='lat' dir='ltr'>aretrroactis</span> <span class='ocrx_word' id='word_1_277' title='bbox 649 4059 847 4141; x_wconf 91' lang='lat' dir='ltr'>temporibus</span> <span class='ocrx_word' id='word_1_278' title='bbox 870 4058 990 4124; x_wconf 87' lang='lat' dir='ltr'>factum</span> <span class='ocrx_word' id='word_1_279' title='bbox 1011 4077 1085 4125; x_wconf 88' lang='lat' dir='ltr'>esse</span> <span class='ocrx_word' id='word_1_280' title='bbox 1098 4058 1327 4139; x_wconf 78' lang='lat' dir='ltr'>intelleximus,</span> <span class='ocrx_word' id='word_1_281' title='bbox 1346 4068 1399 4121; x_wconf 85' lang='lat' dir='ltr'>not·</span> 
     </span>
     <span class='ocr_line' id='line_1_32' title="bbox 129 4171 1400 4256; baseline -0.003 -19"><span class='ocrx_word' id='word_1_282' title='bbox 129 4194 191 4238; x_wconf 93' lang='lat' dir='ltr'>non</span> <span class='ocrx_word' id='word_1_283' title='bbox 216 4174 363 4240; x_wconf 89' lang='lat' dir='ltr'>omnibus</span> <span class='ocrx_word' id='word_1_284' title='bbox 394 4180 424 4239; x_wconf 90' lang='lat' dir='ltr'>et</span> <span class='ocrx_word' id='word_1_285' title='bbox 448 4175 596 4256; x_wconf 86' lang='lat' dir='ltr'>singulis,</span> <span class='ocrx_word' id='word_1_286' title='bbox 627 4173 744 4254; x_wconf 88' lang='lat' dir='ltr'>quibus</span> <span class='ocrx_word' id='word_1_287' title='bbox 767 4178 877 4237; x_wconf 90' lang='lat' dir='ltr'>nostra</span> <span class='ocrx_word' id='word_1_288' title='bbox 899 4171 1196 4238; x_wconf 88' lang='lat' dir='ltr'>Luthomericensis</span> <span class='ocrx_word' id='word_1_289' title='bbox 1219 4173 1306 4239; x_wconf 88' lang='lat' dir='ltr'>circa</span> <span class='ocrx_word' id='word_1_290' title='bbox 1327 4184 1400 4254; x_wconf 73' lang='lat' dir='ltr'>quas</span> 
     </span>
    </p>
   </div>
   <div class='ocr_carea' id='block_1_4' title="bbox 128 4281 1413 4709">
    <p class='ocr_par' dir='ltr' id='par_1_4' title="bbox 128 4281 1413 4709">
     <span class='ocr_line' id='line_1_33' title="bbox 129 4281 1403 4368; baseline -0.002 -18"><span class='ocrx_word' id='word_1_291' title='bbox 129 4306 265 4367; x_wconf 80' lang='lat' dir='ltr'>curruque</span> <span class='ocrx_word' id='word_1_292' title='bbox 289 4289 512 4368; x_wconf 71' lang='lat' dir='ltr'>possessiones</span> <span class='ocrx_word' id='word_1_293' title='bbox 536 4306 612 4351; x_wconf 86' lang='lat' dir='ltr'>suas</span> <span class='ocrx_word' id='word_1_294' title='bbox 636 4293 666 4351; x_wconf 81' lang='lat' dir='ltr'>ot</span> <span class='ocrx_word' id='word_1_295' title='bbox 690 4305 841 4368; x_wconf 82' lang='lat' dir='ltr'>expresse</span> <span class='ocrx_word' id='word_1_296' title='bbox 863 4286 949 4350; x_wconf 88' lang='lat' dir='ltr'>circa</span> <span class='ocrx_word' id='word_1_297' title='bbox 971 4284 1116 4366; x_wconf 86' lang='lat' dir='ltr'>predicte</span> <span class='ocrx_word' id='word_1_298' title='bbox 1138 4284 1241 4351; x_wconf 82' lang='lat' dir='ltr'>Albee</span> <span class='ocrx_word' id='word_1_299' title='bbox 1261 4303 1301 4351; x_wconf 89' lang='lat' dir='ltr'>ac</span> <span class='ocrx_word' id='word_1_300' title='bbox 1321 4281 1403 4350; x_wconf 76' lang='lat' dir='ltr'>eun</span> 
     </span>
     <span class='ocr_line' id='line_1_34' title="bbox 129 4396 1404 4480; baseline -0.001 -18"><span class='ocrx_word' id='word_1_301' title='bbox 129 4400 279 4464; x_wconf 84' lang='lat' dir='ltr'>ll&#39;ultauo</span> <span class='ocrx_word' id='word_1_302' title='bbox 303 4402 335 4464; x_wconf 91' lang='lat' dir='ltr'>in</span> <span class='ocrx_word' id='word_1_303' title='bbox 352 4400 553 4465; x_wconf 85' lang='lat' dir='ltr'>ascendendo</span> <span class='ocrx_word' id='word_1_304' title='bbox 577 4405 607 4463; x_wconf 84' lang='lat' dir='ltr'>et</span> <span class='ocrx_word' id='word_1_305' title='bbox 628 4399 851 4465; x_wconf 91' lang='lat' dir='ltr'>descendendo</span> <span class='ocrx_word' id='word_1_306' title='bbox 874 4417 932 4480; x_wconf 90' lang='lat' dir='ltr'>per</span> <span class='ocrx_word' id='word_1_307' title='bbox 954 4416 1010 4463; x_wconf 86' lang='lat' dir='ltr'>eas</span> <span class='ocrx_word' id='word_1_308' title='bbox 1032 4415 1104 4462; x_wconf 89' lang='lat' dir='ltr'>cum</span> <span class='ocrx_word' id='word_1_309' title='bbox 1126 4396 1225 4463; x_wconf 85' lang='lat' dir='ltr'>robus</span> <span class='ocrx_word' id='word_1_310' title='bbox 1246 4399 1317 4464; x_wconf 85' lang='lat' dir='ltr'>suis</span> <span class='ocrx_word' id='word_1_311' title='bbox 1336 4402 1404 4461; x_wconf 78' lang='lat' dir='ltr'>trat-</span> 
     </span>
     <span class='ocr_line' id='line_1_35' title="bbox 129 4506 1407 4596; baseline -0.003 -19"><span class='ocrx_word' id='word_1_312' title='bbox 129 4515 210 4577; x_wconf 87' lang='lat' dir='ltr'>situs</span> <span class='ocrx_word' id='word_1_313' title='bbox 229 4515 345 4580; x_wconf 86' lang='lat' dir='ltr'>liberos</span> <span class='ocrx_word' id='word_1_314' title='bbox 369 4515 409 4579; x_wconf 88' lang='lat' dir='ltr'>ad</span> <span class='ocrx_word' id='word_1_315' title='bbox 426 4532 559 4596; x_wconf 80' lang='lat' dir='ltr'>presens</span> <span class='ocrx_word' id='word_1_316' title='bbox 583 4512 701 4594; x_wconf 76' lang='lat' dir='ltr'>gairdot</span> <span class='ocrx_word' id='word_1_317' title='bbox 724 4513 842 4578; x_wconf 87' lang='lat' dir='ltr'>ciuitas</span> <span class='ocrx_word' id='word_1_318' title='bbox 865 4512 916 4577; x_wconf 91' lang='lat' dir='ltr'>uel</span> <span class='ocrx_word' id='word_1_319' title='bbox 932 4512 1034 4577; x_wconf 86' lang='lat' dir='ltr'>eciam</span> <span class='ocrx_word' id='word_1_320' title='bbox 1049 4512 1213 4578; x_wconf 86' lang='lat' dir='ltr'>secuturis</span> <span class='ocrx_word' id='word_1_321' title='bbox 1226 4506 1407 4594; x_wconf 74' lang='lat' dir='ltr'>temporibus</span> 
     </span>
     <span class='ocr_line' id='line_1_36' title="bbox 128 4623 1413 4709; baseline -0.005 -19"><span class='ocrx_word' id='word_1_322' title='bbox 128 4628 282 4707; x_wconf 86' lang='lat' dir='ltr'>gauisura</span> <span class='ocrx_word' id='word_1_323' title='bbox 305 4626 411 4706; x_wconf 86' lang='lat' dir='ltr'>luerit,</span> <span class='ocrx_word' id='word_1_324' title='bbox 434 4626 648 4705; x_wconf 90' lang='lat' dir='ltr'>libertatibus,</span> <span class='ocrx_word' id='word_1_325' title='bbox 684 4624 940 4689; x_wconf 90' lang='lat' dir='ltr'>immunitatibus</span> <span class='ocrx_word' id='word_1_326' title='bbox 965 4642 1004 4689; x_wconf 89' lang='lat' dir='ltr'>ac</span> <span class='ocrx_word' id='word_1_327' title='bbox 1024 4624 1145 4707; x_wconf 85' lang='lat' dir='ltr'>graciis</span> <span class='ocrx_word' id='word_1_328' title='bbox 1167 4623 1413 4709; x_wconf 84' lang='lat' dir='ltr'>quibuscumque</span> 
     </span>
    </p>
   </div>
   <div class='ocr_carea' id='block_1_5' title="bbox 0 0 1555 5392">
    <p class='ocr_par' dir='ltr' id='par_1_5' title="bbox 0 0 1555 5392">
     <span class='ocr_line' id='line_1_37' title="bbox 0 0 1555 5392; baseline 0 0"><span class='ocrx_word' id='word_1_329' title='bbox 0 0 1555 5392; x_wconf 95' lang='lat' dir='ltr'> </span> 
     </span>
    </p>
   </div>
  </div>
 </body>
</html>
