3098 5392
662 447 737 497 rear.
1295 446 1360 513 253

103 654 152 719 root
169 653 247 722 ordi.
264 653 486 738 podloomoo‘im
513 653 684 740 opbramp'c
712 676 746 722 aa
773 653 897 721 komorb
923 652 1097 721 obusto
1127 656 1272 723 Micioni
1284 658 1363 741 jsou

103 771 195 837 obsi
209 771 326 854 plotito'
347 770 387 836 do
408 768 537 853 kommy
558 767 724 835 brdlooske'
745 769 834 835 roes
853 766 933 834 tirok
945 768 990 833 58
1011 767 1121 835 br'r'oen
1141 790 1177 836 se
1199 770 1263 835 116
1283 770 1364 839 idco

117 885 174 950 odoi
192 883 263 969 jicio
289 882 520 970 pr'ime'r'enJcb,
552 881 766 969 ettery'cddto
795 881 875 949 lond
902 882 958 948 mci
979 882 1077 967 jedes
1104 881 1208 969 kaidpi
1228 883 1363 971 moecha

103 999 118 1061 2
145 997 238 1063 md'a'c
269 998 353 1064 oboli.
398 997 569 1082 Najdou-b'
596 1018 631 1064 se
645 995 797 1080 posemky
820 996 1034 1081 pr'copodetod,
1062 998 1144 1081 maji
1168 1017 1204 1064 aa
1227 998 1363 1080 probitati

103 1111 237 1179 rotent
252 1112 417 1195 postoiny,
439 1111 519 1179 orl-li
537 1109 745 1195 naptarum
763 1109 1047 1196 oy'merpdldodo,
1069 1133 1092 1176 a
1112 1114 1147 1193 tp
1168 1115 1302 1177 octonos
1321 1111 1363 1177 od

103 1223 159 1289 lod
177 1225 371 1309 osooboreny.
417 1227 446 1291 Z
457 1226 601 1309 partein,
615 1225 670 1310 jot
691 1225 763 1308 ὑμῖν
784 1224 824 1290 od
845 1223 1027 1291 oladnr'stot
1046 1223 1306 1291 Podmradsto‘to
1327 1247 1363 1294 ao

103 1338 210 1405 merim
238 1338 330 1407 hodie
359 1336 915 1422 Vdetaoollkooctpr'ttoopenp,
944 1337 1001 1404 md
1029 1359 1063 1405 aa
1090 1339 1105 1403 a·
1132 1337 1363 1407 ooddlerodod

104 1453 222 1536 lprodd
242 1454 282 1520 do
304 1452 386 1521 broit.
409 1451 537 1537 komorp
558 1451 713 1520 odociddti.
749 1453 894 1519 Konednd
916 1452 1058 1519 metant
1079 1451 1218 1535 ortdooji
1237 1453 1360 1520 oroobo

103 1566 139 1631 ai
155 1566 193 1633 od
207 1568 340 1650 placeret
356 1569 455 1652 nsejta
476 1590 495 1633 o
516 1568 632 1635 Kolta
651 1566 718 1633 nod
739 1566 867 1649 Labeon,
881 1564 980 1651 jaloe
1001 1566 1015 1630 i
1035 1587 1072 1633 oe
1090 1566 1242 1633 olastntm
1255 1570 1361 1633 mdotd.

171 1795 238 1863 Nos
267 1795 410 1863 «loannes
441 1796 494 1862 dei
524 1795 634 1878 grecia
663 1795 797 1862 Boemie
818 1799 852 1860 et
872 1793 1007 1862 Polonie
1028 1811 1085 1859 rex
1107 1810 1146 1860 ao
1167 1792 1362 1861 Lucembur·

103 1908 181 1985 tonsis
218 1927 335 1989 comes,
368 1908 410 1973 ad
447 1895 680 1988 uniuersorum,
716 1911 784 1973 tam
812 1907 1012 1988 presentium
1048 1925 1145 1989 quam
1171 1906 1362 1989 futurorum,

103 2021 221 2088 loticiam
243 2027 356 2088 tenore
377 2022 581 2104 presencium
595 2021 742 2087 volumus
765 2020 944 2103 peruenire.
970 2019 1051 2086 Cum
1065 2021 1149 2087 ratio
1171 2020 1264 2087 nobis
1287 2038 1359 2088 sua-

103 2128 152 2216 let,
178 2136 281 2201 virtus
305 2141 458 2218 suggerat
480 2140 513 2201 et
535 2153 613 2201 cura
635 2135 779 2217 suscepti
802 2134 953 2202 culminis
975 2151 1034 2199 nos
1057 2133 1203 2216 inducat,
1228 2140 1265 2201 ut
1286 2134 1361 2201 sub·

103 2240 202 2314 itomm
225 2247 400 2315 commodis
424 2253 457 2315 et
479 2249 581 2332 quieti
604 2246 773 2314 intendere
795 2252 829 2314 et
850 2266 906 2314 eos
929 2265 1119 2331 presernare
1141 2248 1282 2315 anoxiis
1304 2248 1359 2315 de·

103 2374 193 2428 ornus
215 2361 365 2444 benigne,
388 2381 447 2428 nos
470 2362 660 2429 dilectorum
676 2361 768 2427 nobis
789 2360 912 2428 ciuium
934 2366 1116 2427 nostrorum
1137 2360 1361 2445 Nymburgen·

103 2469 149 2541 fun
176 2495 276 2559 super
304 2476 406 2542 Albea
434 2477 532 2560 Justis
568 2476 718 2559 querelis,
752 2475 869 2559 quibus
892 2493 948 2542 eos
970 2477 1004 2541 in
1034 2476 1184 2558 captione
1217 2474 1360 2541 ciuitatis

103 2604 127 2653 re
144 2589 310 2672 Nymburg
331 2607 389 2671 per
410 2588 569 2672 quendam
590 2587 612 2655 J
614 2607 749 2656 oannem
771 2587 812 2653 de
834 2587 1026 2671 Byberstein
1052 2587 1130 2655 olim
1151 2586 1238 2654 facta
1259 2587 1362 2654 hosti·

103 2703 142 2766 lor
161 2708 228 2769 tam
242 2701 427 2785 priuilegiis
442 2701 511 2767 suis
527 2702 591 2769 sibi
606 2703 640 2768 in
654 2701 842 2784 primordiis
863 2700 1063 2768 fundationis
1086 2700 1232 2767 ciuitatis
1254 2700 1359 2783 ipsius

122 2822 350 2896 consequenter
373 2833 430 2898 per
451 2815 547 2882 diuos
568 2815 725 2882 Bohemie
748 2832 842 2898 reges
869 2833 1078 2898 quoscunque
1100 2831 1197 2897 super
1220 2813 1360 2880 diuersis

103 2929 197 3008 ribus,
220 2928 425 2994 libertatibus
447 2933 481 2994 et
503 2929 622 3011 graciis
644 2927 740 2994 factis
763 2927 899 3009 perinde
917 2931 950 2993 et
972 2927 1145 3007 concessis
1166 2943 1263 3010 quam
1284 2926 1359 2993 aliis

103 3042 211 3107 unibus
245 3041 420 3107 mobilibus
451 3040 545 3107 bonis
568 3042 637 3108 suis
661 3026 700 3106 ex
723 3041 858 3124 abrupto
888 3041 1032 3124 priuatos
1063 3045 1095 3105 et
1125 3040 1359 3122 depauperatos

103 3154 247 3235 dicimus,
270 3156 444 3237 provocati,
468 3172 566 3236 super
579 3154 696 3236 quibus
712 3173 768 3220 eos
784 3154 844 3220 sub
862 3158 973 3220 nostro
995 3153 1083 3220 felici
1104 3154 1263 3236 regimine
1286 3173 1359 3220 con·

103 3268 216 3335 »latomo
239 3268 388 3335 volumus
403 3268 573 3351 respicere,
597 3267 679 3350 ipsis
695 3268 736 3332 ad
752 3268 916 3351 supplices
939 3285 1051 3334 eorum
1074 3268 1251 3334 instantias
1266 3267 1358 3334 nobis

105 3388 165 3448 ctas
194 3383 285 3448 iuxta
314 3400 435 3448 morem
463 3381 673 3465 benignitatis
703 3381 793 3464 regie
815 3386 849 3446 et
872 3380 946 3463 (sic)
972 3386 1060 3447 certa
1080 3386 1192 3447 nostra
1218 3383 1359 3448 sciencia

103 3496 269 3562 oncedimus
292 3502 326 3562 et
347 3494 503 3577 fauemus,
535 3501 570 3561 vt
586 3495 725 3579 juribus,
756 3495 873 3578 quibus
895 3499 1007 3560 nostra
1036 3492 1356 3576 Litbomericensis¹)

103 3609 183 3674 initas
204 3608 334 3689 fruitur,
357 3608 473 3691 quibus
492 3609 595 3675 eciam
616 3608 696 3674 dicti
718 3608 979 3691 Nymburgenses
1006 3609 1094 3674 ciues
1117 3608 1192 3674 freti
1216 3613 1300 3690 sunt,
1322 3609 1358 3674 in

103 3727 219 3803 erpetuo
255 3722 441 3787 refruantur
464 3727 497 3787 et
518 3722 641 3788 eisdem
664 3723 779 3805 gratiis
814 3728 847 3787 et
879 3721 1145 3803 immunitatibus,
1175 3721 1291 3808 quibus
1315 3723 1360 3788 ci·

103 3832 155 3901 ios
182 3835 468 3902 Litbomericensis
498 3853 596 3917 super
626 3835 869 3920 quibuscunque
905 3835 974 3899 suis
1007 3833 1287 3901 commoditatibus
1328 3840 1362 3900 et

104 3963 328 4032 uornmounque
340 3949 606 4032 predecessorum
620 3953 812 4028 nostrorum,
828 3948 982 4014 Bohemie
996 3966 1118 4031 regum,
1133 3947 1239 4014 felicis
1253 3965 1360 4014 recor·

103 4061 211 4130 arionis
233 4063 286 4129 vel
309 4067 420 4129 nostra
450 4062 657 4129 concessione
690 4080 748 4127 seu
782 4059 1026 4126 confirmacione
1057 4061 1280 4143 temporaliter
1301 4080 1360 4128 seu

103 4181 321 4258 rpmpetnnm
351 4176 474 4258 potitur
504 4175 631 4255 ciuitas,
665 4175 816 4240 similiter
836 4173 1112 4256 Neumburgensis
1142 4175 1286 4256 potiatur
1316 4176 1361 4242 ci·

103 4283 153 4354 itas
186 4288 339 4355 antefata.
374 4288 582 4371 Indulgentes
614 4288 720 4370 ipsius
748 4286 1025 4369 Neumburgensis
1050 4285 1194 4352 ciuitatis
1228 4287 1365 4370 ciuibus,

103 4400 108 4461 t
125 4419 179 4483 pro
200 4402 345 4486 quinque
367 4401 484 4467 marcis
506 4401 633 4484 argenti
648 4402 755 4466 minus
770 4401 877 4466 lotone
899 4419 996 4465 vnum
1012 4417 1169 4483 quemque
1183 4399 1360 4467 debitorem

103 4531 165 4596 rnrn,
186 4515 262 4582 siue
277 4512 418 4578 nobilem
434 4515 505 4579 siue
520 4513 703 4596 ignobilem,
729 4513 762 4578 in
786 4513 957 4594 prouincia
979 4512 1175 4579 residentem
1190 4513 1241 4578 vel
1256 4513 1360 4597 ipsius

103 4629 208 4696 mines
231 4629 303 4697 loco
328 4627 392 4707 sui,
416 4628 444 4692 si
468 4627 539 4709 ipse
559 4627 749 4710 principalis
780 4625 904 4693 debitor
922 4627 989 4710 juri
1014 4626 1098 4694 forte
1127 4614 1361 4710 presumpserit
