3098 5392
745 437 820 490 1818.

694 626 758 712 dn.
784 646 856 713 coa.

517 814 616 896 1318,
639 817 656 884 1
684 819 822 886 dnbna.
845 817 879 888 V
894 818 1034 886 Chobu.

127 976 257 1076 Rtmsky'
285 990 357 1056 krail
379 990 504 1056 Ladotk
531 993 695 1076 potvrcajc
723 995 900 1057 matonam
931 988 1104 1076 fflabskdm
1135 988 1267 1056 oioebao
1291 980 1385 1071 prdie

126 1105 269 1187 seobody,
290 1105 409 1170 andoali
430 1128 451 1170 a
472 1104 631 1189 aopklosla',
646 1105 700 1190 job
712 1106 777 1189 jim
792 1105 1028 1189 pr'cdolnbdoooe‘
1042 1103 1129 1193 jabo,
1151 1093 1383 1171 moretolio·

589 1218 654 1284 ova
677 1202 804 1295 namra,
826 1218 949 1285 mcccc.

230 1392 419 1458 Ludowicua
449 1393 501 1459 dei
524 1397 632 1476 gracia
655 1395 871 1460 Romanorum
900 1413 957 1459 rex
979 1411 1106 1475 semper
1127 1395 1292 1475 augustus.
1330 1384 1387 1451 lni-

126 1508 230 1571 uersis
261 1506 345 1571 sacri
367 1505 502 1571 Romani
533 1509 660 1590 imperii
683 1505 841 1588 fidelibus,
872 1511 1039 1590 presentes
1068 1505 1181 1572 literas
1214 1499 1388 1587 inspecturis,

127 1621 268 1701 graciam
291 1638 382 1684 suam
404 1625 436 1684 et
459 1620 697 1686 omnebonum.
744 1620 781 1686 In
804 1621 989 1685 serenitatis
1019 1624 1129 1685 nostre
1156 1617 1321 1701 presencia
1336 1631 1390 1696 pru·

127 1731 239 1797 dentes
263 1733 334 1813 viri,
365 1733 453 1797 ciues
476 1733 647 1814 Egrenses,
677 1734 788 1799 fideles
818 1735 921 1800 nostri
944 1734 1064 1814 dilecti,
1096 1732 1282 1799 celsitudini
1309 1734 1392 1795 nosue

127 1844 314 1908 instantiuie
344 1844 492 1925 precibus
524 1846 758 1927 supplicarunt,
789 1851 947 1927 quatenus
970 1847 1139 1912 uniuersas
1169 1846 1305 1928 gracias,
1330 1843 1393 1926 just

128 1955 292 2021 libertates
316 1961 348 2021 et
371 1956 618 2024 consuetudines
641 1961 723 2041 ipsis
745 1979 783 2026 ac
805 1977 863 2041 per
889 1977 945 2025 eos
967 1958 1086 2041 oppido
1108 1960 1255 2041 ipsorum
1275 1957 1395 2027 donus

129 2065 266 2132 traditas
294 2072 327 2132 et
357 2087 524 2135 concessas
546 2091 566 2136 a
591 2071 873 2153 predecessoribus
896 2072 1026 2152 nostris,
1060 2071 1148 2138 diuis
1176 2066 1398 2154 imperatoribus

128 2186 161 2245 et
182 2181 395 2246 Romanorum
425 2183 565 2265 regibus,
595 2182 802 2266 dignaremur
831 2204 870 2251 ex
894 2186 990 2252 solita
1020 2184 1197 2252 clemencia
1225 2178 1399 2250 confirmare·

129 2293 196 2357 Nos
219 2312 293 2359 vero
312 2294 411 2376 iustis
441 2314 479 2361 ac
501 2297 647 2364 honestis
670 2317 779 2364 eorum
802 2297 1018 2380 peticionibus
1042 2317 1080 2363 ex
1102 2294 1306 2379 benignitate
1323 2292 1400 2359 solita

129 2407 349 2473 lacrimabiliter
380 2409 536 2489 inclinati,
567 2412 673 2476 omnia
692 2412 776 2494 jura,
808 2412 983 2493 libertates,
1018 2412 1145 2494 gracias
1175 2414 1209 2475 et
1230 2405 1401 2491 approbatas

131 2520 378 2586 consuetudines
401 2521 441 2587 ab
463 2525 623 2589 uniuersis
646 2530 679 2588 et
701 2525 838 2606 singulis
860 2523 1142 2607 predecessoribus
1164 2522 1287 2589 naamis
1308 2522 1338 2587 in
1356 2520 1401 2584 im·

129 2634 218 2715 perio
247 2638 280 2697 et
312 2652 410 2716 regno
432 2636 575 2702 Romano
605 2637 725 2702 tradita
758 2656 816 2702 seu
845 2637 992 2716 traditas,
1024 2635 1151 2702 indulta
1181 2655 1241 2703 seu
1271 2632 1401 2703 ndum,

130 2765 282 2813 concessa
311 2765 367 2812 seu
391 2767 569 2829 concessas,
601 2754 696 2831 prout
718 2751 799 2832 ipsis
829 2751 893 2815 rite
915 2755 948 2814 et
968 2746 1212 2815 racionabiliter
1234 2748 1318 2829 data,
1344 2759 1400 2811 can·

130 2878 221 2926 cessa
243 2864 276 2925 et
298 2859 483 2926 confirmata
506 2867 590 2943 sunt,
622 2863 814 2927 auctoritate
842 2863 934 2945 regia
957 2860 1191 2928 confirmamus.
1236 2860 1323 2927 Nulli
1342 2870 1399 2935 arel

129 2973 257 3039 omnino
273 2974 437 3039 hominum
451 2975 549 3040 liceat
563 2974 646 3040 hanc
663 2978 774 3039 nostre
797 2971 1053 3040 confirmacionis
1073 2974 1229 3057 paginam
1250 2971 1399 3053 infringat

129 3086 179 3150 vel
210 3087 240 3151 ei
271 3086 305 3151 in
327 3105 408 3152 ausu
436 3087 544 3169 aliquo
573 3089 744 3154 temerario
777 3087 944 3154 conbaire.
989 3087 1120 3169 Siquis
1150 3090 1261 3153 autem
1287 3085 1343 3151 hoc
1364 3082 1397 3144 at·

127 3204 284 3280 temptare
317 3200 559 3281 presumpserit,
594 3218 629 3264 se
666 3201 794 3265 nouerit
826 3199 1088 3280 indignacionem
1127 3197 1255 3282 regiam
1282 3195 1397 3281 grauiter

128 3313 339 3378 incursurum.
385 3312 423 3377 In
446 3313 537 3378 cuius
561 3316 671 3377 nostre
702 3310 957 3378 confirmacionis
980 3310 1203 3377 testimonium
1232 3311 1290 3377 has
1310 3309 1396 3375 naas

132 3424 290 3491 conscribi
314 3430 346 3490 et
367 3430 477 3489 nostre
499 3424 679 3491 maiestatis
704 3424 812 3506 sigillo
830 3424 989 3507 jussimus
1012 3424 1212 3491 communiri.
1250 3414 1397 3488 bannia

128 3538 215 3619 Egra
241 3535 389 3603 kalendis
411 3536 534 3619 Aprilis
564 3555 648 3602 anno
672 3533 1086 3619 dominiM⁰COO⁰XVIH⁰,
1107 3537 1202 3620 regni
1225 3554 1300 3603 vero
1320 3525 1397 3600 nosti

128 3669 211 3717 anno
233 3655 356 3734 quarto.

232 3788 303 3857 Orig.
323 3805 398 3858 perg.
417 3804 433 3840 v
452 3788 563 3842 archiva
586 3805 620 3841 m.
643 3787 745 3842 Chabu.
770 3786 788 3841 S
805 3787 906 3841 vellrou
931 3785 1021 3858 pedeti
1044 3785 1217 3841 kralovskoa
1238 3800 1277 3841 na
1297 3782 1401 3839 emor

129 3883 223 3937 zelcnc'·
248 3883 391 3937 lredrdbne
416 3882 498 3937 iiidie
525 3882 688 3938 nartianou
723 3880 768 3936 Na
791 3881 862 3935 rubu
885 3881 993 3951 listiny:
1020 3879 1130 3950 ,Kunig
1152 3878 1284 3951 Ludwiga
1306 3874 1355 3934 bril
1369 3873 1403 3927 eil

128 3980 292 4049 beatotunge
302 3980 370 4034 aller
379 3995 462 4033 rnser
471 3978 547 4032 brif.“
559 4010 593 4018 —
603 3976 696 4044 Gradl,
708 3977 889 4032 Monumenta
898 3976 1008 4047 Egrana
1017 3978 1038 4032 I.
1051 3974 1073 4031 b.
1085 3981 1136 4031 663
1146 3981 1195 4031 atr.
1208 3980 1269 4033 245.
1281 4006 1314 4017 -
1324 3970 1405 4037 uma,

130 4076 250 4144 liagesta
269 4075 315 4128 lll.
335 4075 356 4127 d.
376 4080 434 4129 4³0.

698 4231 761 4314 dn.
789 4250 859 4315 roa.

443 4387 541 4467 1318,
566 4388 586 4455 1
610 4386 812 4472 listopadu.
839 4387 872 4454 V
887 4385 1113 4472 Nymburce.

131 4528 214 4605 Krdl
235 4527 312 4599 Jou,
334 4526 409 4592 bero
431 4550 473 4592 rao
496 4526 610 4634 11111031ν
627 4529 770 4607 traditona
792 4522 966 4601 Hrodccki,
983 4526 1149 4609 potarnch
1162 4525 1228 4609 joa
1245 4526 1423 4615 privilagio,

123 4642 176 4725 joa
189 4640 253 4723 jabu
273 4636 412 4719 proderit
431 4637 557 4704 lodlocd
581 4637 806 4713 destructilia,
821 4637 994 4721 joacaoaa'td
1012 4640 1147 4722 staram
1159 4637 1237 4721 jim,
1264 4640 1300 4709 la
1319 4640 1427 4709 molo!
