3098 5392
680 458 755 507 rasa
1298 454 1362 525 915

63 665 218 746 debeatis,
248 669 489 746 arrestatosque
519 664 561 729 ad
595 665 724 730 vincula
760 664 904 745 ipsorum
930 670 963 729 ct
1000 670 1193 746 potestatem
1231 683 1361 747 presen-

64 784 134 845 tare
167 779 353 844 nullatenus
390 776 578 859 obmittetis,
612 778 646 842 in
677 778 743 844 hiis
772 778 868 843 aliter
900 797 964 843 nou
994 777 1122 860 facturi,
1156 783 1252 861 prout
1278 776 1362 843 indi·

64 891 255 974 gnacionem
291 895 434 957 nostram
467 891 590 973 regiam
623 909 762 974 manem
798 909 835 956 ac
870 888 1036 957 difficilem
1074 891 1194 974 cupitis
1228 894 1360 959 euitare.

62 1005 182 1070 Datum
218 1006 364 1088 Prage*)
399 1024 483 1071 anno
518 1004 640 1070 domini
676 1005 849 1071 millesimo
887 1005 1113 1072 trecentesimo
1151 1005 1360 1088 nonagesimo

64 1122 189 1199 octauo,
213 1117 295 1183 feria
317 1124 432 1202 quarta
454 1120 487 1185 in
511 1119 565 1185 die
587 1120 691 1185 sancti
713 1118 843 1186 Bricrii.

165 1307 323 1379 Registrum
342 1307 478 1378 privilegii
495 1307 607 1363 archiva
626 1326 659 1362 m.
679 1307 795 1362 Kadanb
813 1307 852 1361 N·
869 1313 911 1361 21.
930 1324 964 1363 za
982 1308 1122 1378 ndpiscm:
1144 1307 1267 1376 „Littera
1284 1306 1357 1376 regis

63 1405 227 1473 wenceslai,
246 1405 274 1460 in
292 1420 348 1474 qna
366 1403 482 1460 mandat
500 1404 650 1461 baronibus
670 1411 729 1471 etc,
748 1404 823 1474 qnod
841 1404 877 1458 ad
894 1404 1107 1473 requisitionem
1126 1402 1227 1458 ciuium
1240 1403 1360 1459 ciuitatis

62 1500 236 1557 Cadancnsis
256 1517 352 1557 omnes
372 1507 400 1554 et
418 1500 552 1570 singulos,
571 1500 618 1570 qui
637 1516 731 1555 eorum
749 1500 856 1555 ciuitati
875 1505 940 1555 sunt
959 1499 1059 1568 uncini,
1083 1499 1204 1555 debcant
1223 1506 1361 1555 arrestarc

62 1603 271 1667 amastatosque
289 1597 324 1652 ad
344 1597 453 1653 vincula
471 1597 595 1667 ipsorum
614 1596 702 1652 modis
722 1596 849 1651 omnibus
868 1601 1056 1666 presentare.“
1078 1626 1111 1636 -
1135 1598 1161 1666 *)
1181 1596 1272 1651 Prabc
1291 1596 1360 1663 jako

63 1695 145 1746 misto
174 1693 274 1763 aydani
301 1693 396 1764 listiny
424 1694 540 1762 cmylem
563 1693 593 1761 je
618 1699 647 1746 tu
673 1693 799 1747 uvadena
817 1709 854 1746 na
872 1694 952 1747 miste
972 1677 1109 1759 Zebralru,
1138 1691 1209 1747 lrdel
1228 1708 1258 1747 sc
1277 1693 1362 1763 tchdy

63 1788 126 1842 lrrttl
143 1789 279 1843 rdrloral.

633 1999 697 2084 ds.
722 2017 795 2084 710.

405 2205 504 2289 1398,
530 2208 573 2276 13
597 2205 801 2292 listopadu.
836 2207 869 2275 V
891 2206 1022 2275 Praze.

64 2397 255 2463 Podkomor't
274 2396 356 2465 lrra‘l.
374 2398 529 2481 Sipnmnd
550 2418 568 2463 r
592 2395 706 2463 ortua
721 2397 868 2480 povolajc
881 2398 1021 2480 jmdrwm
1042 2396 1133 2463 bea
1148 2396 1361 2481 purkmistra,

65 2511 227 2578 conedam
248 2534 269 2577 a
285 2512 469 2595 pr'iscbay‘m
494 2514 597 2577 mista
619 2512 761 2578 Kadara&
788 2511 943 2596 svobodny‘
972 2510 1025 2577 trb
1047 2511 1168 2594 jcdaou
1188 2532 1207 2577 a
1230 2510 1360 2594 tamdia,

65 2645 83 2689 o
106 2624 224 2690 ktertm
246 2624 348 2711 aaut
369 2627 457 2692 mdbc
478 2646 582 2701 masa,
604 2623 735 2708 dodytck
761 2647 783 2690 a
805 2625 890 2692 cble'b
914 2625 1067 2692 socedat
1080 2625 1257 2709 procidenti
1270 2646 1292 2691 a
1306 2623 1362 2691 ba

652 2739 773 2821 pocati.

169 2931 395 3014 sigismundus
420 2930 461 2996 de
484 2930 587 3011 ortis,
617 2932 709 3015 regui
740 2931 873 2997 Boemie
904 2930 1171 2998 subcamerarius.
1204 2932 1362 3016 Magistro

59 3044 193 3124 ciuium,
218 3043 404 3111 consulibus
427 3050 460 3111 et
478 3045 597 3128 juratis
621 3046 765 3111 ciuitatis
791 3044 1001 3127 Cadauensis,
1029 3046 1143 3112 amicis
1166 3046 1286 3113 nostris
1311 3024 1363 3113 ca·

54 3157 211 3238 rissimis,
236 3158 397 3223 sincerum
420 3159 563 3224 animum
586 3157 720 3224 ubilibet
750 3157 979 3240 complacendi.
1019 3158 1124 3225 Amici
1148 3159 1276 3225 dilectit
1314 3159 1363 3225 Ex

54 3271 191 3354 speciali
214 3271 335 3352 fauore,
374 3290 468 3352 quem
500 3289 578 3353 erga
608 3290 665 3337 vos
697 3276 730 3337 et
760 3273 1022 3338 communitatem
1051 3278 1192 3338 vestram
1221 3273 1363 3356 gerimus

54 3384 97 3450 ad
121 3385 305 3450 instanciam
329 3384 467 3450 aliarum
491 3385 661 3450 ciuitatum
691 3383 796 3449 forum
830 3384 966 3450 liberum
997 3387 1030 3450 in
1053 3385 1107 3451 die
1136 3386 1257 3453 lorensi
1290 3405 1364 3454 con·

54 3503 154 3564 sueto
176 3503 306 3563 tautum
333 3499 430 3564 semel
455 3499 488 3563 in
512 3498 693 3579 septimana
727 3497 932 3564 concedimus
964 3503 997 3563 et
1018 3498 1222 3580 presentibus
1245 3499 1364 3568 habere

53 3611 264 3692 indulgemus
281 3611 440 3692 fauorose,
458 3613 506 3677 sic
522 3611 607 3692 quod
624 3630 733 3677 omnes
761 3616 794 3676 et
809 3610 929 3692 singuli
954 3612 1226 3679 circumsedentes
1255 3618 1363 3681 vestre

54 3724 185 3791 ciuitati
212 3742 335 3803 amnes,
360 3742 477 3806 pecora
499 3730 532 3788 et
555 3742 655 3806 panes
687 3724 848 3790 adducere
879 3725 1008 3806 possint
1030 3730 1062 3791 et
1092 3724 1193 3791 libere
1223 3727 1361 3808 valeant,

54 3838 186 3905 easdem
217 3838 251 3903 in
274 3837 361 3904 dicto
383 3837 437 3903 die
459 3837 581 3903 forensi
604 3837 744 3904 vendere
766 3839 800 3903 in
823 3838 958 3904 ciuitate
981 3843 1089 3904 vestra
1112 3840 1240 3921 possint
1261 3838 1363 3907 libere

52 3958 86 4018 et
107 3950 226 4035 quiete,
252 3950 474 4032 quorumlibet
496 3952 662 4018 bominum
685 3952 755 4018 siue
778 3952 1018 4035 impedimento,
1050 3950 1141 4018 vobis
1173 3958 1207 4018 ct
1229 3953 1364 4020 cuilibet

52 4072 199 4132 vestrum
220 4065 350 4131 nominc
373 4072 405 4130 et
427 4066 622 4132 auctoritate
644 4067 735 4149 regia
759 4064 893 4131 firmiter
909 4072 942 4130 et
957 4065 1105 4132 district0
1128 4064 1358 4151 precipientes,
1455 4129 1461 4139 .

52 4186 214 4263 quatenus
237 4178 421 4245 huiusmodi
452 4199 576 4260 carnes,
621 4199 739 4261 pecora
762 4187 795 4245 et
824 4198 924 4262 panes
955 4184 1096 4245 vestram
1125 4177 1168 4244 ad
1199 4179 1365 4248 ciuitatem

51 4293 255 4359 adducentes
287 4297 320 4357 et
342 4293 374 4356 in
410 4292 496 4359 dicto
526 4292 579 4358 die
610 4292 731 4358 forensi
762 4292 937 4358 vendentes
971 4292 1121 4375 impediri
1150 4293 1362 4376 quouismado

54 4405 253 4492 presumatis
277 4423 339 4471 uec
363 4424 421 4485 per
444 4406 526 4471 alios
549 4410 674 4470 vestros
699 4405 856 4487 impedire
888 4406 1084 4488 permittatis
1107 4405 1215 4489 gracie
1244 4408 1363 4490 regalis

53 4521 118 4590 sub
145 4517 286 4585 obtentu.
311 4519 430 4583 Datum
454 4518 558 4601 Prope
581 4537 665 4583 anno
687 4519 808 4585 domini
823 4519 996 4585 millesimo
1018 4521 1244 4587 trecentesimo
1261 4541 1363 4588 nona·

49 4634 181 4721 gesimo
207 4637 332 4713 octauo,
357 4632 439 4698 seria
460 4638 575 4715 quarta
609 4634 641 4698 in
665 4632 719 4698 die
741 4633 844 4698 sancti
869 4631 999 4697 Briccii.

1165 4763 1214 4816 58*
