3098 5392
226 407 293 471 ti-ltl
851 414 925 462 1³71.

226 617 361 681 nitatem
383 616 529 681 eiusdem
551 620 697 683 ciuitatis
720 620 894 685 sufficienti
911 623 1013 686 simus
1039 620 1211 689 informati
1238 626 1446 707 testimonio,
1464 645 1527 710 qua·

223 731 298 795 liter
319 731 361 794 ad
385 730 543 795 iudicium
567 732 746 812 predictum
769 732 933 800 subnotati
956 735 1080 801 fructus
1099 742 1134 800 et
1151 746 1347 819 prouentus
1363 741 1527 823 pertineant

224 856 255 910 ct
279 848 502 927 pertinuerunt
523 846 723 927 abantiquo.
748 848 908 915 uidelicet.
930 848 1016 932 quod
1033 848 1136 931 judex
1158 852 1323 921 ciuitatis
1341 854 1483 920 eiusdem
1495 853 1528 918 de

225 960 387 1025 cuiuusis
409 961 528 1025 causis.
551 979 615 1042 quc
638 964 671 1027 in
693 980 753 1026 sue>
775 962 973 1028 ventilantur
989 963 1126 1045 judicio,
1147 964 1207 1047 ius
1232 984 1339 1034 auum
1354 974 1526 1034 consuetum

224 1074 369 1155 racipere
392 1086 424 1138 et
448 1075 613 1155 suscipere
639 1077 741 1156 possit
764 1086 795 1139 et
818 1075 945 1143 debeat.
975 1078 1120 1159 exceptis
1151 1078 1266 1146 tribus
1297 1083 1414 1148 ausis
1434 1081 1526 1148 crimi-

226 1186 363 1251 nalibus.
398 1187 522 1252 scilicet
556 1187 739 1252 homicidiis
769 1198 801 1252 et
831 1191 967 1255 seeretis
997 1190 1068 1254 siue
1096 1191 1285 1258 mortiferis
1315 1194 1477 1261 incendiis
1494 1212 1524 1258 ae

223 1300 326 1363 eciam
348 1300 481 1381 stupris.
503 1300 544 1364 dc
567 1300 685 1382 quibus
708 1300 802 1366 nobis
823 1310 855 1366 et
879 1320 1006 1366 camere
1027 1306 1139 1367 nosbe
1159 1306 1272 1386 regali
1297 1306 1436 1374 Boemie
1454 1308 1522 1373 duos

223 1412 374 1479 denarios
404 1426 590 1495 presentare
619 1413 712 1479 debet
743 1426 775 1479 et
805 1417 942 1480 tercium
971 1415 1141 1482 denarium
1162 1435 1226 1498 pro
1251 1419 1329 1486 suis
1353 1421 1463 1488 usibus
1481 1438 1521 1485 re

224 1545 374 1591 seruarc:
409 1528 487 1591 item
508 1527 637 1591 domum
660 1529 732 1591 siue
754 1528 935 1610 hospicium
955 1548 1059 1609 suum,
1087 1528 1174 1612 quud
1202 1530 1378 1600 inhabitat
1398 1534 1519 1607 ibidem

225 1642 302 1705 item
325 1652 501 1721 promutus
524 1652 647 1705 stature
669 1641 801 1722 plumbi.
824 1645 854 1709 si
875 1662 939 1725 qua
961 1643 1006 1709 ibi
1024 1642 1142 1723 fuerit;
1165 1644 1249 1711 item
1268 1646 1390 1714 decem
1405 1664 1516 1714 scamna

224 1773 342 1835 paulun
362 1768 393 1819 ct
417 1755 481 1819 duo
504 1755 657 1820 maccella
690 1756 836 1819 carnium
859 1756 892 1820 in
914 1756 1027 1822 cadem
1050 1757 1208 1837 ciuitate3
1233 1759 1321 1827 item
1346 1780 1443 1829 uncam
1463 1778 1515 1826 sar·

223 1874 341 1935 ioricam
364 1884 395 1934 ct
421 1889 516 1934 cuum
539 1870 771 1934 brascatorium
794 1870 827 1933 in
851 1869 1005 1936 suburbio
1027 1870 1172 1936 ciuitatis
1196 1872 1375 1956 eiusdem3
1394 1877 1465 1943 itam
1482 1873 1512 1937 de

223 1985 431 2065 deposicione
453 1984 589 2048 allecum
611 1983 652 2047 dc
673 1982 816 2065 qualibet
846 1990 946 2049 tunna
968 1984 1050 2049 duos
1072 1984 1239 2051 hallenses
1262 1992 1300 2053 et
1323 1988 1368 2055 de
1389 1990 1509 2072 ipsorum

221 2100 412 2161 otccntcaone
434 2097 474 2161 dc
497 2096 639 2178 qualibet
662 2110 763 2160 tunna
784 2104 852 2161 tres
875 2097 1052 2175 ballenses;
1083 2098 1162 2163 ilem
1184 2097 1228 2165 de
1250 2101 1403 2183 qualibet
1423 2117 1506 2185 parua

221 2228 320 2275 iccium
344 2212 482 2291 piscium
506 2231 601 2274 vnum
624 2211 799 2275 hallensem
822 2212 855 2275 in
877 2211 1084 2293 deposicione
1105 2218 1140 2276 el
1162 2231 1264 2279 vnum
1290 2215 1465 2282 hallensem
1480 2214 1504 2276 in

222 2326 431 2388 ccccccccccione:
456 2328 533 2389 item
557 2325 597 2387 de
614 2324 755 2405 qualibet
771 2334 872 2389 tunna
887 2326 1016 2407 prussia
1030 2324 1112 2391 duos
1127 2325 1297 2393 hallenses
1315 2329 1350 2394 in
1366 2326 1503 2396 onenndc

222 2454 251 2501 cc
277 2439 359 2502 ‹luos
382 2439 542 2502 bullenses
567 2440 599 2503 in
623 2439 828 2520 deponendo:
862 2441 939 2504 item
961 2438 1002 2504 de
1031 2437 1187 2504 allecibus
1218 2457 1286 2505 non
1318 2440 1456 2507 tunnatis
1473 2437 1502 2503 de

219 2552 360 2631 ‹pcndibct
385 2570 495 2632 mepta
508 2550 542 2615 ἢ.
564 2570 627 2632 que
649 2554 790 2616 continet
812 2554 845 2617 in
868 2571 1001 2617 numero
1024 2551 1269 2635 quadringenta
1293 2556 1420 2635 allecia,
1439 2553 1500 2617 duct

221 2665 381 2727 bullenses
404 2676 435 2727 et
459 2664 499 2728 dc
522 2665 664 2745 quolibet
689 2685 831 2733 numero.
854 2667 910 2747 qui
933 2667 1075 2731 continet
1098 2664 1241 2730 ducenta
1264 2667 1394 2748 allecia,
1425 2682 1499 2731 vnum

221 2778 404 2841 luillcusem.
451 2777 517 2842 Nec
548 2778 664 2844 debent
696 2781 798 2861 aliqui
827 2779 973 2845 homines
999 2779 1040 2844 de
1061 2776 1313 2862 quibuscunque
1335 2778 1498 2848 ciuitatibus

219 2911 289 2954 cum
324 2890 478 2955 allecibus
510 2900 539 2954 ot
572 2892 714 2972 piscibus
748 2894 913 2957 ciuitatem
948 2893 1050 2973 ipsam
1084 2890 1235 2971 transire,
1270 2893 1339 2959 nisi
1361 2893 1498 2975 deponant

218 3004 296 3069 iuibi
322 3024 409 3068 inore
432 3006 537 3083 solito,
560 3008 703 3086 exceptis
726 3006 946 3070 tautummodo
968 3005 1094 3071 ciuibus
1116 3003 1354 3087 Pregensibus.
1384 3006 1426 3072 Et
1444 3002 1498 3087 qui·

217 3138 344 3198 colique
367 3120 473 3199 pisces
497 3120 546 3184 vel
570 3121 684 3184 allecia
707 3120 747 3184 de
769 3120 904 3184 ciuitate
927 3118 1112 3184 l'oloniensi
1140 3117 1353 3201 deducerent,
1376 3138 1435 3185 non
1461 3134 1497 3181 se

218 3235 285 3297 luto
309 3232 349 3297 de
372 3233 453 3313 ipsis
473 3233 547 3314 jure
570 3240 600 3297 et
624 3232 773 3297 thelonco
793 3232 957 3314 predictis,
981 3231 1161 3313 cbicuuque
1176 3238 1256 3298 tunc
1271 3234 1324 3299 vel
1341 3234 1374 3299 in
1388 3231 1497 3317 quibus·

220 3364 346 3427 cciiiquc
369 3346 449 3409 locis
468 3346 568 3426 judex
591 3346 670 3410 talia
692 3345 775 3410 bona
798 3345 940 3426 reperire
969 3348 1089 3427 posset,
1118 3344 1190 3426 ipsa
1213 3352 1379 3412 arrestare
1400 3342 1497 3429 poterit

218 3467 247 3523 ct
280 3480 317 3522 ca
351 3467 502 3538 tanquam
534 3459 617 3523 bona
639 3458 806 3539 deperdita
837 3459 869 3522 in
902 3474 978 3523 scios
1008 3475 1085 3522 vsus
1115 3462 1308 3524 conuertere
1340 3460 1427 3526 iuxta
1455 3471 1497 3521 sue

222 3573 348 3637 libitum
384 3572 568 3635 volomatis.
615 3571 704 3649 Item,
736 3571 775 3635 de
806 3571 947 3650 ‹pccolihet
971 3571 1116 3653 plaustro
1138 3570 1206 3635 vini
1228 3577 1371 3653 quatuor
1390 3586 1498 3655 grossos

217 3696 245 3749 ol
271 3687 311 3750 dc
334 3685 475 3767 quolibet
507 3686 632 3749 terciali
657 3686 727 3749 siue
758 3685 925 3768 drep'lingo
954 3689 1021 3749 tres
1051 3701 1200 3766 gross0s;
1235 3685 1316 3751 item
1349 3685 1390 3751 de
1420 3698 1497 3751 curm

217 3801 385 3882 plaustrali
419 3799 576 3863 siccorcuu
609 3800 747 3879 piscium
777 3799 857 3863 dues
887 3816 1017 3879 grossos
1048 3796 1097 3862 vel
1130 3815 1229 3861 vnum
1251 3797 1376 3879 piscem
1398 3794 1496 3863 ouans

216 3914 351 3978 illituum
376 3930 578 3993 guasconum
605 3913 682 3975 item
706 3911 746 3975 de
768 3911 911 3993 quolibet
933 3929 1034 3992 perun
1057 3927 1154 3976 curru
1177 3910 1322 3991 piscium
1344 3910 1497 3978 eorundem

217 4046 314 4091 caucin
337 4044 485 4108 grossum
510 4026 558 4089 ccl
584 4044 680 4089 vniam
703 4026 825 4106 piscem
847 4025 929 4088 tanti
945 4023 1084 4103 s·aloris;
1106 4023 1185 4088 item
1199 4022 1243 4090 de
1258 4025 1405 4109 quolibet
1419 4040 1495 4092 curru

216 4142 293 4203 solis
318 4140 398 4204 cliuos
422 4159 569 4221 grc.›ssos;
595 4140 672 4203 itcm
695 4157 752 4218 pco
778 4138 889 4218 vigilia
911 4142 1069 4202 necturna
1091 4137 1132 4202 de
1154 4136 1304 4219 quolibet
1322 4158 1417 4206 curru
1438 4153 1496 4204 one

216 4260 295 4331 cato,
332 4253 511 4334 ubicunque
542 4260 614 4332 stet,
647 4252 728 4316 dum
759 4251 920 4315 hallenses
944 4249 1039 4315 etde
1061 4268 1162 4316 vacuo
1195 4270 1296 4317 vnum
1322 4252 1495 4321 hallensem}

214 4370 291 4431 ilcui
315 4367 355 4431 de
380 4367 521 4447 quolibet
546 4368 673 4431 cumulo
705 4366 840 4430 allecum
870 4365 919 4428 vel
942 4364 1089 4446 piscium,
1123 4364 1179 4447 qui
1209 4364 1310 4431 stalfil
1340 4365 1497 4449 vulgariter

216 4482 376 4559 eliciantur,
409 4482 442 4544 iu
473 4482 541 4546 foro
573 4500 629 4562 pro
662 4479 774 4560 tigilla
798 4479 878 4543 duos
901 4478 1071 4544 hallenses.
1116 4478 1196 4546 Item
1227 4484 1320 4546 extra
1349 4481 1495 4547 ciuitatem

213 4601 350 4679 quatuor
374 4595 482 4659 laneos
506 4594 545 4658 ab
568 4592 654 4658 oanni
679 4609 794 4656 censue
818 4592 950 4657 collecte
980 4591 1151 4674 generalis,
1183 4596 1305 4675 steure,
1336 4594 1431 4660 berne
1450 4605 1495 4656 scu
