3150 5378
643 415 717 466 rara.
1292 417 1334 484 63

50 623 162 689 domus
173 621 227 688 rel
237 622 411 689 homicidio
423 623 473 688 vel
484 641 541 705 pro
552 622 616 688 hiis
628 621 788 689 similibus
801 639 907 688 coram
919 621 1039 688 iudicio
1050 623 1084 688 in
1102 624 1333 707 querimoniam

49 738 190 817 amerit,
213 737 294 802 etin
308 737 415 819 Ipsum
430 736 591 819 predictos
603 737 756 803 articulos
778 736 913 818 probare
935 754 997 802 non
1020 737 1140 818 poterit
1150 739 1333 805 testimonio

52 849 339 932 mtediotnzjudioi
350 850 385 915 in
403 867 486 932 pena
500 849 558 914 LX
573 848 748 915 solidorum
767 847 953 929 subiacebit,
972 850 1179 931 respondenti
1199 853 1233 918 in
1244 852 1334 919 XXX

52 964 170 1044 solidis,
178 963 315 1029 cuilibet
324 959 502 1028 iuratorum
512 961 546 1028 in
559 961 618 1028 XV
627 962 749 1043 solidis,
765 962 864 1030 nichil
875 964 1091 1030 relaxandum.
1104 965 1255 1032 Stantem
1264 966 1334 1032 sina

53 1077 234 1144 testimonio
261 1076 494 1160 querimoniam
527 1077 744 1158 predictorum
765 1078 974 1143 articulorum
996 1079 1068 1161 quis
1090 1078 1124 1143 in
1146 1079 1246 1145 adum
1268 1098 1333 1145 mo·

54 1193 139 1271 norit,
161 1190 364 1273 respondens
387 1208 423 1256 sc
443 1209 506 1255 vna
525 1208 623 1256 manu
656 1190 855 1273 expurgabit,
878 1195 968 1257 actor
988 1208 1113 1274 quoque
1142 1191 1222 1257 nulli
1252 1210 1334 1273 pene

54 1302 235 1370 subiacebit
248 1301 305 1386 [l]
327 1303 418 1383 Item,
433 1303 488 1386 qui
503 1304 642 1386 aliquem
657 1303 877 1370 uulnerauerit
892 1305 943 1369 uel
959 1303 1156 1369 interfecerit
1178 1310 1211 1370 et
1225 1305 1334 1387 lugam

54 1416 172 1482 dederit
192 1420 228 1482 et
249 1416 373 1483 iudicio
394 1421 501 1482 asmre
521 1416 671 1497 noluerit,
692 1435 714 1482 a
734 1417 842 1482 iudice
864 1417 1008 1500 legitime
1029 1423 1172 1498 vocatus,
1195 1421 1333 1501 proscri-

55 1527 148 1609 batur,
169 1529 260 1595 bona
281 1547 358 1595 roro
380 1546 440 1595 sna
461 1547 520 1596 nec
541 1530 639 1595 iudex
661 1548 720 1596 uec
741 1531 896 1613 magister
920 1535 1047 1597 monete
1070 1531 1202 1612 auferet,
1226 1533 1282 1598 sed
1305 1533 1333 1597 si

56 1643 151 1708 redire
172 1643 326 1722 noluerit,
348 1661 428 1708 vxor
449 1643 520 1708 dus
542 1647 576 1708 et
597 1643 689 1725 pueri
712 1644 764 1709 sui
786 1643 926 1709 renditIs
948 1643 1041 1710 bonis
1065 1645 1133 1710 suis
1155 1645 1262 1726 ipsum
1285 1665 1334 1711 se

56 1762 192 1839 quantur.
216 1757 252 1822 Si
274 1773 351 1822 roro
373 1774 503 1822 uxorem
524 1762 557 1823 et
577 1775 695 1839 pueros
717 1776 781 1824 non
803 1757 960 1839 habuerit,
983 1759 1120 1840 proximi
1141 1759 1276 1824 heredes
1299 1777 1335 1824 se

57 1870 265 1936 intromittent
285 1869 326 1935 dc
346 1868 439 1936 bonis
461 1870 530 1936 suis
552 1869 672 1954 absque
702 1871 788 1936 omnl
811 1871 1047 1954 impedlmento.
1092 1871 1127 1937 Si
1149 1875 1258 1937 autem
1280 1872 1334 1937 he·

58 1983 138 2048 redes
159 1999 227 2047 non
242 1980 401 2061 babuerit,
423 1981 464 2047 de
479 1981 634 2064 predictis
655 1981 749 2049 bonis
765 1984 942 2050 secundum
964 1984 1134 2050 consilium
1155 1985 1334 2051 innatorum

59 2091 291 2179 mpmsemf)
313 2091 369 2177 [8]
392 2094 482 2175 Item,
504 2095 747 2178 nemoaliquem
762 2095 869 2162 duello
890 2101 997 2179 potest
1017 2097 1176 2179 incusare,
1198 2097 1263 2164 nisi
1281 2098 1333 2181 ju·

59 2209 110 2274 rati
130 2209 276 2275 viderint
295 2211 456 2273 mortuum
477 2213 535 2274 aut
555 2208 681 2274 vulnus.
719 2206 775 2293 [9]
798 2210 888 2290 Item,
911 2210 1035 2294 siquis
1064 2211 1202 2294 aliquem
1224 2212 1334 2276 vulne-

10 2312 13 2373 ἷ
61 2323 169 2389 uomit
190 2326 226 2387 et
246 2320 357 2403 lugam
379 2320 506 2388 dederit
526 2322 560 2387 in
583 2321 711 2389 domum
732 2323 883 2406 allquom,
906 2324 1002 2390 amici
1023 2324 1184 2390 vulnerati
1205 2325 1334 2391 domum

62 2452 112 2501 ron
130 2434 301 2502 intrabunt
321 2435 392 2500 sine
413 2433 521 2501 indice
541 2440 575 2500 et
595 2436 721 2517 iuratis,
744 2437 801 2503 sed
822 2437 938 2503 dando
960 2442 1036 2503 ante
1057 2438 1186 2503 domurn
1207 2437 1336 2503 mittent

63 2565 107 2628 pro
126 2549 235 2615 iudice
256 2552 291 2613 et
311 2552 445 2631 querant
475 2546 692 2630 fideiussores,
712 2567 793 2632 quos
816 2548 845 2615 si
867 2568 931 2615 non
952 2549 1110 2631 habuerit,
1140 2548 1240 2616 iudici
1263 2568 1334 2633 pre-

65 2666 200 2728 sentetur.
223 2661 261 2728 Si
282 2665 390 2726 antem
412 2659 535 2726 inimici
558 2658 695 2727 cundem
715 2661 749 2726 in
772 2661 866 2728 domo
892 2662 1133 2728 vulneraucrint
1154 2665 1333 2745 temerarie,

64 2774 99 2839 rei
117 2780 212 2841 munt
233 2775 322 2841 siout
342 2775 383 2840 de
404 2773 573 2840 mnasIone
594 2774 717 2855 domus,
733 2775 835 2841 iudici
857 2780 892 2841 vt
914 2794 1020 2858 supra.
1043 2777 1088 2843 Et
1109 2777 1138 2842 si
1160 2777 1224 2859 illa,
1241 2778 1333 2844 ouius

64 2885 176 2954 domum
207 2887 354 2967 intrauit,
388 2904 460 2951 eum
482 2890 628 2968 potenter
649 2890 708 2952 aut
739 2887 846 2970 aliquo
869 2888 933 2953 alio
966 2889 1077 2954 subtili
1110 2890 1203 2957 modo
1227 2908 1334 2956 coram

62 2997 153 3067 indice
185 3000 340 3079 tuebitur,
370 2999 470 3065 donec
503 2996 660 3080 effugerit,
698 2998 864 3066 conuictus
897 3000 1001 3066 tribus
1030 3001 1164 3084 ydoneis
1197 3003 1334 3068 testibus

60 3113 116 3182 loco
136 3115 243 3198 ipsius
266 3112 487 3196 respondebit;
522 3112 579 3178 sed
601 3113 672 3195 ipse
701 3114 816 3180 melius
846 3114 1036 3197 approbabit
1065 3134 1155 3180 suam
1184 3117 1333 3181 innoeen-

58 3229 129 3294 ciam
149 3226 349 3305 mettercius,
370 3243 466 3308 quom
495 3227 599 3308 possit
620 3225 807 3309 conuincl.⁷)
830 3226 906 3311 [10].
937 3228 1027 3308 Item,
1051 3229 1079 3293 si
1101 3229 1173 3312 quis
1194 3229 1333 3311 aliquem

57 3341 269 3408 mlnerauerit
289 3341 429 3422 quinque
451 3346 508 3406 aut
540 3359 595 3406 sex
617 3341 812 3421 vulneribus,
837 3342 904 3407 solo
927 3346 1052 3407 tantum
1075 3342 1181 3408 duello
1203 3361 1334 3423 respon·

56 3455 150 3536 debit3
173 3473 234 3538 pro
257 3453 332 3518 aliis
355 3452 540 3518 vulneribus
564 3452 631 3520 solo
652 3453 859 3535 respondebit
876 3454 1067 3519 iuramento.
1091 3455 1125 3519 Si
1147 3459 1254 3519 autem
1277 3472 1334 3535 pro

55 3570 169 3635 cladem
203 3566 389 3632 vrrlncrlbus
419 3567 476 3631 alii
505 3567 718 3648 inculpantur,
750 3571 828 3650 quot
860 3571 935 3632 sunt
957 3586 1101 3648 persone,
1135 3572 1184 3632 tot
1217 3567 1333 3632 duellis

55 3679 296 3764 respondebunt
318 3677 395 3762 [11].
419 3680 508 3758 Item,
533 3680 560 3743 si
583 3680 655 3762 quis
670 3680 901 3762 querimoniam
923 3698 980 3760 pro
1003 3678 1176 3745 homicidio
1187 3679 1334 3759 mouerit,

56 3796 152 3876 primo
174 3795 229 3859 die
252 3794 432 3857 incusatum
455 3791 672 3873 proclamabit,
696 3791 836 3856 secundo
851 3791 905 3856 die
918 3792 1040 3871 iudicii,
1066 3793 1094 3856 si
1117 3810 1179 3856 non
1203 3811 1334 3873 conpar·

58 3910 143 3987 uerit,
166 3909 285 3973 iterum
308 3924 381 3971 eum
413 3905 631 3988 proclamabit,
655 3910 687 3971 et
709 3906 924 3987 proclamatus
946 3906 1047 3970 tercio
1078 3905 1131 3969 die
1160 3905 1282 3985 iudicii,
1306 3907 1333 3970 si

57 4039 113 4085 non
145 4019 359 4101 conparuerit,
381 4016 640 4100 proscribatur.⁸)
671 4017 748 4102 [19].
783 4019 873 4098 Item,
909 4019 936 4082 si
970 4019 1043 4099 quis
1077 4037 1133 4099 pro
1168 4018 1333 4083 vulnerato

57 4134 151 4200 amico
174 4151 234 4198 suo
255 4135 447 4215 conquestus
481 4131 588 4211 luerit,
611 4131 709 4196 trium
731 4131 856 4196 dierum
887 4132 1031 4212 spacium
1054 4129 1219 4211 optinebit,
1250 4136 1282 4194 et
1305 4132 1333 4196 si

56 4248 148 4313 tercio
163 4246 218 4311 dic
232 4264 296 4311 non
311 4245 524 4326 conparuerit,
551 4243 774 4327 proscribetur.
792 4242 868 4327 [13].
893 4243 982 4323 Item,
999 4245 1027 4308 si
1042 4245 1114 4326 quIs
1136 4245 1334 4325 proscriptus

55 4358 154 4439 inerit,
178 4359 264 4424 intra
285 4359 361 4423 anni
384 4359 529 4440 spacium
550 4376 613 4423 non
646 4357 835 4423 emendabit.
881 4359 914 4423 si
939 4376 1013 4422 vero
1035 4358 1171 4439 placatis
1193 4357 1333 4422 inimicis

53 4493 132 4539 anno
164 4479 329 4539 mausaoto
362 4471 462 4537 iudici
485 4472 654 4537 emendare
688 4472 834 4552 voluerit,
868 4490 925 4552 pro
955 4471 1127 4536 homicidio
1150 4470 1239 4536 dabit
1268 4476 1333 4535 tres

51 4605 183 4664 musas,
205 4604 264 4668 pro
287 4586 426 4666 vulnere,
460 4584 544 4667 quod
566 4585 685 4649 dieitur
707 4584 819 4663 lamde,
854 4584 934 4650 duas
956 4602 1089 4663 marcas,
1113 4600 1170 4665 pro
1204 4584 1334 4648 vulnere
