3098 5392
668 421 743 475 raas.
1275 422 1341 489 235

52 626 181 710 tudines,
203 627 323 713 quibus
344 627 420 696 freti
435 636 514 696 eunt
533 628 700 711 hactenus,
723 649 780 714 per
795 631 878 698 alias
900 636 1028 699 nosnos
1050 636 1199 714 patentes
1212 631 1340 699 litteras

53 741 276 824 approbandas,
291 741 510 826 notificandas,
522 742 725 811 innouandas
737 743 924 812 duxerimus
936 751 970 812 et
980 745 1083 812 eciam
1094 744 1339 827 confirmandae,

55 860 175 937 propter
196 855 284 938 quod
306 856 474 923 libertates
496 860 530 922 et
543 857 653 941 gracie
674 857 830 940 predictis
851 858 973 925 nostris
991 857 1189 925 Vscensibns
1210 858 1296 925 facte
1309 863 1343 925 ct

54 985 195 1035 ccnoesse
218 967 347 1036 ciuibus
370 968 565 1037 ridebantur
585 968 771 1038 notabiliter
798 969 963 1054 infirmari,
990 971 1119 1054 ipsique
1139 971 1342 1039 Luthomeri·

55 1099 174 1148 orasses
196 1100 236 1148 ac
258 1080 419 1149 Vacenses
442 1083 532 1150 ciues
554 1084 659 1151 nostri
681 1084 842 1168 utrimque
864 1083 1054 1152 habuissent
1066 1090 1232 1168 perpetuo,
1255 1086 1341 1152 sicut

53 1195 159 1262 labere
182 1214 281 1279 super
303 1196 489 1263 huiusmodi
501 1197 731 1264 contrarietate
751 1199 933 1265 litterarum
954 1203 1116 1281 ceperant,
1139 1199 1340 1265 occasionem

55 1313 79 1372 et
96 1309 264 1376 materiam
297 1309 521 1377 contendendi.
567 1310 635 1379 Nos
669 1311 813 1378 volentes
843 1329 955 1379 eornm
984 1317 1193 1394 verorumque
1222 1313 1257 1378 in
1278 1312 1340 1379 bac

55 1428 131 1502 parte
152 1422 336 1506 dispendiis
358 1440 534 1506 precauere
556 1428 590 1489 et
611 1441 666 1490 eos
689 1423 724 1488 in
747 1427 834 1489 statu
856 1422 1003 1507 pacifico·
1019 1442 1057 1490 ac
1080 1423 1243 1490 amicabili
1266 1442 1340 1489 con-

57 1553 171 1603 seruare
202 1538 270 1603 tale
298 1536 441 1603 medinm
462 1537 548 1603 inter
578 1554 633 1603 eas
656 1536 807 1603 duximus
841 1537 901 1603 sub
923 1536 1154 1605 obseruacione
1183 1542 1340 1620 perpetua

58 1650 111 1716 siue
141 1649 379 1734 predictarum,
414 1669 495 1735 quas
524 1649 699 1734 sepedictie
732 1651 853 1719 nostris
885 1655 952 1717 tam
981 1648 1340 1717 Luthomericzensibns

59 1776 135 1838 quam
158 1762 357 1830 Vacensibua
380 1762 509 1829 ciuibus
532 1762 690 1844 dedimus,
713 1764 895 1831 litterarum
917 1763 1098 1846 preludicio
1121 1762 1338 1843 statuendum,

58 1874 200 1958 ridelicct,
234 1875 321 1961 quod
341 1875 408 1958 ipsi
434 1876 525 1943 ciues
546 1874 709 1942 Vscenses
732 1877 836 1942 solum
866 1875 900 1940 in
922 1874 1100 1942 Lauschicz
1129 1892 1230 1941 naues
1260 1892 1336 1941 surae

60 2004 173 2056 ormam
203 1990 247 2056 ad
269 1993 488 2077 nauigandum
517 2010 681 2074 nunqnam
710 1990 856 2072 debeant,
890 1990 972 2055 alias
996 1989 1113 2072 ubique
1136 2006 1234 2072 supra
1256 1988 1336 2054 ciui·

60 2100 137 2169 bum
159 2109 305 2172 noemam
326 2105 552 2173 Lntbomcricz
575 2104 738 2189 predictas
760 2121 861 2170 naues
885 2121 962 2169 suas
996 2090 1070 2169 datb
1093 2106 1247 2170 consueto
1268 2101 1338 2167 the

61 2210 131 2282 laneo
152 2224 326 2286 onerantes
358 2224 391 2286 et
412 2224 624 2287 exonerantes
647 2218 744 2298 licite,
776 2217 809 2282 in
832 2216 907 2283 aliis
940 2217 1009 2282 suis
1031 2213 1245 2296 libertatibus,
1275 2231 1339 2297 qne

61 2322 206 2398 incorum
239 2332 415 2417 sepedictis
445 2333 508 2400 sibi
530 2352 589 2418 per
623 2352 681 2400 nos
704 2331 790 2398 datis
821 2329 949 2414 plenius
981 2330 1186 2397 continentur
1207 2327 1338 2409 littaris,

60 2439 160 2510 lam‘in
183 2444 389 2512 ascendendo
412 2464 510 2529 quam
532 2444 755 2513 descendendo
782 2461 840 2526 per
862 2461 979 2527 aquam
1002 2442 1135 2509 Albeam
1158 2447 1192 2507 et
1212 2439 1337 2506 Wulta-

58 2566 118 2621 uam
138 2576 214 2624 cum
235 2576 364 2626 annoua
386 2559 438 2625 rel
464 2559 541 2626 aliis
562 2557 658 2625 rebus
692 2554 902 2624 ductibilibue
926 2554 1181 2637 quibuscumque
1213 2553 1337 2619 nullum

56 2669 107 2741 lati
128 2669 270 2737 debeant
290 2658 456 2755 perpetuis
482 2669 680 2756 temporibus
710 2669 947 2736 detrimentum.
993 2668 1030 2733 ln
1052 2668 1145 2734 cuius
1174 2666 1223 2733 rei
1245 2666 1338 2733 testi·

53 2784 181 2850 nonium
204 2790 371 2867 presentes
395 2786 521 2853 litteras
542 2783 613 2850 fieri
635 2789 669 2850 ct
690 2782 800 2866 sigillo
814 2787 926 2849 nostro
947 2782 1063 2847 maiori
1085 2780 1240 2846 iussimus
1253 2797 1338 2846 com·

55 2899 172 2963 muniri.
219 2899 337 2965 Datum
360 2898 465 2981 Prage
486 2917 570 2963 anno
593 2896 714 2964 domini
737 2894 909 2962 millesimo
931 2894 1158 2961 trecentesimo
1184 2894 1338 2959 vicesimo

49 3011 162 3092 quinto,
185 3011 218 3076 Π
241 3030 342 3077 nonas
364 3010 455 3077 Maii.

142 3163 214 3234 Orig.
232 3181 308 3235 purg.
325 3181 342 3217 r
361 3164 473 3219 archirn
491 3181 525 3219 m.
545 3146 607 3220 I'lati
624 3162 679 3218 nad
697 3164 800 3219 Labem
819 3163 842 3218 d.
862 3170 874 3217 1
897 3163 991 3231 (staril
1009 3162 1031 3216 d.
1051 3167 1066 3215 ὅ
1084 3160 1198 3227 nahoie,
1216 3160 1280 3215 dole
1297 3158 1338 3213 N⁰

53 3258 81 3324 1).
96 3258 113 3311 S
128 3260 228 3315 relkcn
246 3264 338 3330 pedeti
354 3261 526 3316 kratlovslscn
543 3260 690 3316 nltmanon
709 3276 746 3314 na
769 3260 972 3314 berrano-liutei
996 3258 1138 3313 bedrtbnt
1157 3258 1241 3312 iiidie
1257 3259 1337 3312 zard-

54 3348 136 3408 ienon.
154 3386 188 3397 -
203 3356 340 3423 Fciatncr,
359 3356 523 3411 Gescbicbto
541 3355 592 3410 der
608 3355 711 3424 kdnigl.
730 3355 808 3410 Stadt
826 3355 930 3423 Anasig
949 3361 996 3409 str.
1015 3360 1048 3408 45
1068 3371 1085 3408 a
1105 3359 1163 3408 236.
1184 3385 1216 3393 -
1234 3352 1335 3418 Emler,

55 3443 216 3517 Bmesmlll.
235 3452 258 3506 d.
276 3460 351 3508 1100.

601 3613 665 3696 Cis.
692 3629 762 3695 140.

515 3781 667 3873 [Kolcm
689 3801 721 3851 r.
744 3780 859 3869 13251.

69 3931 127 4005 Kral
145 3943 211 4009 Joa
232 3943 320 4008 ciriaci
342 3941 515 4009 blericurto
535 3938 803 4024 Rolcyoonskc'mu,
824 3941 970 4004 melitam
984 3936 1188 4013 Praesides,
1211 3937 1267 4003 list
1287 3957 1332 4002 no

408 4055 521 4138 rycbtu
543 4077 565 4122 o
586 4056 632 4124 cto
653 4077 671 4120 o
694 4058 791 4120 acide
811 4054 963 4118 Berconi.

141 4228 311 4300 l'rnlropiae
324 4228 389 4284 XVI
407 4228 469 4284 stol.
488 4245 510 4282 c.
529 4228 557 4282 k.
570 4226 727 4283 dvorekeho
746 4243 763 4281 a
781 4225 903 4281 stttniho
922 4225 1034 4280 archivo
1052 4240 1084 4278 ve
1096 4224 1180 4279 Vidni
1199 4224 1222 4279 d
1238 4229 1286 4279 185
1300 4241 1337 4280 na

61 4324 142 4379 mtto
151 4326 285 4394 jeolistu
296 4332 393 4391 temto,
408 4325 491 4392 jebet
509 4323 604 4379 datum
622 4323 666 4377 dle
677 4322 802 4392 domysln
813 4322 900 4377 tolilro
910 4321 1053 4387 ndstreime,
1071 4321 1202 4376 talrovtto
1212 4320 1335 4375 zminlsa:

58 4416 214 4492 amandum
230 4423 355 4489 sopirent
370 4441 406 4475 aa
423 4422 516 4489 rycbtu
533 4441 550 4474 a
567 4440 604 4474 nc
622 4423 668 4475 clo.
688 4419 754 4474 Kral
766 4419 820 4474 Jan
835 4402 925 4488 (leski
939 4416 1033 4486 zapsal
1047 4416 1208 4471 Meinlinovi
1227 4416 1335 4471 eroxa·

52 4518 99 4572 nori
116 4519 188 4587 (sic),
207 4518 365 4573 mditdninn
381 4517 558 4584 Pratslremn,
582 4517 680 4587 rychtn
704 4516 800 4571 adelo
819 4536 835 4570 v
854 4518 940 4570 mestis
958 4516 1067 4570 Bcrdnd
1091 4531 1105 4571 s
1124 4516 1336 4586 spravedlivosti

47 4608 94 4669 iae
109 4616 196 4672 riemi
214 4613 449 4686 pllsluienstvlmi
467 4614 477 4668 i
495 4612 618 4668 dedicom
642 4612 708 4681 jsho
727 4613 746 4666 k
764 4611 926 4667 dddidnemn
950 4614 1082 4666 nlirtnl.“
1119 4611 1161 4667 Za
1177 4616 1226 4668 tim
1244 4613 1334 4667 nasle-
