3150 5378
760 425 835 476 187⁶.

709 616 774 699 en.
796 631 870 698 52⁷.

517 787 615 870 1375,
636 789 658 857 6
679 788 834 857 kvetna.
857 789 891 858 V
913 787 1042 857 Prazc.

140 960 235 1030 Ciaar'
249 965 349 1030 Κανά
364 966 386 1030 I
390 964 419 1028 V
432 964 576 1047 cofinojc
589 962 741 1047 rycbtrio‘i,
764 963 933 1040 kontddm,
950 962 1130 1048 pitsaiapm
1152 959 1232 1027 ioco
1250 946 1319 1026 obci
1333 963 1427 1025 mista

139 1077 257 1143 Kolias
278 1076 344 1142 aad
366 1076 493 1154 Labros,
527 1078 589 1160 abo
604 1077 738 1160 pr'imib'
758 1082 856 1161 opatu
889 1075 1061 1143 obcaecat
1083 1072 1226 1142 wora
1249 1071 1428 1151 Setiierkibo

137 1189 157 1254 lo
171 1195 265 1265 tonsu,
288 1190 327 1273 by
341 1188 481 1256 nekladli
491 1190 632 1277 iddny'cb
640 1189 798 1274 pr'ekdiek
812 1189 1017 1258 suobodoimu
1033 1188 1168 1271 plausui
1179 1186 1268 1253 dot
1278 1207 1327 1270 po
1343 1186 1429 1259 Labi,

141 1325 162 1368 a
183 1301 286 1386 lodyby
316 1325 349 1370 se
370 1302 426 1370 talc
447 1304 604 1388 rpeeoooti
622 1304 745 1381 adniti,
775 1304 836 1387 uby
864 1326 909 1370 aa
922 1302 992 1388 jiob
1013 1299 1136 1369 abund
1166 1299 1238 1367 dati
1259 1299 1430 1368 odatram‘to'

480 1417 646 1501 preoraoy
666 1441 685 1483 o
706 1423 773 1484 r'ecc
794 1418 834 1483 od
855 1416 928 1483 nich
949 1415 1081 1483 macae.

240 1593 380 1658 Karolus
396 1600 529 1674 quartus
552 1595 666 1660 diuina
680 1595 810 1660 lauente
832 1592 1007 1659 clemencia
1019 1591 1239 1658 Romanorum
1256 1591 1431 1673 imperator

138 1724 264 1788 semper
279 1712 436 1787 augustus
451 1714 484 1772 et
498 1708 631 1773 Boemie
649 1726 714 1772 rex.
738 1707 859 1789 Judici,
872 1759 878 1772 .
893 1759 900 1771 .
925 1706 1112 1774 consulibus
1126 1709 1160 1770 et
1169 1702 1294 1787 juratis
1310 1719 1429 1770 necnon

139 1820 198 1885 toti
222 1821 441 1886 communitati
464 1820 608 1886 ciuitatis
632 1818 834 1887 Coloniensis
857 1838 955 1903 super
976 1820 1088 1900 Albea‚
1118 1816 1270 1884 fidelibus
1294 1817 1364 1883 snIs
1385 1815 1428 1880 di·

139 1933 242 2013 lectis,
265 1932 407 2014 graciam
429 1951 520 1998 suam
543 1939 576 1998 et
598 1951 691 1999 omne
712 1933 838 1999 bonum.
874 1933 1003 1999 Fideles
1026 1931 1153 1999 dilectit
1189 1928 1273 1996 Cum
1296 1929 1428 2012 quedam

140 2045 290 2111 ciuitates
311 2047 404 2128 regni
426 2047 529 2112 nostri
551 2047 684 2112 Boemie
704 2046 819 2129 grania
850 2065 889 2112 en
916 2047 1077 2130 lignorum
1111 2043 1240 2111 defectu
1273 2044 1430 2110 anaunent

139 2159 292 2240 pericula,
326 2178 389 2241 que
418 2160 499 2241 ipsis
522 2179 618 2243 super
641 2159 742 2227 Albea
764 2165 895 2244 propter
916 2159 1081 2226 obstacula
1112 2157 1158 2224 ibi
1181 2156 1271 2223 lacta
1294 2155 1426 2239 plurima

139 2271 257 2338 adduci
278 2291 343 2338 non
365 2274 474 2338 valent
497 2273 628 2340 comode
649 2291 753 2357 neque
768 2278 913 2356 possunt,
936 2273 1087 2356 quocirca
1108 2274 1219 2337 nostre
1232 2268 1424 2336 intencIonis

142 2384 253 2449 existit
285 2385 466 2451 omnimode
499 2387 652 2466 volentes,
684 2393 719 2451 vt
740 2386 910 2468 religiosos
933 2437 964 2451 ..
997 2384 1208 2450 abbatemet
1236 2388 1424 2450 conuentum

140 2499 328 2563 monasterii
353 2497 581 2580 CzedIIcensis,
604 2499 738 2565 deuotus
760 2504 898 2579 nostros,
921 2497 1044 2564 adhoc
1067 2501 1176 2563 nostro
1198 2495 1333 2562 nomine
1353 2494 1424 2561 diri·

137 2629 223 2692 gere,
255 2616 364 2676 tenere
386 2611 530 2678 debeatis
553 2615 587 2676 et
608 2611 770 2691 inducere,
805 2616 839 2677 vt
861 2609 925 2693 ipsi
947 2628 1006 2676 sua
1028 2626 1126 2692 super
1148 2606 1261 2690 Albeu,
1292 2626 1355 2693 que
1373 2608 1424 2673 ba·

135 2722 214 2788 bere
236 2723 396 2805 dicuntur,
419 2743 479 2790 suo
501 2729 644 2806 tompore
666 2728 797 2807 propter
819 2724 978 2807 lignorum
1008 2720 1250 2803 adduccionem,
1272 2720 1423 2789 lammina

141 2834 292 2902 videlicet
322 2834 402 2902 inibi
426 2835 583 2917 faciendo,
606 2855 669 2919 qne
690 2835 872 2920 flutrynnen
894 2835 1056 2918 wlgariter
1077 2839 1316 2918 nuncupantur,
1343 2852 1422 2900 rum·

138 2954 218 3033 pant
240 2950 417 3031 obstacula
445 2969 486 3015 ne
509 2951 658 3016 ciuitates
681 2956 790 3018 nostre
812 2949 936 3032 prefate
966 2968 1005 3015 ex
1028 2950 1189 3033 lignorum
1210 2948 1361 3015 wenna
1379 2951 1422 3011 ta·

135 3062 220 3128 libus
243 3062 389 3128 ammodo
413 3063 583 3129 videantur
605 3063 757 3146 periculis
781 3063 956 3130 subiacere.
979 3063 1017 3127 In
1040 3080 1118 3127 casu
1133 3078 1221 3143 vero,
1243 3078 1309 3143 quo
1329 3059 1422 3127 iidem

137 3175 235 3240 abbas
259 3181 291 3240 et
314 3179 490 3241 conuentus
512 3176 546 3241 in
568 3176 687 3242 talibus
714 3175 849 3242 rebelles
872 3181 905 3242 et
926 3166 1147 3241 inobedientes
1169 3173 1280 3241 forsan
1304 3192 1339 3241 se
1355 3170 1422 3238 red·

140 3289 262 3370 dorent,
288 3289 515 3355 committimus
533 3289 624 3355 vobis
639 3288 843 3372 presentibus
866 3294 898 3355 et
920 3289 1118 3369 mandamus,
1140 3290 1302 3371 quatenus
1322 3287 1422 3353 obsta·

138 3402 210 3467 cula
232 3402 416 3469 huiusmodi
447 3422 503 3468 vos
526 3403 657 3484 ipsimet
691 3422 749 3469 suo
771 3407 924 3485 tempore,
958 3407 995 3468 ut
1022 3399 1192 3485 prefertur,
1224 3418 1375 3485 rumpere
1395 3406 1424 3466 et

137 3515 286 3597 expensis
324 3534 382 3581 seu
413 3515 593 3598 sumptibus
625 3515 821 3598 prelatorum
854 3514 980 3582 abbatis
1013 3519 1047 3581 et
1076 3516 1256 3582 conuentus
1288 3512 1426 3594 reicere,

136 3631 231 3708 prout
253 3627 313 3693 hoc
335 3632 527 3709 oportunum
548 3627 656 3708 fuerit,
679 3627 816 3694 faciatis.
862 3626 913 3694 lid
935 3628 997 3694 heo
1023 3627 1083 3695 tali
1103 3626 1222 3694 facturi
1244 3626 1424 3710 diligencia,

136 3740 221 3807 sicut
242 3741 384 3823 graciam
414 3745 557 3807 nostram
578 3740 715 3824 diligitis
738 3759 938 3809 conseruare.
984 3741 1104 3808 Datum
1124 3740 1230 3823 Prage
1262 3740 1318 3807 die
1339 3742 1424 3806 sexu

135 3852 226 3935 Maii,
247 3872 418 3937 regnorum
433 3859 618 3921 nostrorum
643 3873 728 3923 anno
743 3854 895 3924 viceSImo
919 3873 1013 3937 nono,
1035 3854 1163 3937 imperii
1182 3871 1260 3920 vero
1275 3853 1424 3921 vicesimo

136 3985 248 4047 Immo·
812 4054 875 4120 Per
897 4052 1060 4121 dominnm
1081 4053 1272 4137 magistrum
1294 4055 1386 4122 curie

931 4164 1076 4252 P[etrua]
1098 4165 1279 4234 laurensis

237 4320 310 4390 Orig.
328 4338 402 4391 perg.
427 4322 572 4376 varchiru
597 4339 632 4374 m.
649 4321 752 4377 KoIIna
768 4321 807 4376 Νο
823 4320 882 4377 VII.
917 4321 962 4377 Na
978 4321 1050 4376 rubn
1066 4319 1215 4393 pritittena
1240 4319 1333 4378 manli
1348 4320 1427 4394 pedet

132 4416 258 4471 clauiska
282 4416 506 4488 sjednohlarym
532 4417 624 4472 orlon.
661 4417 762 4473 Rulrou
788 4417 852 4472 XVI
882 4418 958 4472 stoi:
987 4416 1046 4486 „Na
1061 4416 1173 4487 planant
1189 4416 1278 4472 diist·
1302 4417 1426 4474 amnon

133 4510 225 4568 XVIII
242 4513 319 4569 stol:
347 4513 534 4584 „Priuilequm
560 4519 671 4570 sanctas
696 4514 843 4570 memoriae
867 4513 1043 4585 Imperatoris
1066 4512 1156 4570 Caroli
1172 4511 1212 4569 Ν
1238 4528 1329 4585 snpra
1345 4512 1426 4587 dopo

134 4608 261 4665 titionem
279 4607 414 4679 lignorum
432 4609 460 4664 in
479 4608 541 4664 Albi
559 4624 611 4680 pro
629 4608 796 4665 necessitate
814 4608 912 4664 civium
930 4608 1049 4665 civitatis
1068 4608 1224 4665 Coloniae‘.
