3150 5378
149 426 214 492 34ss
772 435 848 481 raet.

149 655 296 718 possum
319 639 513 720 Prageusem
536 641 737 705 constituunt
759 641 830 705 siue
852 640 992 719 soluunt,
1023 657 1081 720 pro
1111 639 1200 705 lucro
1222 640 1371 722 recipere
1395 660 1450 705 ra·

149 751 236 814 leant
257 758 288 815 et
312 759 462 834 percepta
484 752 669 818 huiusmodi
700 755 732 818 in
763 752 936 817 rtilitatem
964 750 1088 833 prefate
1120 751 1265 816 ciuitatis
1294 751 1449 818 Sacensis

148 870 336 929 conuertere
369 864 506 929 debeant
529 871 562 930 et
582 872 762 931 teneantur.
808 864 999 930 Maudamus
1030 865 1131 944 igitur
1160 865 1279 929 illustri
1310 865 1447 941 Karulo,

147 977 324 1042 marchioni
348 977 503 1057 Morouie,
527 979 739 1060 primogenito
767 983 876 1042 nostro
899 977 1082 1056 karissimo,
1105 982 1139 1041 et
1160 976 1299 1058 siugulis
1322 979 1446 1043 nostris

148 1088 339 1154 officialibus
362 1108 399 1154 ac
422 1089 581 1169 fidelibus,
613 1092 842 1173 cuiuscumque
872 1096 976 1154 status
999 1095 1029 1154 et
1053 1090 1290 1171 preeminencie
1312 1089 1446 1169 fuerint,

147 1203 350 1283 presentibus
373 1209 405 1267 et
427 1203 555 1283 futuris,
587 1209 745 1285 quatenus
778 1205 866 1285 ipsos
889 1203 978 1269 ciues
1008 1202 1163 1267 sacenses
1194 1203 1226 1266 iu
1256 1202 1445 1267 huiusmodi

147 1321 256 1380 nostre
286 1317 475 1380 donacionis
506 1318 615 1397 gracia
644 1336 707 1381 nou
738 1316 925 1397 impediant,
959 1314 1016 1380 sed
1049 1315 1162 1397 pocius
1192 1315 1279 1380 circa
1307 1317 1444 1381 eandem

146 1433 383 1507 manuteneant,
407 1436 577 1510 protegant
602 1435 634 1493 et
656 1429 838 1494 defendant.
862 1427 995 1507 Harum,
1028 1428 1145 1510 quibus
1168 1434 1314 1493 nostrum
1339 1431 1444 1494 maius

146 1540 289 1621 sigillum
312 1541 346 1604 iu
369 1541 468 1605 robur
498 1548 688 1623 perpetuum
719 1541 965 1623 appendendum
987 1560 1026 1606 ex
1048 1547 1136 1607 certa
1163 1546 1276 1605 nostra
1301 1543 1444 1608 sciencia

145 1655 306 1733 duximus
329 1656 522 1719 testimonio
546 1656 734 1720 litterarum.
759 1656 879 1720 Datum
901 1655 1004 1737 Prage
1025 1655 1107 1721 feria
1129 1654 1271 1720 secunda
1292 1662 1369 1736 post
1390 1656 1446 1721 do

143 1767 293 1830 minicam
317 1767 512 1846 Quasimodo
542 1768 643 1848 geniti
675 1768 820 1848 proxima
848 1786 932 1832 anno
966 1768 1087 1833 domiui
1116 1767 1287 1835 millesimo
1319 1774 1444 1834 trecen

145 1880 260 1943 tesimo
284 1879 529 1961 quadragesimo
554 1881 664 1960 primo.

249 2048 372 2103 Pamdtni
391 2049 477 2103 kniha
496 2052 585 2104 mista
603 2036 686 2104 Zatce
704 2068 719 2103 z
739 2068 759 2103 r.
778 2056 843 2105 1383
862 2068 898 2104 na
916 2051 932 2103 1.
946 2059 988 2104 8η
1007 2067 1040 2105 za
1058 2052 1195 2121 napisem:
1217 2050 1380 2114 ,Johannes
1393 2070 1441 2106 rex

145 2143 231 2198 donat
249 2160 406 2197 mensuram
427 2146 493 2198 salis
512 2146 617 2199 ciuitati
636 2145 752 2200 Zaceusi
775 2155 909 2215 perpetuo
928 2146 1098 2201 habituram¹⁴
1118 2162 1136 2200 a
1153 2149 1218 2217 opdt
1236 2163 1274 2200 ua
1291 2148 1312 2200 1.
1331 2155 1391 2201 43η
1409 2167 1440 2202 aa

146 2240 285 2309 napinam:
324 2240 384 2306 ,Na
417 2242 521 2294 meieni
552 2242 626 2295 soli.u
656 2273 689 2282 -
716 2244 818 2308 Emicr,
844 2243 964 2312 Regesta
987 2243 1033 2296 lv.
1060 2242 1083 2296 d.
1110 2248 1170 2297 899.
1196 2272 1230 2282 -
1257 2244 1440 2314 Schlesinger.

143 2333 366 2388 Urkuudenbuch
396 2335 446 2389 der
475 2336 512 2388 St.
544 2338 612 2390 Saaz
643 2336 665 2391 d.
700 2343 741 2390 os.

709 2602 773 2684 Cis.
798 2619 871 2685 220.

521 2789 846 2870 1341,18uuuna.
871 2794 904 2862 V
929 2791 1057 2860 Praue.

139 2961 224 3028 Krdt
244 2964 312 3029 Jco
329 2964 474 3046 povoluje
495 2967 672 3029 traciturnior
694 2970 795 3031 rodata
810 2967 989 3049 Boddjoeic,
1013 2966 1074 3047 chy
1095 2967 1157 3031 dua
1179 2967 1253 3050 eidp
1275 2969 1315 3033 do
1334 2974 1431 3034 mesto

133 3076 260 3159 pr'ijali,
294 3074 377 3141 dteit'
404 3076 443 3158 by
473 3075 573 3142 kobca'
601 3076 680 3142 drot
711 3078 867 3154 odvdde'li,
892 3078 984 3161 jedei
1013 3079 1052 3160 by
1081 3101 1114 3145 se
1135 3077 1289 3162 suprave
1318 3081 1432 3146 hradeb

138 3210 160 3253 a
176 3187 331 3270 partomi
352 3188 527 3273 rrrdstsdpcd
548 3192 680 3257 aestuale.
727 3192 787 3256 Pr'i
815 3197 878 3256 tom
903 3192 1080 3276 oscobozuje
1100 3197 1166 3274 tyto
1187 3193 1261 3276 aido
1282 3216 1328 3259 na
1349 3195 1430 3260 dese!

552 3305 592 3369 let
612 3305 651 3370 od
667 3306 798 3387 placent
816 3305 906 3372 asech
928 3306 1025 3371 berni.

240 3477 308 3543 Nos
324 3477 345 3542 J
347 3479 488 3544 ohannes
508 3479 560 3544 dei
576 3481 685 3562 gracia
704 3480 859 3546 Bohcmie
879 3500 936 3546 rex
949 3499 986 3547 ac
1001 3480 1294 3563 Lucemburgensis
1317 3502 1428 3549 comes.

138 3596 248 3655 notum
277 3591 413 3656 facimus
444 3597 555 3657 tenore
584 3594 786 3674 presencium
821 3594 993 3673 uniuersis,
1028 3593 1112 3675 quod
1147 3595 1316 3676 cupientes
1349 3615 1429 3661 com·

137 3702 285 3769 modoet
308 3704 440 3769 utilitati
464 3704 608 3770 ciuitatis
635 3710 745 3770 nostre
768 3706 801 3771 iu
824 3705 1003 3789 Budywoys
1027 3706 1226 3787 generosius,
1250 3714 1348 3787 prout
1369 3709 1427 3774 cel-

136 3816 311 3882 situdinem
335 3817 488 3883 coudecet
509 3819 642 3900 regiam,
663 3817 839 3899 intendere,
863 3818 989 3885 ciuibus
1012 3819 1116 3900 ipsius
1139 3819 1284 3884 ciuitatis
1297 3819 1331 3885 in
1344 3819 1427 3885 Bud-

136 3930 223 4010 wois,
245 3928 394 3996 fidelibus
417 3932 537 3997 nostris
560 3932 698 4011 dilectis,
725 3932 766 3997 de
788 3936 876 3997 certa
897 3937 1008 3997 nostra
1043 3932 1183 3997 sciencia
1216 3932 1256 3997 ob
1287 3932 1425 3998 fauorem

135 4044 289 4123 specialis
302 4043 410 4125 gracie
431 4042 581 4109 duximus
604 4043 796 4110 auctoritate
810 4045 1013 4125 presencium
1028 4043 1270 4127 indulgendum,
1295 4050 1339 4125 vt,
1354 4045 1426 4127 quia

134 4155 257 4221 nullum
280 4156 314 4221 in
337 4157 410 4238 ipsa
432 4158 566 4224 ciuitate
587 4158 706 4223 habere
728 4156 938 4223 dinoscantur
956 4157 1152 4223 residentem
1166 4155 1319 4237 Judeum,
1342 4159 1427 4224 licite

134 4268 263 4334 valeant
290 4288 407 4336 vocare
428 4269 469 4336 de
491 4288 692 4352 quocumque
721 4269 791 4335 loco
824 4287 883 4335 seu
908 4271 1004 4335 terris
1027 4287 1064 4334 ac
1087 4268 1276 4334 ciuitatibus
1300 4270 1428 4352 quibus·

134 4398 268 4463 cunque,
291 4383 411 4449 nostris
434 4383 533 4466 regiis
557 4381 744 4448 ciuitatibus
767 4400 805 4448 ac
828 4382 956 4464 oppidis
986 4382 1142 4447 duntaxat
1163 4384 1319 4464 exceptis,
1349 4383 1429 4449 duos

134 4491 256 4557 Judeos
279 4494 374 4559 etad
397 4495 515 4561 dictam
546 4495 712 4562 ciuitatem
733 4494 904 4579 Budywois
935 4495 1080 4576 recipere
1108 4494 1151 4560 ad
1179 4495 1377 4563 manendum
1399 4504 1431 4563 et

132 4606 339 4673 residendum
360 4609 394 4674 in
417 4626 465 4692 ea,
496 4608 557 4675 sub
586 4609 634 4675 eis
664 4608 799 4689 iuribus,
831 4607 1005 4674 commodis
1036 4613 1069 4674 et
1097 4607 1279 4690 exerciciis,
1314 4610 1431 4691 ombus
