3098 5392
687 502 762 549 ¹⁴⁰⁶·
1271 498 1355 562 1037

164 706 237 775 Orig.
257 722 332 775 perg.
353 720 369 756 r
388 706 500 759 statulm
519 704 631 757 archivo
649 720 682 758 ve
701 703 785 757 Vidui
802 702 871 757 Bab.
888 702 1016 756 N⁰1163.
1039 701 1057 756 S
1076 703 1178 756 volkou
1190 702 1282 771 pedeti
1300 705 1362 759 krai-

56 803 179 857 lovskou
198 819 234 858 na
251 819 328 872 perg.
348 800 432 855 iiidie
451 799 616 855 sardienou.
646 799 755 855 Listiua
769 799 800 867 je
818 798 965 869 uprostlad
981 799 1153 867 vprolizuuta.

613 1092 719 1174 *dra
746 1109 818 1174 aaa.

409 1324 507 1405 1406,
533 1322 586 1391 16.
610 1340 737 1409 srpna.
761 1323 818 1391 Na
840 1307 1014 1426 chrrdce.

54 1517 149 1584 Krcil
180 1518 293 1581 Vdclav
327 1516 382 1580 IV
411 1515 560 1597 vyaoaajc
586 1512 800 1596 pwrkmr'stru,
837 1513 998 1580 donaolim
1033 1515 1046 1578 ὁ
1078 1517 1129 1580 eoi
1160 1515 1227 1580 obes
1261 1517 1363 1580 mdsta

65 1631 198 1696 l'odr'aaa
219 1632 348 1715 vgiroc'm'
368 1627 421 1694 trb
444 1649 488 1693 aa
512 1629 572 1694 den
594 1630 746 1693 aurorem'
767 1629 882 1710 Paany
906 1628 1011 1693 Maris
1033 1649 1050 1693 s
1072 1629 1151 1693 osmi
1173 1628 1238 1710 day
1254 1628 1361 1709 por'cid

635 1742 798 1826 abably‘mi.

165 1961 375 2028 Wenceslaus
409 1961 462 2027 dei
498 1961 607 2045 gracia
643 1962 861 2028 Romanorum
895 1980 951 2027 rer
985 1980 1112 2043 semper
1142 1967 1300 2044 augustus
1331 1966 1364 2027 et

54 2076 196 2142 Boemie
218 2094 284 2142 rex.
318 2075 439 2141 Notum
468 2075 605 2141 tacimus
635 2080 747 2140 tenore
771 2074 975 2156 presencium
998 2074 1170 2156 uniuersis,
1200 2073 1285 2158 quod
1309 2093 1363 2141 cu-

53 2190 187 2273 pientes
222 2189 444 2255 condiciouem
481 2187 626 2253 ciuitatis
660 2194 771 2254 nostre
805 2187 1043 2254 Woduaoensis
1080 2187 1151 2253 fieri
1185 2188 1361 2269 meliorem,

56 2302 218 2385 magistro
242 2301 373 2381 ciuium,
398 2300 597 2382 consulibus,
617 2301 736 2383 juratis
756 2306 790 2365 et
805 2300 1027 2366 communitati
1043 2301 1189 2367 eiusdem
1205 2301 1361 2381 ciuitatis,

52 2415 210 2484 fidelibus
233 2415 354 2480 nostris
378 2414 519 2494 dilectis,
550 2433 614 2480 non
637 2433 695 2496 per
718 2432 858 2479 errorem
881 2420 939 2479 aut
961 2415 1152 2497 improuide,
1176 2413 1233 2479 sed
1255 2414 1363 2479 auimo

57 2528 252 2609 deliberato,
269 2546 348 2594 sano
361 2527 506 2593 fidelium
521 2534 704 2593 nostrorum
727 2528 902 2593 accedente
924 2529 1070 2609 consilio,
1098 2527 1236 2593 annuale
1258 2527 1363 2593 forum

54 2642 200 2725 siugulis
223 2641 317 2707 anuis
341 2642 374 2706 in
399 2642 511 2706 eadem
532 2640 666 2707 ciuitate
681 2641 863 2706 habendum
878 2642 1097 2707 concessimus
1113 2646 1146 2706 et
1160 2641 1362 2720 donauimus,

56 2757 187 2834 damus,
222 2754 429 2821 concedimus
464 2760 496 2819 et
527 2753 649 2818 virtute
679 2754 884 2835 presencium
913 2754 1088 2820 autoritate
1116 2754 1207 2836 regia
1231 2753 1364 2819 Boemie

54 2869 240 2954 graciosius
258 2869 442 2950 elargimur,
467 2867 513 2933 ita
536 2867 698 2948 videlicet,
721 2868 806 2948 quod
829 2867 928 2933 iidem
951 2867 1183 2933 inhabitatores
1207 2873 1240 2933 et
1258 2868 1363 2933 incole

53 2982 207 3049 eiusdem
240 2982 386 3048 ciuitatis
416 2981 654 3046 Woduaoensis
689 2998 814 3045 exnunc
848 2982 980 3045 inantea
1013 2982 1153 3046 annuale
1185 2980 1290 3046 lorum
1326 2981 1359 3045 iu

57 3095 176 3162 eadem
199 3095 334 3160 ciuitate
356 3094 577 3160 Woduaoensi
600 3095 633 3159 in
657 3094 740 3161 festo
764 3092 858 3159 beate
881 3095 985 3160 Marie
1007 3094 1145 3176 virginis
1176 3094 1362 3159 natiuitatis

57 3215 199 3274 venturo
225 3209 370 3290 proxime
393 3208 588 3291 incipiendo,
612 3208 706 3273 annis
730 3208 868 3289 siugulis
891 3208 1010 3273 habere
1033 3212 1065 3273 et
1087 3208 1195 3290 ipsum
1217 3226 1275 3289 per
1291 3212 1363 3274 octo

55 3325 132 3390 dies
164 3322 340 3387 inmediate
375 3340 411 3387 se
445 3327 617 3403 sequentes
649 3322 838 3387 continuare
871 3320 1010 3385 debeant
1042 3340 1115 3386 cum
1148 3320 1363 3401 libertatibus,

50 3436 197 3522 juribus,
214 3433 512 3514 consuetudinibus,
528 3434 744 3517 prerogatiuis
761 3434 867 3500 solitis
889 3438 919 3499 et
936 3435 1110 3514 consuetis,
1126 3434 1242 3517 quibus
1258 3439 1365 3500 cetere

56 3555 174 3617 nostre
208 3548 358 3614 ciuitates
394 3549 485 3630 regui
515 3550 618 3614 nostri
650 3549 783 3614 Boemie
816 3550 849 3614 in
881 3551 1026 3631 ipsorum
1056 3549 1249 3615 annualibus
1282 3549 1363 3615 loris

58 3662 206 3748 gaudent
220 3668 254 3727 et
267 3661 449 3743 pociuntur,
473 3660 714 3742 impedimentis
732 3662 950 3742 quorumlibet
973 3664 1103 3744 penitus
1120 3664 1230 3745 procul
1247 3663 1362 3743 motis;

57 3776 247 3844 inhibentes
271 3775 434 3840 uniuersis
458 3780 491 3839 et
513 3776 651 3856 singulis
674 3775 858 3856 baronibus,
876 3776 1048 3856 nobilibus,
1072 3776 1240 3856 militibus,
1264 3776 1363 3842 clien-

55 3891 159 3971 tibus,
190 3888 394 3968 oificialibus,
426 3889 643 3970 burggrauiis‚
674 3890 840 3970 magistris
865 3890 996 3969 ciuium,
1025 3889 1221 3970 consulibus,
1244 3890 1360 3956 iuratis

56 4011 94 4071 et
116 4002 402 4071 communitatibus
435 4002 614 4081 ciuitatum,
649 4002 818 4083 opidorum
849 4008 882 4066 et
911 4003 1063 4081 locorum,
1099 4021 1223 4068 necnon
1246 4002 1363 4068 ceteris

56 4117 154 4200 regui
188 4117 292 4182 nostri
329 4115 463 4181 Boemie
499 4115 637 4180 subditis
673 4122 705 4180 et
737 4115 897 4193 fidelibus,
935 4115 1140 4195 presentibus
1170 4120 1204 4180 et
1232 4114 1362 4197 suturis,

56 4232 196 4299 firmiter
226 4235 258 4295 et
288 4229 446 4310 districte,
471 4247 511 4293 ue
541 4229 704 4311 predictos
735 4228 968 4294 inhabitatores
999 4234 1032 4293 et
1063 4228 1185 4294 incolas
1218 4229 1363 4295 ciuitatis

53 4343 298 4411 Woduaoensis
320 4342 466 4424 predicte
487 4342 520 4406 in
537 4341 682 4422 predicto
705 4342 837 4406 annuali
859 4341 939 4422 foro,
963 4360 1085 4407 necnon
1109 4346 1304 4409 mercatores
1325 4349 1360 4408 et

56 4460 142 4525 alios
174 4457 320 4523 homiues
355 4457 464 4538 ipsum
494 4454 598 4519 forum
632 4455 803 4520 visitantes
834 4454 1012 4536 impediant
1045 4474 1105 4521 nec
1132 4454 1282 4536 impediri
1305 4473 1363 4538 per

56 4570 253 4655 quempiam·
269 4568 455 4651 paciantur3
481 4569 559 4648 quin
583 4568 695 4648 pocius
714 4569 801 4649 ipsos
820 4568 906 4633 circa
920 4567 1106 4634 huiusmodi
1122 4574 1360 4651 manuteneant,

55 4689 172 4752 nostro
196 4682 326 4749 nomine
348 4686 522 4764 protegant
547 4680 721 4747 efficaciter
744 4687 777 4746 et
791 4681 974 4766 defendant,
990 4689 1086 4765 prout
1101 4683 1361 4781 indignacionem
