3098 5392
634 748 701 835 bn.
726 767 798 833 (00.

284 951 383 1031 14113,
408 951 452 1020 20
475 955 660 1040 prosince.
685 954 743 1024 Na
763 955 915 1026 Hortch
938 953 1130 1040 Kumycu.

59 1143 148 1209 mu
176 1145 291 1211 0000
313 1144 370 1209 JV
383 1145 528 1230 samue
543 1145 758 1231 0000000,
789 1148 949 1216 caseum
970 1148 984 1213 s
1004 1149 1057 1215 vso
1079 1148 1146 1214 (00·
1166 1148 1267 1212 mesta
1295 1124 1367 1209 cisa

58 1257 130 1322 aad
146 1258 272 1338 Labeon,
288 1257 498 1343 (11001010ορ,
520 1258 606 1328 Idcri
628 1262 771 1346 deposed
784 1264 879 1329 rodni
892 1261 1005 1345 platus?
1019 1259 1217 1328 Albrccbtouc'
1232 1241 1364 1327 Sabor

137 1373 300 1456 ursoyolo,
322 1377 404 1456 apat
422 1373 579 1457 oppldcoli
603 1375 810 1444 Mostcckdma
831 1373 990 1462 parbrabi
1010 1377 1109 1442 Petra
1131 1372 1295 1440 Molidoooi.

168 1565 376 1633 Wenceslaus
407 1574 466 1634 etc.
501 1569 661 1653 Magistro
691 1571 822 1653 ciuium,
858 1569 1044 1638 consulibus
1071 1569 1191 1653 juratis
1223 1572 1256 1632 et
1279 1584 1362 1632 com·

59 1680 216 1745 munitati
240 1681 384 1746 ciuitatis
407 1682 501 1748 Auslr
523 1701 621 1766 super
647 1684 759 1767 Albae,
789 1683 939 1750 fidelibus
970 1683 1090 1750 nostris
1120 1681 1259 1761 dilectis,
1292 1698 1363 1761 gra-

60 1792 148 1859 ciam
179 1794 303 1876 regiam
336 1799 369 1860 et
399 1814 492 1861 omne
521 1795 649 1863 bonum.
688 1798 817 1864 Fideles
848 1797 976 1863 dilectil
1013 1795 1097 1877 Quia
1126 1794 1300 1877 priuilegia
1328 1798 1361 1858 et

58 1906 188 1973 litteras
211 1927 269 1990 per
291 1907 460 1976 Albertum
489 1909 677 1991 pincernam
707 1910 748 1978 de
770 1910 876 1996 Seyda
905 1914 1160 1993 superacutum
1191 1907 1363 1989 sexagenis

57 2038 248 2102 grossorum
279 2022 487 2105 pragensium
518 2023 581 2089 sibi
604 2044 662 2107 per
684 2043 741 2092 vos
764 2043 865 2108 reque
891 2024 934 2090 od
954 2022 1192 2105 beneplacitum
1214 2024 1362 2087 nostrum

59 2135 159 2199 annis
183 2136 321 2217 singulis
337 2136 504 2203 soluendis
520 2156 539 2202 a
555 2138 647 2220 regia
668 2143 781 2205 nostro
802 2139 975 2204 maiestate
997 2137 1144 2203 obtentas
1160 2134 1363 2202 decreuimus

59 2248 266 2315 reuocandas
290 2254 322 2315 et
338 2250 460 2316 virtute
480 2252 686 2333 presencium
701 2252 742 2318 de
757 2256 845 2319 certa
867 2255 981 2319 nostra
1000 2249 1141 2317 sciencia
1162 2265 1362 2328 remeamus,

58 2359 185 2427 idcirco
215 2360 366 2429 fidelitati
399 2367 508 2431 vestre
536 2364 686 2430 districto
718 2365 916 2448 precipimus
946 2369 980 2430 et
1012 2363 1202 2430 mandamus
1235 2360 1363 2427 omnino

55 2473 217 2556 volentes,
240 2481 397 2558 quatenus
421 2495 546 2567 exnunc
569 2478 700 2543 inantea
723 2481 853 2544 centum
876 2496 1053 2561 sexagenas
1077 2474 1204 2559 prefato
1228 2473 1362 2541 Alberto

60 2588 252 2654 nullatenus
280 2591 367 2669 dore,
397 2590 455 2656 sed
485 2590 599 2672 pocius
630 2590 761 2656 easdem
782 2590 879 2656 Petro
908 2590 1134 2671 Miliczowecn,
1164 2588 1363 2671 burggrauio

56 2701 226 2782 Pontensi,
258 2700 347 2768 fideli
370 2708 482 2769 nostro
504 2702 633 2785 dilecto,
666 2704 718 2770 oui
741 2704 830 2786 ipsas
854 2702 987 2770 anobis
1017 2702 1138 2769 nostris
1169 2702 1364 2768 auctoritate

57 2822 96 2883 et
121 2816 250 2881 nomine
271 2815 432 2881 tollendas
455 2821 488 2882 ot
502 2816 707 2898 recipiendos
730 2836 788 2899 per
810 2818 918 2900 ipsum
933 2816 968 2882 in
985 2834 1062 2881 vsus
1077 2819 1206 2881 nostros
1229 2834 1363 2882 conuer-

57 2929 177 2995 tendas
201 2930 439 3012 deputauimus,
464 2930 542 2996 dare
557 2936 590 2996 et
605 2932 665 2997 bao
682 2931 754 2997 vioe
770 2930 841 2996 sine
857 2930 1039 2996 renitencia
1054 2933 1087 2995 et
1102 2928 1363 2996 contradiccione

58 3042 263 3127 quibuslibet
285 3044 454 3125 assignare
476 3044 582 3110 modis
606 3043 753 3110 omnibus
778 3044 923 3110 debeatis
947 3043 1149 3126 integraliter
1172 3048 1205 3108 et
1227 3043 1261 3108 in
1275 3048 1359 3123 toto;

55 3175 135 3223 nam
157 3162 327 3240 postquam
349 3157 473 3239 prelato
489 3158 584 3224 Petro
607 3158 794 3225 huiusmodi
813 3163 942 3225 centum
965 3173 1143 3240 sexagenas
1169 3174 1356 3239 pragenses²

55 3275 97 3335 ut
120 3268 289 3351 prefertur,
313 3270 548 3352 persoluenda,
573 3277 690 3338 extunc
713 3291 770 3338 vos
794 3277 827 3338 et
845 3271 1013 3338 ciuitatem
1036 3274 1175 3336 vestram
1191 3288 1250 3353 pro
1266 3269 1358 3336 nobis

55 3387 93 3449 et
116 3380 308 3448 officialibus
332 3383 452 3449 nostris
484 3384 525 3449 de
548 3384 670 3450 eisdem
692 3384 753 3451 hac
785 3385 857 3450 uice
890 3385 932 3450 de
961 3389 1050 3451 corta
1080 3389 1191 3450 nostra
1221 3383 1362 3449 sciencia

57 3495 186 3578 quittos
200 3494 377 3577 reddimus,
394 3496 533 3562 dicimus
548 3499 679 3578 penitus
696 3503 729 3563 et
744 3498 877 3564 solutos.
893 3497 1103 3564 Presencium
1115 3495 1174 3563 sub
1186 3495 1359 3579 oppressis.

55 3611 181 3675 Datum
212 3611 246 3675 in
276 3610 442 3676 Montibus
474 3609 625 3677 Chuttnis
659 3630 743 3677 anno
779 3611 900 3677 domiui
935 3616 971 3676 ut
1002 3629 1102 3694 supro
1131 3609 1185 3676 die
1206 3609 1267 3676 XX
1297 3609 1360 3673 De·

55 3721 208 3803 cembris,
230 3738 404 3807 regnorum
426 3728 610 3791 nostrorum
632 3729 695 3791 eto.

163 3936 250 4009 Vipis
268 3957 284 3993 z
301 3939 420 4008 register
444 3939 628 4008 krtlovslrych
654 3940 787 4011 rrnkop.
812 3943 860 3995 cis.
885 3938 1051 3995 universitui
1074 3938 1217 4010 knihovny
1234 3936 1358 3996 Preaskt
1436 3995 1439 3999 ,

57 4034 236 4104 „Copimium
254 4034 321 4104 dipl.
338 4034 568 4090 Praemislaeum“
589 4035 658 4103 sign.
678 4035 750 4090 VIA
768 4042 783 4091 'l
801 4051 839 4091 na
856 4036 874 4089 1.
892 4038 951 4090 tlt
969 4053 1004 4091 za
1021 4035 1163 4106 ndpiscm:
1190 4035 1360 4100 „Rouocacio

55 4133 202 4186 literarum
229 4131 337 4185 Alberti
364 4131 400 4184 do
424 4131 515 4200 Seyda
542 4131 665 4200 supero
690 4148 749 4186 sex.
773 4132 802 4186 in
826 4133 915 4201 Arrsk,
940 4150 1010 4203 quas
1034 4149 1084 4187 rex
1108 4132 1157 4187 dat
1179 4132 1263 4187 Petro
1288 4132 1360 4187 Mili·

59 4231 211 4284 czowocz“.
229 4226 433 4295 Plcdchdzejlci
450 4227 528 4297 ripis
547 4230 592 4282 ma
611 4227 704 4282 (lutum
724 4246 812 4294 „anno
832 4229 936 4284 domini
953 4230 997 4284 Ml
1015 4228 1117 4284 CCCC⁰
1134 4230 1229 4297 tercio,
1247 4228 1292 4282 dio
1309 4228 1362 4283 XX

53 4322 245 4393 Decembris“,
264 4339 281 4379 a
297 4324 360 4379 krail
377 4324 481 4380 Vaclav
491 4325 531 4380 IV
550 4342 585 4394 po
605 4326 692 4380 uitbku
710 4342 741 4379 ze
759 4326 844 4395 zajcti
862 4326 946 4381 sviho
965 4342 998 4380 vc
1016 4325 1101 4380 Vidni
1117 4325 1225 4379 meilral
1238 4341 1254 4381 r
1265 4324 1360 4379 Kutnt

53 4420 134 4476 Holc
159 4420 195 4476 od
219 4425 253 4475 24
276 4419 418 4492 listopadu
441 4422 478 4477 do
502 4427 545 4478 20.
569 4423 706 4493 prosince,
730 4430 863 4494 napotom
887 4424 1006 4478 rPruzc
1032 4422 1154 4494 (Tomek,
1180 4419 1295 4492 Dejepis
1324 4437 1360 4475 m.

52 4515 150 4586 Prnhy
168 4515 209 4571 111
226 4522 275 4571 str.
294 4523 366 4584 tao).
