3098 5392
148 392 211 458 170
768 397 844 446 usu.

145 602 418 683 consuetudinem,
449 602 533 668 sicut
560 603 623 670 rite
654 610 687 668 et
716 603 852 687 prouide
873 602 1059 669 introducta
1080 604 1188 669 estet
1208 601 1357 671 hacteuus
1376 610 1431 679 ob

143 723 281 797 seruata,
304 715 518 797 approbamus
541 721 574 781 et
595 718 755 797 presentis
778 717 891 799 scripti
914 715 1093 799 patrocinio
1116 718 1354 798 communimus,
1381 720 1430 790 iu·

141 829 291 895 hibentes
314 829 475 894 uniuersis
498 831 581 896 sacri
593 830 730 897 Romani
753 830 881 913 imperii
896 829 1056 911 fidelibus,
1080 835 1113 896 et
1135 830 1319 913 specialiter
1327 830 1423 915 judici

141 942 290 1024 Egrensi,
326 944 381 1023 qui
403 961 460 1025 pro
482 948 626 1025 tempore
648 944 754 1026 fuerit
782 950 818 1011 vt
839 949 950 1011 contra
971 944 1076 1027 ipsam
1106 962 1171 1010 uon
1193 944 1304 1010 uenire
1322 962 1417 1027 prosu·

141 1061 230 1120 mant
262 1055 446 1138 aliqualiter
475 1056 528 1121 uel
556 1061 756 1139 attemptent
802 1057 1008 1122 Presencium
1042 1055 1229 1122 testimonio
1257 1056 1409 1122 litteramn

141 1173 250 1233 nostre
279 1168 460 1234 maiestatis
491 1168 592 1251 sigilli
620 1168 734 1234 robore
763 1169 972 1251 signatarum.
1017 1168 1139 1233 Datum
1171 1168 1258 1250 apud
1290 1175 1406 1235 sanctum

144 1280 334 1347 Cassianum
356 1283 390 1347 in
413 1281 529 1347 castris
559 1289 635 1347 ante
656 1283 857 1348 florenciam
887 1279 962 1347 ΧΨ
981 1281 1138 1347 kalendas
1161 1280 1351 1363 Decembris,
1371 1281 1404 1346 in·

142 1396 288 1461 diccione
317 1396 372 1475 XI,
394 1415 477 1462 anuo
507 1396 628 1462 domini
662 1396 833 1462 millesimo
855 1396 1081 1462 trecentesimo
1110 1394 1309 1477 duodecimo,
1337 1393 1403 1476 regni

142 1510 244 1574 nostri
266 1528 350 1574 anno
372 1516 495 1591 quarto,
518 1510 647 1592 imperii
669 1529 745 1575 vero
767 1510 879 1592 primo.

243 1679 315 1748 Orig.
341 1697 415 1751 perg.
433 1680 573 1734 varchiru
597 1697 631 1734 m.
657 1680 760 1736 Cbebu.
795 1680 932 1735 Svelkou
951 1679 1041 1751 peisti
1063 1681 1209 1736 ciaaislrou
1235 1695 1272 1736 na
1290 1677 1402 1734 hedrtbnt

139 1774 304 1831 hnbdoilntc
323 1775 407 1829 iibie
424 1774 589 1830 naveienou.
607 1775 652 1831 Na
668 1776 738 1830 rubu
756 1776 851 1846 listiny
869 1776 913 1831 ite
931 1791 976 1830 ae:
997 1775 1122 1846 „Kayser
1137 1776 1287 1832 Heinricha
1301 1773 1403 1830 brirbu

138 1871 247 1940 totsleg,
271 1870 321 1925 das
340 1870 403 1925 dem
421 1870 523 1925 ricbter
545 1870 595 1926 das
620 1869 723 1926 dritteil
746 1870 801 1924 rud
824 1870 875 1925 der
891 1870 995 1926 bornen
1012 1870 1067 1925 rud
1085 1871 1140 1926 den
1158 1870 1265 1926 kindeu
1280 1870 1323 1924 dia
1338 1880 1404 1934 arey

137 1968 185 2022 teil
204 1968 253 2021 der
271 1975 385 2022 vurnten
405 1968 475 2022 habe
495 1969 536 2022 sol
553 1968 686 2023 werden.“
698 1968 842 2034 —Iimlem
860 1968 982 2036 Regesta
992 1967 1041 2024 111.
1059 1966 1081 2022 b
1096 1973 1154 2023 lib
1172 1998 1209 2009 —-
1226 1966 1316 2033 unct
1330 1966 1406 2019 bionu-

139 2071 232 2118 menta
249 2064 360 2132 Egrana
378 2064 398 2117 Ι.
417 2063 439 2117 i.
458 2069 505 2117 611
527 2080 563 2118 ua
581 2069 630 2118 str.
649 2069 707 2118 224.
734 2095 769 2105 -
792 2063 921 2130 Bbhmer,
944 2065 1015 2119 Acta
1037 2063 1147 2133 imperii
1171 2061 1410 2119 cercentius·

714 2327 777 2411 (its.
802 2347 853 2412 96.

514 2516 611 2597 1314,
635 2519 678 2588 13
701 2516 814 2604 iijna
836 2517 911 2586 Bau
932 2517 1058 2588 mista.

135 2690 280 2756 Romanu
311 2712 328 2756 c
355 2690 595 2768 subcenturia,
632 2692 731 2775 udooy
762 2714 806 2775 po
842 2690 1000 2776 Hyakooo',
1041 2692 1208 2760 Vadam·
1241 2712 1264 2757 a
1297 2671 1428 2757 &abaco

135 2802 279 2869 brutrccb
300 2804 571 2881 caementaria,
595 2827 617 2870 a
640 2804 760 2888 Heben,
790 2827 850 2888 syn
872 2806 1009 2873 Vdclaoo
1029 2826 1047 2873 a
1069 2804 1310 2881 Lemonum,
1339 2817 1422 2869 osw

135 2916 239 2999 bocuji
258 2919 401 2999 mosleage
415 2917 699 2984 nfmwcuoorousko
718 2941 763 2985 aa
785 2920 873 2985 datos
892 2918 949 2985 rok
969 2920 1010 2985 od
1030 2919 1155 2987 iimcc
1176 2941 1198 2983 α
1218 2919 1307 2986 berni
1324 2938 1359 2983 ιι
1382 2918 1417 2983 ie

137 3031 171 3094 bc
187 3033 332 3112 piouzali
351 3033 507 3116 vystaoob'
519 3033 615 3117 jeden
631 3053 784 3116 procaces
805 3031 939 3099 morsm
958 3033 1013 3099 adi
1032 3055 1076 3099 ua
1096 3035 1193 3099 misti
1209 3032 1295 3099 saue
1314 3032 1411 3098 num·

539 3144 642 3224 ambo,
664 3145 803 3212 ktere'm
824 3152 855 3213 to
876 3146 1022 3214 cubicio.

234 3319 300 3385 Nos
327 3320 512 3386 Remundus
536 3322 576 3387 de
598 3322 810 3403 Luchteburc,
837 3323 1013 3406 Methylliu
1037 3323 1147 3405 Agnes
1168 3327 1204 3388 et
1224 3324 1339 3406 Agnes,
1363 3315 1401 3382 dt

131 3432 290 3498 minorum
312 3434 394 3499 boue
412 3436 565 3501 memorie
580 3435 763 3518 Heimanni‚
775 3435 939 3520 Wenzlay,
960 3435 1137 3502 Ztsnkonis
1157 3436 1282 3517 relicte
1302 3445 1397 3501 necnon

132 3545 332 3612 Heimannus
354 3547 432 3613 dicti
459 3548 581 3614 domiui
604 3548 758 3634 Wenzlay
788 3548 883 3615 tilius.
929 3549 980 3615 Ad
1009 3548 1238 3616 uniuersorum
1265 3547 1397 3621 nuncin

130 3660 246 3740 quibus
269 3679 401 3742 presens
429 3662 584 3744 scriptum
616 3662 793 3728 exhibitum
815 3662 923 3743 fuerit,
954 3661 1101 3744 cupimus
1130 3662 1311 3746 pervenire,
1338 3651 1398 3744 quot

131 3790 199 3851 nos,
233 3774 359 3855 quondo
394 3793 492 3856 super
512 3776 696 3840 municione
718 3781 827 3841 nostre
860 3774 1014 3856 ciuitatis,
1048 3775 1203 3843 videlicet
1234 3775 1318 3843 muri
1346 3789 1399 3839 oon·

133 3887 309 3951 structione
332 3888 365 3952 in
388 3888 505 3969 Brodsu
536 3908 607 3954 cum
637 3890 758 3954 nostris
791 3887 940 3955 fidelibus
962 3887 1089 3955 ciuibus
1115 3888 1238 3956 ibidem
1266 3890 1301 3955 in
1327 3900 1400 3953 mun

129 4000 346 4080 conticuimus,
370 4001 451 4083 ipsis
475 4001 515 4066 de
537 4008 647 4068 nostra
670 4002 836 4068 voluntate
857 4002 941 4068 bona
963 4007 997 4068 et
1017 4020 1177 4069 consensu
1197 4001 1338 4069 unanimi
1358 4012 1401 4083 pfl

129 4109 158 4175 X
184 4131 284 4177 annos
317 4108 495 4194 plenariam
528 4117 745 4181 concessimus
779 4116 970 4199 libertatem,
1004 4115 1107 4182 eciam
1138 4116 1332 4201 interposito
1356 4109 1401 4179 ui

126 4231 229 4305 pacto,
258 4227 391 4308 scilicet,
427 4230 512 4311 quod
536 4229 651 4294 fratres
675 4228 843 4309 Cruciferi,
873 4235 983 4296 nostre
1008 4229 1145 4296 aecimis
1165 4236 1321 4312 rectores,
1339 4223 1405 4295 inibi

128 4337 208 4402 duos
231 4339 324 4404 funes
347 4341 425 4406 dicti
448 4342 531 4405 muri
555 4341 708 4406 ‹leiserent
729 4343 863 4426 erigere,
894 4362 975 4426 quos
1003 4342 1032 4409 si
1061 4362 1128 4411 non
1157 4344 1331 4427 erigerent
1355 4338 1408 4426 ipsi

127 4452 246 4515 uostris
270 4455 450 4534 sumptibus
474 4456 598 4536 erigere
620 4455 817 4522 deberemus.
842 4456 1001 4523 Prodictis
1020 4474 1097 4523 voro
1111 4456 1271 4525 manibus
1291 4476 1312 4524 ι
1330 4453 1417 4525 nobia-

128 4564 245 4630 deuote
278 4567 460 4647 petentibus
490 4568 530 4633 ob
560 4569 672 4634 diuino
702 4570 976 4638 renumerationis
1007 4570 1164 4638 intuitum
1192 4571 1228 4639 in
1258 4590 1323 4641 vno
1348 4571 1422 4641 tuno
