3098 5392
206 422 290 487 1014
812 414 887 463 1405.

311 623 520 692 wenceslaus
554 623 607 688 dei
637 622 747 705 gracia
775 621 992 687 Romanorum
1025 636 1081 683 rex
1115 635 1242 700 semper
1279 621 1450 699 augustus
1486 623 1516 678 et

202 740 336 809 Boemie
357 755 422 803 rex.
453 736 572 802 Notum
595 735 730 802 facimus
752 739 865 801 tenore
880 732 1084 816 presencium
1106 731 1283 798 vniuersis.
1308 731 1411 797 Licet
1435 731 1514 796 alias

204 856 245 921 ad
268 855 457 936 inportunas
481 867 592 931 preces
616 848 709 913 Pauli
731 846 860 930 plebani
883 847 917 912 in
932 845 1052 912 Zeatok
1067 850 1101 912 et
1115 844 1221 927 ipsius
1236 843 1514 911 informacionem

205 968 370 1035 sinistram
393 964 499 1030 eidem
520 962 612 1044 regia
634 966 744 1028 nostra
776 961 933 1027 serenitas
967 960 1079 1026 decem
1109 976 1291 1042 sexagenas
1324 976 1513 1042 grossorum

205 1079 412 1165 pragensium
435 1077 497 1144 sibi
530 1076 571 1142 de
593 1075 684 1142 curia
707 1081 740 1141 et
760 1075 880 1141 allodio
904 1076 936 1140 in
952 1074 1139 1141 Schintloch
1161 1091 1264 1154 prope
1289 1071 1512 1139 Crassianian

207 1194 279 1262 sitis
302 1213 359 1277 pro
382 1192 477 1259 altari
497 1190 665 1257 beatorum
687 1190 906 1271 apostolorum
941 1188 974 1253 in
997 1187 1136 1254 ecclesia
1157 1186 1344 1268 parochiali
1371 1186 1511 1252 ciuitatis

207 1305 474 1386 Guaeslaniensis,
516 1305 608 1372 cuiue
652 1303 763 1369 altaris
800 1302 1002 1384 capellanum
1043 1319 1078 1367 se
1121 1298 1191 1366 iore
1227 1301 1391 1381 asseruit,
1426 1298 1511 1365 annis

207 1418 345 1504 singuiis
368 1419 599 1503 persoluendas
623 1416 880 1497 incorporauerit
895 1421 928 1481 et
943 1413 1212 1497 appropriauerit,
1235 1413 1328 1481 sicut
1351 1412 1390 1480 id
1413 1413 1510 1496 ipsum

209 1535 242 1600 in
266 1534 371 1600 literis
393 1533 574 1598 maiestatis
597 1536 708 1596 nostre
731 1530 794 1597 sibi
808 1530 958 1630 ‘desuper
979 1529 1065 1596 datis
1090 1528 1218 1611 plenius
1234 1533 1289 1594 est
1305 1544 1511 1610 expressum:

209 1666 319 1714 sumus
341 1653 449 1712 tamen
472 1643 671 1711 sufficienter
700 1661 759 1725 per
780 1643 952 1708 nonnullos
982 1647 1110 1708 nostros
1142 1639 1257 1708 fidelos
1293 1641 1464 1708 informati
1483 1643 1510 1703 at

210 1761 362 1827 instructi
384 1759 601 1841 predictarum
636 1758 747 1824 decem
778 1775 1012 1839 sexagenorum
1040 1755 1343 1838 incorporacionem
1367 1774 1429 1838 per
1450 1771 1509 1828 nos,

208 1879 243 1940 vt
275 1873 484 1956 premittitur,
526 1872 567 1937 ad
609 1871 727 1954 prefati
766 1870 860 1937 Pauli
893 1869 1157 1937 informacionem
1190 1869 1365 1936 sinistram
1399 1868 1507 1935 factam

209 1988 363 2071 magistro
387 1985 517 2066 ciuium,
547 1984 662 2068 judici,
698 1984 884 2051 consulibus
913 1985 1032 2067 juratis
1065 1989 1100 2050 et
1121 1985 1349 2051 communitati
1374 1982 1510 2049 ciuitatis

209 2106 319 2167 nostre
354 2099 624 2180 (lzasalanieneis,
664 2098 724 2164 snb
764 2119 902 2181 quornm
932 2098 1166 2182 jurisdiccione
1200 2097 1332 2180 prefata
1366 2097 1452 2163 bona
1482 2096 1509 2157 in

209 2214 396 2282 Schintloch
418 2214 539 2279 situata
562 2217 647 2294 aunt,
671 2214 705 2277 in
723 2213 791 2278 suis
803 2212 944 2296 juribus,
967 2212 1086 2294 graciis
1107 2217 1141 2277 et
1155 2210 1379 2293 libertatibus,
1402 2209 1509 2294 quibus

210 2328 366 2395 hactenus
388 2332 533 2409 tempore
556 2325 822 2408 predecessorum
840 2330 1034 2408 nostrorum,
1056 2343 1170 2409 regum
1191 2323 1366 2404 Bohemie,
1391 2322 1511 2388 iratist

212 2442 261 2508 vsi
285 2446 370 2522 sunt,
405 2459 467 2522 que
497 2444 530 2505 et
563 2457 643 2523 quas
665 2440 786 2506 nostris
810 2440 1019 2523 temporibus,
1052 2438 1264 2519 eicntdecet,
1302 2436 1443 2520 infringi
1464 2455 1510 2499 no·

210 2556 327 2635 lomus,
361 2553 483 2637 grande
513 2554 730 2635 preludicium
761 2552 909 2636 irrogari,
943 2571 984 2620 ex
1013 2571 1051 2618 eo
1082 2551 1247 2631 uidelicet,
1280 2551 1373 2635 quod
1396 2551 1461 2634 ipsi
1479 2548 1511 2613 li·

212 2674 310 2748 teras,
342 2685 422 2748 quas
445 2665 589 2748 prefatus
615 2667 737 2734 Paulus
761 2686 859 2751 super
880 2666 1017 2751 prefatis
1050 2666 1162 2734 decem
1185 2665 1361 2748 sexagenis
1393 2681 1511 2748 grosso·

212 2800 284 2846 rum
306 2798 379 2846 cum
400 2779 545 2860 ipsorum
568 2780 712 2847 ciuitatis
736 2782 844 2864 sigillo
866 2783 1010 2848 munitas
1034 2779 1167 2863 obtinet,
1191 2779 1226 2845 in
1248 2779 1349 2862 pleno
1375 2781 1510 2862 ipsorum

214 2893 349 2960 consilio
381 2892 511 2974 dudum,
552 2899 724 2977 antequam
759 2895 905 2976 predicta
938 2900 1049 2962 nostra
1078 2895 1261 2961 maiestatis
1294 2894 1396 2959 litera
1428 2907 1512 2973 snper

213 3007 368 3089 predictis
391 3006 501 3072 decem
524 3008 696 3089 sexagenis
720 3015 913 3089 emanasset,
937 3009 1092 3092 legitimis
1116 3027 1154 3074 ex
1178 3007 1288 3073 causis
1314 3027 1375 3090 per
1394 3012 1510 3072 senteu-

215 3122 298 3186 ciam
320 3121 463 3202 ipsorum
486 3106 696 3186 diffinitiuam
719 3121 948 3187 abiudicarunt
970 3124 1100 3206 penitus
1126 3126 1158 3186 et
1176 3122 1407 3201 annullarunt3
1434 3119 1509 3184 ideo

216 3254 278 3318 que
300 3235 407 3298 animo
429 3233 608 3299 deliberato
639 3239 672 3299 et
704 3234 744 3300 de
776 3241 865 3301 certa
893 3241 1005 3302 nostra
1036 3235 1179 3302 sciencia
1201 3234 1388 3317 predictam
1412 3238 1509 3299 nostre

217 3347 398 3412 maiestatis
432 3346 560 3412 literam
594 3366 651 3428 per
674 3347 836 3429 prefatum
870 3349 1005 3414 Paulum
1036 3368 1056 3414 a
1085 3349 1256 3414 maiestate
1282 3353 1400 3414 nostra
1422 3361 1508 3428 snper

215 3460 479 3542 incorporacione
508 3460 728 3540 predictarum
759 3461 868 3527 decern
901 3480 1134 3544 sexagenarum
1165 3479 1283 3527 oeneus
1319 3462 1422 3527 annui
1453 3476 1512 3542 pro

216 3574 373 3639 dictorunx
410 3573 566 3638 bonorum
600 3574 633 3636 in
674 3573 859 3639 Sclrintloch
895 3575 1026 3640 sinistre
1061 3575 1266 3656 impetratam
1305 3576 1511 3640 annullamus.

216 3705 391 3767 cassamus,
421 3704 612 3752 reuocamua
643 3692 676 3751 ct
709 3688 830 3753 virtute
860 3690 1064 3771 presencium
1087 3687 1212 3753 viribus
1234 3689 1385 3755 totaliter
1409 3703 1511 3752 uacua·

215 3819 297 3880 mus,
321 3800 530 3866 decernentes
554 3807 587 3865 et
614 3820 766 3883 expresse
788 3804 944 3884 volentes,
976 3803 1112 3869 eandem
1145 3802 1269 3868 nullius
1293 3801 1366 3868 fore
1390 3801 1512 3872 roboris,

217 3911 360 3979 efficacia
392 3932 449 3979 seu
484 3914 615 3997 vigoris.
655 3916 841 3982 Inhibentes
865 3916 1042 3982 venerabili
1077 3915 1241 3995 Sbinconi,
1277 3915 1513 3998 archiepiscopo

217 4027 383 4109 Pragensi,
406 4029 583 4109 apostolice
599 4030 685 4095 sedis
702 4031 819 4113 legato,
843 4031 993 4114 principi,
1010 4048 1133 4096 necnon
1150 4029 1317 4094 uniuersis
1334 4035 1367 4095 et
1383 4026 1512 4111 singulis

218 4142 286 4205 suia
311 4140 503 4207 officialibus
527 4147 560 4207 et
578 4143 744 4225 judicibus
768 4151 801 4210 ot
824 4144 990 4227 signanter
1021 4142 1153 4209 officiali
1176 4143 1336 4225 Pragensi
1370 4161 1429 4207 seu
1451 4139 1513 4205 aliis

213 4253 379 4336 judicibus
403 4256 658 4339 quibuscumque
680 4276 738 4338 per
761 4258 871 4322 aedem
893 4256 1105 4340 apostolicam
1136 4272 1194 4321 scu
1227 4275 1286 4337 per
1310 4256 1402 4338 ipsos
1427 4254 1513 4334 depo·

218 4367 306 4447 tatis,
340 4369 396 4448 qui
427 4389 511 4436 nunc
545 4375 622 4434 sunt
655 4389 712 4436 seu
747 4389 806 4452 pro
829 4377 974 4453 tempore
1006 4368 1140 4451 fuerint,
1174 4368 1217 4434 ad
1239 4388 1322 4451 quos
1356 4372 1514 4453 presentes

218 4483 436 4562 peruenerint,
460 4483 587 4548 deuotis
611 4485 731 4548 nostris
756 4485 896 4567 dilectis,
927 4484 1063 4552 firmiter
1085 4489 1119 4551 et
1141 4484 1303 4566 districte,
1335 4503 1378 4549 ne
1401 4483 1465 4566 ipsi
1484 4475 1515 4543 ad

219 4593 410 4657 instanciam
447 4596 562 4675 praelati
594 4598 686 4661 Pauli
721 4603 870 4679 pretextu
895 4598 1114 4680 predictarum
1147 4598 1258 4664 decem
1281 4612 1518 4678 sexagenarum
