3098 5392
234 468 316 533 1032
826 465 916 517 1101.

228 674 377 757 cybiraji,
400 693 434 738 se
455 672 579 755 arctaji
599 692 620 736 a
642 673 817 738 1100010111
836 671 996 755 ceypouedi
1016 672 1078 737 te'to
1100 670 1229 738 11111άά11
1252 694 1291 739 sc
1308 672 1441 756 pabulo
1464 676 1532 739 1000

707 783 767 867 kop
788 807 840 869 pr.
857 783 1047 870 prcdsky'clt.

336 1003 547 1070 wenceslaus
582 1004 635 1070 dei
669 1005 779 1087 gracia
812 1005 1029 1071 Romanorum
1062 1023 1120 1071 rex
1150 1023 1287 1088 semper
1322 1014 1533 1092 augustrmet

232 1116 365 1183 Boemie
387 1135 453 1183 res.
494 1117 615 1183 Notum
638 1116 776 1184 iacimus
806 1124 918 1185 tenore
940 1118 1146 1201 presencium
1169 1119 1358 1204 uniuersis,
1382 1123 1469 1207 qnod
1488 1141 1532 1205 pro

231 1234 325 1310 parte
353 1231 581 1312 magistrorum
612 1230 744 1311 ciuium,
777 1231 955 1312 consulum,
984 1232 1170 1314 juratorum
1204 1238 1239 1299 et
1273 1237 1532 1304 communitatum

232 1343 398 1424 Zacensis,
428 1342 610 1426 Pontensis,
641 1341 853 1425 (ludunensis,
883 1344 1045 1411 Lunensis
1076 1350 1110 1410 et
1140 1344 1442 1418 Ohomutouiensis
1467 1351 1531 1418 cini·

232 1461 345 1536 tatum,
378 1453 523 1521 fidelium
554 1461 736 1522 nostrornm
763 1457 965 1538 dilectorum,
996 1463 1085 1523 extat
1106 1458 1280 1527 maiestati
1306 1470 1425 1531 nostre
1446 1463 1529 1531 11001·

232 1570 308 1634 11101
339 1569 566 1652 supplicatum,
599 1574 760 1651 quatenus
788 1570 871 1652 ipsis
894 1571 1056 1652 quandam
1079 1575 1398 1654 pronuncciacionis
1421 1578 1529 1644 litarem

233 1701 290 1765 per
322 1682 630 1749 reuerendissimum
661 1683 695 1748 in
727 1682 856 1750 Christo
887 1689 1012 1766 patrem
1045 1684 1290 1770 wenceslaum,
1326 1691 1528 1773 patriarchen

235 1796 496 1877 Antiochensem,
513 1797 743 1862 cancellarium
755 1801 911 1879 nostrum,
924 1803 958 1863 et
968 1797 1187 1865 venerabilem
1200 1798 1398 1870 Conradum
1410 1805 1527 1871 electum

232 1909 453 1989 Werdensem,
477 1910 569 1992 regni
592 1911 696 1976 nostri
718 1909 851 1977 Boemie
874 1911 1157 1994 subcamerarium,
1181 1913 1330 1982 deuotos
1347 1916 1526 1984 000100011-

233 2024 346 2106 lectos,
368 2025 454 2090 inter
477 2026 566 2106 ipsos
589 2024 629 2089 ab
645 2043 718 2106 rna,
741 2030 775 2091 et
796 2025 931 2107 nobiles,
954 2026 1101 2107 barones,
1125 2027 1250 2094 milites
1274 2034 1313 2096 et
1336 2031 1471 2098 clientes
1490 2028 1526 2092 di·

234 2140 368 2205 strictus
398 2139 569 2219 Zacensis,
602 2136 715 2204 fideles
745 2144 873 2205 nostros
904 2139 1057 2221 dilectos,
1091 2144 1185 2222 parta
1227 2141 1272 2207 ab
1308 2145 1416 2211 altera
1445 2159 1525 2225 snper

234 2251 424 2334 quibusdam
452 2251 579 2335 juribus
610 2256 641 2316 et
672 2250 962 2318 constitucionibus
994 2251 1077 2334 ipsis
1101 2251 1212 2318 datam
1234 2257 1435 2339 approhare,
1462 2254 1524 2321 nti·

232 2364 329 2431 ficare
352 2371 384 2431 01
407 2363 595 2432 confirmare
624 2365 806 2446 graciosius
830 2364 1055 2448 dignaremur3
1094 2366 1187 2432 euius
1221 2368 1362 2448 quidem
1383 2386 1523 2454 pronmc

232 2479 387 2544 elacionis
410 2479 504 2544 litere
527 2483 620 2543 tenor
642 2496 699 2560 per
720 2479 828 2544 omnia
844 2479 992 2560 sequitur
1007 2483 1040 2543 et
1054 2483 1105 2544 est
1118 2479 1215 2545 talis:
1238 2479 1313 2549 Nos
1328 2482 1523 2550 Wsncaslsus

233 2591 285 2657 dei
309 2592 418 2674 gracia
440 2592 624 2674 patriarcha
647 2591 885 2673 Antiochensis,
909 2592 983 2658 aule
1004 2592 1224 2659 Romanorum
1241 2600 1277 2660 et
1293 2596 1432 2664 Boemie
1450 2594 1522 2677 regis

232 2706 454 2785 cancellarius,
486 2710 519 2771 et
549 2703 717 2771 Gouradus
748 2705 870 2771 electus
900 2704 1099 2787 Werdensis,
1130 2707 1225 2788 regni
1257 2708 1401 2776 Boemie
1426 2708 1522 2776 00110·

232 2819 400 2898 merarius,
435 2822 546 2883 notum
574 2817 711 2884 facimus
742 2824 854 2884 tenore
883 2819 1088 2901 presencium
1119 2821 1300 2904 uniuersis,
1336 2824 1432 2907 quod,
1463 2839 1521 2888 cnm

232 2933 367 3013 nobiles,
400 2932 546 3013 barones,
581 2933 702 2997 milites
733 2937 765 2997 et
794 2933 928 2998 clientes
959 2931 1128 3000 districtus
1151 2934 1315 3003 Zacensis
1340 2938 1381 3004 ab
1405 2956 1472 3017 100,
1497 2940 1522 2996 et

233 3046 407 3128 prudentes
446 3046 508 3110 viri
548 3047 695 3128 magistri
733 3046 872 3128 ciuium,
912 3047 1071 3129 consules,
1101 3047 1205 3131 jurati
1247 3055 1283 3114 et
1321 3052 1520 3118 comunitates

233 3160 403 3226 ciuitatum
440 3160 603 3240 Zacensis,
643 3160 824 3240 Pontensis,
864 3158 1083 3242 (ladanensis,
1120 3159 1289 3228 Lunensis
1335 3170 1370 3231 et
1402 3163 1520 3230 Chonn-

232 3273 392 3339 touieusis
424 3279 517 3355 parte
539 3274 579 3339 ab
606 3275 709 3339 altera
744 3293 841 3356 super
870 3274 1018 3340 omnibus
1053 3279 1086 3340 et
1115 3274 1258 3356 singulis
1291 3275 1518 3350 controuersiis,

233 3386 347 3452 litibus
371 3394 404 3452 01
426 3387 709 3470 displicenciarum
731 3387 877 3453 materiis
902 3389 986 3454 inter
1009 3389 1098 3470 ipsos
1117 3387 1275 3454 hincinde
1290 3397 1441 3473 pretextu
1456 3405 1518 3470 quo

232 3502 368 3567 tundam
397 3502 520 3584 jurium
559 3509 592 3568 st
625 3503 896 3568 constitutionum
931 3502 1213 3583 infrascriptarum
1248 3503 1421 3590 hucusque
1451 3501 1516 3569 satis

232 3594 443 3698 dispendiose
475 3618 610 3682 emersis
642 3622 757 3698 sponte
787 3623 819 3681 et
850 3616 952 3682 libere
974 3635 1012 3682 ac
1033 3617 1179 3699 ipsorum
1200 3616 1289 3684 bona
1312 3621 1473 3687 voluntate
1490 3615 1515 3679 in

231 3749 290 3795 000
312 3735 475 3812 tamquam
500 3748 592 3796 veros
625 3736 657 3795 et
680 3730 856 3812 legittimos
879 3729 1018 3797 arbitros
1047 3736 1080 3797 et
1101 3731 1250 3798 eiusdem
1274 3751 1378 3801 cause
1399 3732 1513 3800 0111101·

232 3851 318 3910 tores
350 3843 390 3909 de
421 3845 486 3910 alto
518 3850 551 3909 et
580 3844 676 3910 basso
707 3844 909 3910 deuenerunt
942 3849 975 3911 et
997 3843 1057 3910 sub
1079 3863 1163 3927 pena
1184 3846 1278 3913 mille
1300 3859 1512 3931 sexagenorum

231 3976 416 4040 grossorum
450 3958 657 4039 pragensium
692 3976 730 4021 er
764 3963 902 4039 utraque
932 3961 1024 4039 purte
1059 3959 1357 4040 compromiserunt
1389 3965 1510 4027 nomm

232 4072 372 4138 edictum
395 4075 428 4136 et
451 4071 774 4153 pronuncciacionem
799 4071 902 4136 solide
925 4072 1098 4153 seruaturi,
1121 4090 1180 4138 nos
1201 4073 1308 4156 igitur
1323 4075 1442 4142 eisdem
1454 4085 1509 4154 ptr·

231 4186 317 4251 tibus
341 4191 374 4250 et
396 4203 505 4250 earum
525 4185 664 4267 juribus,
696 4183 950 4266 allegacionibus
972 4185 1148 4251 autenticis
1171 4185 1331 4255 hincinde
1353 4185 1508 4256 andesc

230 4300 346 4379 literis,
370 4318 450 4382 quas
472 4299 641 4364 aducibus
665 4304 698 4365 et
720 4297 852 4381 regibus
875 4298 1007 4365 Boemie
1023 4297 1181 4381 obtinent,
1205 4301 1389 4372 intellectis
1403 4299 1507 4369 escen

231 4413 366 4495 digestis
398 4414 505 4480 animo
529 4412 719 4493 deliberato,
744 4432 885 4496 sanoque
907 4418 940 4479 et
961 4417 1088 4479 maturo
1110 4413 1154 4479 ad
1177 4414 1239 4482 hoc
1262 4416 1376 4483 habito
1397 4408 1506 4483 consilio

231 4527 381 4609 diximus,
412 4528 684 4594 auctorisauimus
715 4533 747 4593 01
778 4524 1093 4610 pronuncciauimus,
1117 4526 1270 4612 dicimus,
1293 4531 1504 4598 auctoritamus

231 4648 263 4708 et
278 4643 438 4725 presentis
454 4642 567 4724 scripti
586 4642 766 4723 patrocinio
783 4642 1068 4723 pronuncciamus:
1091 4640 1202 4709 Primo
1216 4661 1360 4729 namque
1374 4644 1503 4712 volume
