3098 5392
127 456 191 525 456
747 438 823 508 atsi.

127 663 166 730 ot
187 663 226 729 do
240 661 412 746 aaplcceal,
435 683 456 727 a
478 666 509 726 ιο
523 658 663 744 alodylry
682 661 741 728 aab
762 682 893 745 ammoy
901 681 963 745 pro
985 658 1083 745 ἀιιιιψ
1104 661 1145 728 αἱ
1165 659 1208 728 do
1221 660 1288 745 ptte'
1307 657 1394 725 bilsa

128 777 180 843 bea
199 773 274 843 lota.
304 773 523 851 Vthola'clcb,
544 796 581 840 ec
603 775 795 852 Vettones,
816 799 835 842 o
854 778 950 860 Tp'od
967 776 1034 842 aad
1056 752 1201 852 Vltuoom
1223 796 1260 842 ae
1275 770 1394 840 ebda-

126 888 218 966 aab,
239 912 257 955 a
275 887 483 976 „macerat
504 889 652 955 alitent
671 911 693 955 a
714 889 847 957 Scinecb
872 888 1032 976 Trboop'cb
1056 891 1167 975 maore
1187 888 1329 956 mum
1348 889 1397 952 lla

127 1003 271 1087 ddjova'ttl
285 1002 419 1085 pomoni
438 1004 531 1086 mejto
553 1001 673 1069 ἀάυαιὶ.
697 1003 774 1070 Mili
794 1002 879 1070 obolo
894 1007 995 1071 mdia
1008 1003 1102 1070 eamd
1115 1002 1185 1088 bati
1198 1002 1300 1070 Mose
1312 1000 1397 1080 babae

129 1117 205 1182 aoid
226 1137 260 1183 sc
280 1114 335 1181 md
350 1112 524 1198 peltar'etvl,
554 1118 730 1194 twcwatot,
758 1117 928 1194 hadistat,
957 1117 1106 1184 emicant
1125 1117 1185 1184 neb
1199 1116 1273 1202 Μ
1291 1113 1397 1182 immo

123 1228 335 1313 provoaoaets'.
372 1229 516 1294 Mastane
537 1228 670 1297 mactat
688 1232 808 1316 amaaji
819 1231 913 1315 ja'ade
933 1231 1000 1316 spot
1019 1230 1127 1298 υἰιιόιιι·
1147 1251 1170 1297 α
1192 1230 1320 1297 ameni
1337 1225 1398 1295 aelli

505 1344 588 1426 pr'cd
609 1343 788 1426 rpcbtctc'cm
809 1344 901 1410 coebo
922 1347 1032 1411 mdsta.

231 1486 369 1553 Karalus
393 1484 446 1551 dei
468 1486 577 1568 gracia
599 1486 815 1553 Romanorum
836 1503 893 1552 rer
915 1500 1042 1569 semper
1063 1488 1225 1568 augustus
1240 1488 1274 1551 et
1287 1479 1396 1549 Boeuie

128 1617 192 1665 rex.
237 1599 357 1666 Notum
386 1597 521 1665 iacimus
551 1600 721 1681 uniuersis,
753 1599 838 1682 quod
860 1599 1062 1666 attendentes
1084 1596 1282 1681 multiplicia
1302 1593 1395 1662 merila

128 1712 298 1796 probitatis
332 1713 521 1780 dilectorum
553 1713 646 1780 uobis
674 1713 821 1797 magistri
856 1715 985 1795 ciuium,
1015 1713 1200 1798 juratorum
1231 1717 1265 1777 et
1292 1709 1395 1775 vuius·

129 1827 236 1893 sitatis
258 1827 293 1892 in
314 1826 483 1911 Budwoys,
507 1831 689 1893 nostrorum
709 1825 862 1909 fidelium,
893 1828 1009 1912 quibus
1035 1826 1136 1892 iidem
1157 1829 1270 1893 nosue
1290 1821 1394 1890 celsitu·

128 1940 196 2006 dini
219 1940 373 2006 hactenus
397 1944 543 2023 prompta
567 1940 739 2007 sedulitate
760 1941 922 2024 placuisse
944 1942 1122 2007 noscuntur
1150 1943 1186 2006 et
1212 1939 1248 2004 in
1277 1936 1393 2004 iuhuuu

128 2052 288 2119 debebunt
321 2058 354 2118 et
382 2058 532 2135 poterunt
553 2053 796 2120 habundancius
819 2055 1025 2136 complacere,
1057 2053 1151 2135 ipsis,
1184 2048 1393 2119 heredibuset

131 2166 371 2233 successoribus
394 2167 536 2249 ipsorum
558 2167 793 2250 imperpetuum
818 2166 1026 2251 infrascripta
1050 2167 1127 2251 jura
1154 2184 1283 2233 necnon
1303 2161 1392 2230 subno

127 2283 212 2345 tatas
234 2280 399 2346 libertates
423 2285 455 2346 et
477 2280 603 2362 gracias
626 2281 733 2347 animo
755 2279 932 2347 deliberato
958 2284 991 2347 et
1020 2279 1061 2346 de
1088 2279 1181 2362 regie
1209 2271 1391 2360 benignitatis

129 2393 302 2460 clemencia
324 2393 500 2460 liberaliter
522 2394 737 2478 indulgemus
760 2395 795 2460 in
816 2395 929 2477 primis
946 2392 1106 2478 siquidem
1120 2395 1310 2471 statuentes,
1329 2379 1390 2471 quid
1437 2460 1439 2467 ,

128 2506 271 2574 miuersi
294 2512 327 2573 et
348 2507 468 2589 singuli
490 2512 683 2573 mercatores
703 2525 776 2573 cum
791 2507 937 2574 omnibus
952 2506 1143 2589 simpliciter
1157 2502 1316 2572 mercibus
1332 2496 1390 2571 suh,
1436 2518 1439 2645 4

130 2621 358 2704 cuiuscumque
381 2621 511 2703 speciei
534 2619 701 2703 qualitatis
724 2621 795 2686 siue
817 2619 1016 2688 condicionis
1043 2618 1195 2700 existant
1224 2617 1282 2701 qui
1302 2615 1337 2682 de
1353 2609 1439 2676 ti·

127 2733 204 2799 bera
226 2735 368 2815 ciuitate,
392 2753 454 2817 que
476 2734 572 2815 vulgo
587 2732 780 2817 Vreyeustat
794 2732 875 2800 dicit
861 2739 924 2814 tur,
947 2749 1061 2800 versus
1075 2731 1246 2799 Boemiam
1259 2720 1390 2813 proticisci
1436 2712 1439 2829 l

128 2848 297 2929 voluerint,
320 2847 362 2913 ad
384 2848 489 2913 nullas
512 2847 601 2928 penit
602 2865 640 2912 us
587 2848 744 2913 talias
768 2846 848 2912 dicti
821 2848 963 2929 tregui
986 2846 1147 2926 ciuitates,
1170 2845 1252 2925 loca,
1274 2842 1337 2910 iora
1354 2832 1391 2902 uel
1437 2834 1439 2897 ἓ

129 2961 225 3043 opida
247 2960 409 3027 declinare
431 2964 626 3041 presumant
603 2959 715 3025 tsed
744 2960 857 3041 pocius
880 2959 1009 3025 tramite
1038 2957 1163 3024 directo
1192 2957 1310 3024 dictam
1334 2947 1392 3019 ciui·

128 3078 227 3140 tatem
256 3080 399 3140 rosham
421 3074 578 3158 Budwoys
608 3078 776 3138 transeant
804 3092 842 3140 ac
873 3071 992 3139 ibidem
1019 3089 1143 3138 merces
1174 3088 1263 3152 suas,
1294 3065 1393 3152 quales
1437 3064 1439 3111 ἱ

130 3205 264 3271 cumque
285 3187 415 3268 fuerint,
439 3192 496 3252 aut
518 3186 635 3268 quibus
656 3191 849 3254 censeantur
862 3185 1056 3267 nominibus,
1077 3184 1244 3267 deponent
1257 3179 1394 3250 othlon

129 3301 273 3382 predicto
292 3301 385 3384 juxta
401 3301 486 3384 juris
509 3301 632 3383 antiqui
661 3299 913 3382 obseruandum,
944 3298 1029 3381 quod
1051 3317 1071 3364 a
1093 3298 1180 3364 clare
1208 3294 1353 3365 memorie
1369 3286 1394 3354 il·
1437 3346 1439 3353 .

129 3414 285 3481 lustribus
307 3414 565 3498 progenitoribus
588 3419 621 3480 et
642 3413 924 3497 predecessoribus
947 3413 1076 3493 uostris,
1107 3410 1270 3493 quondam
1290 3402 1394 3475 Boenit

130 3526 271 3610 regibus,
287 3526 321 3592 in
332 3527 507 3609 primordio
518 3524 721 3594 fundaciouis
734 3527 863 3593 nouelle
879 3525 1058 3593 obtinuisse
1073 3530 1261 3607 noscuntur,
1274 3520 1394 3608 quodque
1437 3504 1439 3531 '

130 3641 306 3722 vulgariter
321 3641 481 3723 nidirlage
497 3642 659 3723 appellare
675 3641 853 3722 consueuit,
869 3659 957 3707 more
972 3640 1066 3706 solito
1081 3638 1192 3706 triduo
1207 3639 1392 3706 demorentur·

130 3755 252 3820 Damus
275 3754 378 3820 eciam
402 3758 436 3819 et
458 3752 650 3820 conferimus
674 3753 770 3820 dictis
792 3751 942 3819 fidelibus
960 3753 1091 3833 nostris,
1113 3751 1289 3818 heredibus
1302 3755 1393 3815 etant¹
1437 3746 1439 3775 ²

130 3867 311 3934 censoribus
346 3869 498 3950 ipsorum,
522 3870 758 3950 imperpetuum
795 3868 922 3950 plenam
958 3867 1193 3946 auctoritatem,
1232 3864 1393 3948 potestatem

131 3981 353 4061 omnimodam,
376 3981 537 4047 nundinas
561 3982 632 4047 siue
653 3980 759 4048 iorum
781 3981 920 4047 annuale
942 3980 1035 4046 annis
1058 3979 1197 4062 singulis
1218 3982 1291 4062 post
1304 3976 1393 4043 fesuu

130 4094 362 4160 Penthecosten
393 4095 577 4177 incipiendo
601 4094 714 4160 diebus
746 4093 988 4176 quatuordecim
1018 4093 1170 4160 continuo
1200 4110 1237 4158 se
1260 4097 1292 4158 et
1311 4091 1393 4154 imur

131 4206 219 4273 diate
242 4206 450 4290 sequentibus
475 4207 533 4273 sub
557 4205 703 4272 omuibus
722 4206 860 4289 juribus,
883 4205 1076 4289 priuilegiis,
1098 4205 1312 4285 libertatibus,
1332 4212 1393 4266 eul-

130 4321 286 4386 nitatibus
309 4326 343 4386 et
364 4321 483 4403 graciis
507 4322 653 4387 adinstar
676 4320 820 4386 ciuitatis
844 4320 1018 4402 Pragensis
1037 4317 1181 4404 quolibet
1194 4313 1394 4402 impedimento

132 4433 256 4500 sublato
280 4437 464 4519 peragendi,
491 4435 631 4501 habendi
655 4440 687 4501 et
708 4434 809 4501 libere
840 4433 1031 4500 celebrandi.
1075 4432 1189 4500 Liceat
1211 4433 1313 4500 eciam
1332 4429 1396 4495 aab

132 4547 227 4613 dictis
251 4549 376 4615 ciuibus
399 4550 530 4631 nostris,
553 4547 725 4614 heredibus
749 4553 781 4614 et
800 4546 1043 4615 successoribus
1058 4547 1213 4630 ipsorum,
1236 4552 1274 4613 ut
1293 4537 1399 4631 premii·

130 4662 220 4743 titur,
244 4662 405 4743 quoslibet
426 4664 570 4746 ipsorum
592 4661 762 4742 debitores,
794 4660 871 4728 dum
899 4662 942 4727 ad
967 4660 1125 4744 prefatam
1147 4660 1317 4728 ciuitatem
1335 4649 1401 4726 Bul·
