3098 5392
637 432 713 485 rara
1268 430 1335 500 205

116 640 263 722 oprobolt
299 638 521 726 Velabrodslcy'
554 661 576 706 a
608 638 736 708 1111111ῑὲ1
767 639 942 708 11νᾶ0111111
974 620 1107 708 &acheloo
1138 641 1334 725 obyoutelbm

118 755 268 839 tomejlim
283 755 456 838 popojsc
471 754 642 838 portoupio
655 755 720 839 jo'm
741 754 790 822 1έὶ
810 754 964 823 obobocm
981 754 1089 822 11111111
1108 756 1276 822 sPusooo.

142 930 208 997 Nos
230 930 375 996 Joannes
402 930 455 996 clei
476 930 588 1013 gracia
609 930 742 997 Boemie
772 937 806 997 et
834 930 967 998 Polonie
995 949 1052 997 rex
1080 949 1120 997 ac
1141 930 1335 998 Lucembur-

115 1044 152 1109 sis
173 1061 291 1125 comes,
315 1043 357 1110 ad
378 1042 603 1110 minemorum
623 1048 691 1110 tam
718 1043 813 1111 modo
834 1042 1057 1126 superstitum,
1085 1062 1181 1127 quam
1205 1043 1337 1110 inantea

115 1175 219 1223 rorum
238 1157 395 1224 noticiam
416 1156 563 1226 volumus
585 1162 697 1226 tenore
718 1157 921 1241 presencium
943 1158 1123 1241 peruenire,
1146 1156 1243 1240 quod,
1258 1158 1336 1242 quia

115 1270 235 1337 rabilis
257 1270 310 1335 vir
331 1270 480 1337 domium
502 1269 654 1352 Joannes,
677 1270 963 1355 Wyssegradensis
982 1271 1119 1337 ecclesie
1140 1271 1335 1353 prepositus,

115 1382 129 1447 i
150 1382 286 1449 Boemie
308 1383 529 1465 cancellarius,
552 1384 703 1469 princeps
726 1390 839 1450 noster
861 1384 1008 1466 dilectus,
1039 1384 1191 1466 oppidum
1214 1383 1336 1450 dictum

115 1495 238 1577 :halica
270 1494 377 1561 eidem
399 1497 602 1579 prepositure
630 1501 664 1562 et
692 1498 828 1565 ecclesie
844 1496 1131 1581 Wyssegradensis
1159 1496 1335 1579 pertinens,

114 1608 212 1674 clanis
235 1614 269 1675 et
291 1608 560 1675 inhabitatoribus
582 1608 728 1676 eiusdem
758 1609 880 1693 oppidi,
910 1609 1114 1692 presentibus
1144 1613 1178 1675 at
1205 1607 1335 1691 futuris,

131 1721 360 1805 emphiteotico
390 1723 540 1805 exposuit
560 1728 593 1789 et
614 1723 744 1804 locauit,
774 1723 855 1790 dans
885 1722 934 1789 eis
957 1727 991 1788 et
1012 1723 1160 1789 semitam
1180 1721 1336 1788 mercium

114 1835 249 1915 ?atania,
283 1840 320 1899 ut
341 1833 382 1899 ab
403 1835 536 1919 antiquo
558 1834 630 1916 fuit,
664 1835 797 1917 cupiens
827 1835 861 1901 in
890 1835 951 1901 hoc
983 1833 1204 1901 condicionem
1229 1834 1334 1917 ipsius

114 1949 245 2015 ›ositure
267 1954 300 2014 et
321 1947 458 2015 ecclesia
480 1948 636 2031 prelibata
656 1948 812 2015 bonorum
834 1948 942 2015 lucere
961 1947 1137 2028 meliorem,
1164 1952 1197 2013 et
1217 1945 1336 2029 petiuit

114 2062 175 2128 >bia
197 2081 272 2129 cum
293 2062 465 2145 instancia,
488 2068 525 2129 ut
541 2062 737 2130 lobucionem
758 2063 893 2129 eandem
915 2061 1037 2128 nostris
1054 2060 1159 2126 literis
1173 2059 1335 2127 ratificare

114 2175 273 2258 pprobare
294 2194 333 2241 ac
354 2175 458 2242 eciam
479 2174 667 2242 confirmare
688 2176 729 2242 de
751 2177 847 2243 solita
864 2175 1076 2258 benignitatis
1102 2178 1212 2242 nostre
1226 2173 1336 2256 gracia

113 2307 265 2368 mnemon
300 2308 369 2371 nos,
398 2289 456 2372 qui
478 2307 517 2355 ex
539 2290 703 2356 locacione
724 2288 883 2355 eiusmodi
906 2285 1030 2370 prolate
1051 2286 1336 2372 Wyssegradensis

113 2402 176 2467 saie
197 2407 232 2466 et
252 2402 490 2485 prepositorum
511 2403 627 2485 ipsius,
654 2403 710 2485 qui
733 2422 791 2486 pro
812 2408 957 2485 tempore
977 2400 1118 2482 fuorunt,
1147 2419 1205 2483 per
1227 2399 1336 2467 condi-

113 2513 144 2579 is
164 2514 435 2597 melioracionem,
459 2521 495 2581 ut
517 2516 723 2599 premittitur,
753 2516 910 2582 utilitates
933 2519 967 2581 et
988 2514 1153 2583 commoda
1174 2512 1335 2580 credimus

128 2627 252 2693 modica
276 2629 456 2710 prouenire,
492 2629 706 2711 peticionibus
729 2630 794 2696 iam
816 2629 895 2695 dicti
918 2629 1074 2712 prepositi
1105 2628 1198 2694 nobis
1220 2627 1253 2692 in
1276 2627 1336 2692 hac
1418 2606 1422 2613 ¹

113 2758 135 2803 a
161 2740 279 2806 oblatis
307 2746 471 2825 tamquam
503 2741 753 2809 racionabilibus
782 2743 941 2825 applausu
968 2741 1107 2824 benigno
1147 2744 1334 2821 annuentes,

113 2854 236 2919 cionem
260 2854 446 2937 predictam,
481 2861 576 2938 prout
598 2876 655 2938 per
678 2876 751 2921 oum
780 2857 865 2922 lacta
894 2861 945 2922 est
973 2861 1006 2921 et
1035 2856 1068 2920 in
1098 2853 1202 2937 ipsius
1231 2853 1335 2918 literis

112 2986 180 3047 uper
202 2968 357 3034 conlectis
380 2971 571 3051 continetur,
593 2976 697 3035 ratam
719 2970 873 3035 babentes
897 2975 929 3033 ot
951 2973 1085 3051 gratam,
1115 2968 1146 3032 ei
1169 2967 1258 3030 velut
1279 2985 1334 3047 pa-

112 3098 164 3159 tus,
199 3086 234 3145 nt
264 3079 356 3146 firma
386 3101 512 3164 semper
533 3088 566 3148 et
587 3082 713 3148 illibata
746 3087 940 3164 permaneat,
974 3086 1120 3146 nostrum
1153 3078 1334 3145 inhibemus

112 3211 233 3258 ¹censum
256 3195 475 3260 uoluntarium
498 3200 531 3260 et
552 3214 748 3276 expressum,
779 3196 883 3277 ipsam
911 3194 1069 3276 presentis
1093 3192 1205 3274 scripti
1228 3196 1334 3274 patro-

112 3326 132 3367 ,o
152 3306 191 3371 de
214 3307 384 3387 potestatis
407 3313 516 3373 nostro
537 3309 739 3389 plenitudine
761 3327 799 3372 ac
822 3312 909 3373 centa
931 3312 1042 3373 nostra
1064 3307 1207 3372 sciencia
1221 3304 1335 3371 confir-

112 3422 177 3483 ors.
209 3420 244 3483 ln
269 3420 361 3484 cuins
384 3421 431 3484 rei
454 3421 674 3486 testimonium
697 3425 729 3484 ot
751 3420 848 3485 robur
878 3425 1031 3502 perpetuo
1062 3420 1235 3484 valiturum
1265 3436 1335 3500 pre·

112 3536 152 3595 tes
173 3532 284 3596 literas
307 3530 377 3596 fieri
400 3538 433 3597 et
455 3532 562 3615 sigillo
581 3539 690 3600 nostro
706 3534 820 3598 maiori
836 3533 970 3599 fecimus
993 3533 1191 3599 communiri.
1215 3532 1336 3596 Datum

111 3662 148 3723 pa
167 3664 250 3709 anno
273 3644 395 3709 domiui
416 3645 587 3711 millesimo
609 3647 833 3712 trecentesimo
856 3646 1123 3711 vicesimotertio
1145 3646 1179 3710 in
1195 3644 1335 3710 crastino

111 3758 283 3822 ›ostolorum
305 3757 445 3823 Simonis
468 3765 501 3824 ct
518 3757 604 3824 June
623 3759 798 3824 beatorum.

150 3910 235 3965 Liber
253 3912 468 3967 memorabilium
488 3912 577 3967 mensi
594 3930 630 3968 na
647 3914 664 3967 1.
685 3919 716 3966 ‘lb
736 3931 750 3967 v
769 3913 880 3967 archivo
899 3929 932 3965 m.
951 3912 1100 3966 Prachstir.
1120 3942 1152 3950 —
1165 3910 1266 3977 Emler,
1283 3909 1335 3965 Re·

111 4007 180 4061 alIL
199 4007 221 4061 c.
241 4012 300 4060 939.

607 4167 670 4249 Cis.
704 4186 770 4248 128.

329 4336 427 4418 1324,
449 4338 492 4406 28
514 4338 665 4408 tervno.
688 4339 743 4406 ve
767 4338 1054 4423 Wasscnbnrgu.

110 4518 205 4582 tona
227 4514 360 4580 nubea
386 4513 532 4596 poooltp'c
559 4514 704 4578 nectarco
738 4510 946 4578 allelniokcmo
975 4511 1147 4579 Jbror'icbo
1174 4512 1334 4578 retorsione

110 4629 196 4694 rincr
217 4648 241 4692 o
254 4625 330 4709 jobo
352 4626 505 4700 deductor,
526 4627 560 4689 le
581 4624 694 4690 noobou
709 4625 843 4706 predati
864 4625 921 4690 neb
942 4625 1044 4689 suurbi
1064 4624 1219 4700 subrado,
1244 4626 1335 4691 lailot
