3098 5392
683 471 759 523 1⁴0⁰-
1279 474 1361 540 1041

67 675 232 743 noscimus
255 695 328 743 esse
350 677 523 759 subiectos,
547 681 580 744 et
603 679 655 745 vbi
678 697 788 745 eorum
811 678 957 746 delectus
978 682 1127 747 releuare
1142 681 1302 749 credimus
1325 702 1364 750 ac

66 792 167 858 bona·
183 811 293 858 meuse
323 797 433 858 nostre
447 859 449 864 ,
462 793 496 858 in
525 793 641 858 melius
667 798 860 859 restaurare.
906 793 991 860 Sane
1012 795 1045 860 iu
1069 798 1172 862 nostri
1194 799 1364 878 presencia

65 906 234 972 constituti
256 906 386 988 prouidi
408 911 442 972 et
463 906 597 974 discreti
627 908 716 975 ciues
740 913 772 974 et
795 908 901 974 incole
924 907 1013 990 opidi
1036 910 1139 975 nostri
1166 908 1306 977 lorensis
1328 912 1363 976 in

66 1020 294 1103 PelhraymoW,
325 1019 436 1086 fideles
464 1020 567 1086 nostri
598 1019 720 1102 dilecti,
751 1020 845 1086 nobis
867 1040 1027 1103 exponere
1049 1029 1255 1105 curauerunt,
1284 1043 1363 1107 qua·

64 1134 142 1198 liter
172 1134 235 1216 ipsi
265 1135 354 1199 nulla
384 1134 559 1216 priuilegia
588 1139 646 1200 aut
670 1136 870 1201 munimenta
897 1154 996 1218 super
1017 1135 1162 1217 ipsorum
1179 1136 1308 1219 juribus
1331 1142 1364 1204 et

63 1247 268 1314 libertatibus
292 1250 460 1330 hucusque
489 1248 671 1329 habuerint,
704 1249 950 1332 formidentque,
981 1268 1023 1315 ne
1045 1268 1085 1315 ex
1107 1248 1235 1316 deiectu
1258 1252 1363 1316 muni-

65 1368 247 1428 mentorum
271 1362 456 1428 huiusmodi
479 1362 561 1444 ipsis
584 1368 617 1429 et
639 1382 749 1429 eorum
771 1363 1012 1430 successoribus
1028 1367 1194 1445 protractu
1209 1365 1363 1447 temporis

64 1476 211 1557 pericula
225 1475 249 1556 ¹)
281 1476 500 1558 prouenerint,
530 1477 623 1542 nobis
653 1477 820 1543 humiliter
842 1478 1072 1559 supplicantes,
1100 1482 1260 1558 quatenus
1282 1480 1364 1561 ipsis

65 1608 165 1672 super
187 1589 367 1656 defectibus
391 1590 577 1655 huiusmodi
599 1591 768 1656 consulere
798 1597 831 1655 et
853 1590 1026 1671 prouidere
1048 1590 1229 1672 preciosius
1252 1590 1363 1674 digna-

63 1722 183 1769 remur.
228 1702 296 1769 Nos
327 1722 403 1769 vero
427 1703 571 1786 ipsorum
594 1703 810 1785 peticionibus
841 1708 876 1767 vt
898 1709 974 1785 pote
996 1704 1247 1770 racionabilibus
1271 1706 1364 1771 incli-

63 1818 144 1895 nati,
174 1819 319 1898 pensatis
343 1816 499 1899 predictis
522 1816 666 1899 ipsorum
689 1816 870 1882 defectibus
892 1816 1161 1900 attendentesque
1183 1819 1363 1885 honestatis

65 1937 101 1996 et
125 1928 293 1995 fidelitatis
316 1931 461 2012 ipsorum
483 1931 609 2010 merita,
632 1929 749 2013 quibus
768 1930 833 2010 ipsi
848 1929 941 1995 nobis
957 1936 1120 2013 tamquam
1133 1929 1246 1998 fideles
1261 1934 1364 1999 nostri

62 2043 107 2108 ad
130 2044 394 2109 extenuationem
417 2042 599 2109 debitorum
622 2061 680 2125 per
702 2049 923 2108 antecessores
944 2048 1071 2109 nostros
1087 2044 1274 2111 notabiliter
1289 2065 1363 2112 cou-
1405 2016 1413 2031 ’

60 2165 240 2224 tractorum
283 2177 357 2224 cum
393 2157 566 2224 caritatiuo
603 2156 749 2222 subsidio
786 2157 928 2238 gratuite
967 2163 1206 2240 succurrerunt,
1242 2159 1365 2240 absque

62 2291 202 2356 quorum
237 2271 382 2338 subsidio
417 2270 526 2337 debita
558 2289 616 2353 per
645 2271 892 2353 predecessores
923 2277 1060 2350 nostros,
1091 2278 1126 2336 vt
1154 2274 1363 2354 premittitur,

63 2392 241 2466 contracta,
272 2384 389 2469 quibus
420 2385 559 2451 ecclesia
580 2391 693 2451 nostra
714 2385 860 2467 predicta
883 2386 1107 2466 multipliciter
1128 2387 1276 2451 inuoluta
1299 2388 1364 2451 exi-

60 2501 133 2582 stit,
164 2500 349 2566 nullatenus
380 2498 521 2564 euadere
546 2498 736 2564 valeremus.
782 2499 1018 2564 Promissorum
1045 2517 1120 2581 ergo
1143 2498 1274 2580 iutuitu,
1298 2518 1364 2565 ma-

59 2622 139 2680 tura
170 2613 407 2681 deliberacione
435 2611 606 2694 prehabito
639 2630 677 2678 ac
706 2612 747 2677 de
777 2613 912 2694 speciali
942 2631 1101 2679 consensu
1127 2612 1364 2679 honorabilium

59 2729 267 2794 dominorum
284 2779 317 2794 ..
343 2727 457 2794 decani
486 2732 520 2793 et
546 2726 681 2809 capituli
708 2727 845 2793 ecclesie
874 2732 986 2793 nostre
1015 2725 1189 2809 Prageusis
1220 2727 1365 2809 predicte

59 2861 208 2924 sanoque
242 2842 284 2907 ad
313 2842 373 2908 hoc
402 2839 547 2906 fidelium
577 2845 760 2905 nostrorum
789 2839 963 2906 accedente
996 2840 1132 2907 consilio
1164 2841 1198 2905 iu
1221 2840 1363 2922 prelatos

58 2957 155 3022 ciues
178 2962 211 3022 et
233 2957 354 3022 incolas
378 2955 516 3038 predicti
538 2955 642 3020 nostri
666 2955 755 3037 opidi
786 2955 904 3020 mentis
928 2960 1038 3020 nostre
1064 2955 1166 3020 aciem
1190 2953 1260 3020 vice
1281 2955 1364 3021 reci·

58 3089 162 3154 proca
195 3070 384 3151 dirigentes,
418 3069 510 3151 ipsis,
545 3068 718 3136 heredibus
753 3073 786 3134 et
816 3068 1057 3135 successoribus
1092 3087 1202 3133 eorum
1236 3067 1364 3151 gracias

58 3183 200 3250 facimus
230 3182 466 3265 infrascriptae,
498 3183 660 3264 videlicet,
691 3182 775 3264 quod
800 3201 910 3248 omnes
933 3183 1055 3264 domos,
1085 3200 1181 3264 agros
1204 3182 1308 3248 cultos
1331 3187 1365 3247 et
1436 3195 1439 3200 ·

58 3296 213 3377 incultos,
237 3315 367 3379 pascua,
390 3300 485 3378 prata
507 3300 539 3361 et
559 3296 772 3362 comunitates
787 3296 830 3361 ad
844 3296 1004 3377 prefatum
1020 3296 1152 3378 opidum
1169 3300 1363 3377 spectantes,

58 3415 160 3497 prout
182 3411 216 3476 in
239 3411 308 3477 suis
331 3409 427 3476 metis
450 3415 484 3476 et
505 3410 654 3476 terminis
678 3414 754 3475 sunt
777 3409 899 3475 situata
915 3415 947 3475 et
962 3415 1059 3491 prout
1073 3411 1138 3492 ipsi
1154 3428 1193 3474 ea
1208 3410 1363 3476 hactenus
1396 3392 1399 3397 ’

57 3530 238 3592 tenuerunt
253 3529 286 3590 et
301 3523 526 3606 possederunt,
548 3524 779 3605 concessimus,
799 3524 1026 3590 innouauimus
1043 3530 1076 3590 et
1092 3524 1364 3605 confirmauimus,

58 3638 278 3718 concedimus,
301 3639 495 3704 innouamus
518 3642 551 3702 et
574 3637 694 3704 virtute
715 3638 920 3720 presencium
935 3638 976 3703 de
991 3643 1080 3704 certa
1095 3643 1206 3704 nostra
1222 3638 1365 3705 sciencia

58 3752 287 3822 confirmamus
316 3771 374 3835 per
403 3753 503 3835 ipsos,
538 3751 675 3818 heredes
707 3772 745 3819 ac
776 3771 980 3819 successores
1006 3753 1180 3820 eorundem
1212 3752 1364 3832 tenende,

54 3865 217 3947 habenda,
248 3866 436 3933 vtilruenda·
464 3871 497 3932 et
527 3866 695 3949 perpetuis
728 3867 927 3948 temporibus
959 3866 1018 3933 sub
1041 3866 1258 3949 infrascriptis
1290 3883 1364 3931 con·

54 3980 243 4048 dicionibus
264 3979 375 4060 libere,
399 3979 508 4063 quiete
523 3985 556 4046 et
575 3979 710 4063 pacifice
725 3980 941 4063 possidenda:
967 3981 1085 4061 Primo,
1109 3979 1195 4060 quod
1219 3978 1309 4045 ciues
1332 3983 1366 4045 et

56 4095 166 4162 incole
187 4094 325 4176 predicti
349 4094 439 4176 opidi
461 4094 556 4160 nobis
579 4100 612 4160 et
635 4094 878 4161 successoribus
901 4094 1023 4160 nostris
1046 4094 1087 4159 de
1110 4093 1256 4177 quolibet
1269 4093 1364 4160 laneo

57 4209 249 4290 octuaginta
284 4226 416 4290 grossos
439 4208 644 4275 denariorum
667 4209 875 4290 pragensium
898 4209 1040 4288 diuisim,
1075 4208 1202 4274 scilicet
1223 4208 1258 4274 in
1279 4207 1365 4275 festo

56 4323 165 4391 sancti
198 4322 331 4405 Georgii
362 4322 577 4404 quadraginta
607 4341 737 4404 grossos
769 4328 801 4388 et
824 4323 858 4387 in
881 4321 964 4387 festo
988 4323 1093 4388 sancti
1117 4321 1205 4389 Galli
1227 4321 1363 4390 totidem

55 4439 154 4505 annis
178 4436 318 4519 singulis
341 4455 497 4503 censuere
520 4443 676 4520 perpetue
698 4437 902 4518 tenebuntur,
926 4442 1022 4520 prout
1041 4437 1209 4517 hucusque
1227 4442 1364 4505 aretro-

54 4553 141 4621 actis
156 4550 356 4634 temporibus
372 4550 480 4617 lacere
496 4556 751 4632 consueuerunt;
767 4552 847 4618 item
862 4551 975 4617 subses
993 4550 1130 4633 quilibet
1145 4555 1217 4619 octo
1230 4570 1361 4636 grossos

53 4667 207 4747 diuisim;
230 4667 310 4732 item
331 4665 372 4732 de
393 4666 537 4749 qualibet
558 4665 692 4732 taberna
716 4666 857 4734 sedecim
879 4678 1011 4750 grossos
1034 4664 1189 4734 similiter
1205 4664 1358 4745 diuisim3

1171 4800 1204 4850 66
