3098 5392
137 412 180 476 94
758 408 834 458 rara

132 617 259 683 Medati
279 639 313 684 se
333 619 422 703 suy'm
443 616 617 701 majescum.
640 615 766 700 stuttg,
784 618 834 699 jod
846 615 912 699 js'rn
926 615 1101 698 posumus·
1121 636 1140 681 a
1161 615 1232 681 lc'so
1253 615 1381 691 matti,
1403 634 1424 681 a

126 731 190 814 jim
205 731 369 814 poteraut
388 752 405 796 s
426 736 481 797 too
501 730 630 807 molesti,
652 733 687 797 de
709 730 843 817 spadajt
863 728 994 795 eadm
1012 729 1026 794 ι’
1046 749 1092 795 aa
1119 726 1231 795 emoto
1256 732 1424 812 polmus

133 843 147 907 a·
179 864 224 908 rea
248 843 385 925 pobcdnl
409 843 573 926 pr'lbumd.
612 843 684 910 nuo
723 840 950 927 amddaoy‘ct
987 842 1050 908 tint
1076 862 1113 909 ce
1134 844 1235 909 ndat&
1255 842 1365 909 ardel
1381 838 1424 909 rol

135 955 228 1021 stood
249 977 283 1022 sc
304 955 502 1041 momdop‘m.
534 954 679 1023 Kencdnd
704 955 847 1022 meum
867 953 1044 1038 modendi
1061 974 1096 1022 sc
1116 954 1158 1020 ed
1174 954 1311 1039 placant
1328 953 1375 1022 ecl
1386 974 1424 1037 pu

132 1069 183 1133 asi
201 1069 263 1135 etsi
283 1052 431 1152 dtmstq
452 1068 538 1135 uduo
559 1090 594 1136 se
607 1069 672 1153 js'm
687 1068 793 1153 pudeo
815 1068 910 1135 occdi
931 1068 1054 1135 Muta
1074 1068 1145 1135 lectt
1165 1066 1424 1154 edessano

135 1181 248 1248 stubba
268 1181 380 1248 demde
403 1205 425 1248 a
447 1182 663 1266 processerint
689 1179 827 1249 obcludo
854 1180 952 1249 arat
972 1178 1077 1267 kupctl
1104 1204 1142 1250 ee
1161 1184 1262 1249 mlstd
1280 1182 1421 1269 ebutuq'e

425 1316 469 1372 ac,
492 1295 554 1379 uby
573 1295 683 1379 odyn
705 1317 751 1361 na
771 1295 861 1381 aljano
877 1294 948 1379 jtct
969 1295 1146 1363 dicacem

234 1522 392 1589 Itudollus
415 1523 467 1589 dei
491 1525 600 1606 gracia
622 1524 838 1590 Romanorum
857 1541 915 1589 rex
929 1541 1057 1607 semper
1078 1528 1249 1607 augustus.
1274 1522 1404 1590 Omnibus

133 1637 375 1718 imperpetuum.
407 1637 539 1719 Regalis
561 1636 669 1703 throni
699 1634 881 1703 sublimitas
912 1634 1105 1702 sublimatur
1134 1634 1403 1703 sublimimatis

131 1749 322 1815 salutarium
352 1750 432 1816 solio
463 1750 599 1817 solidius
628 1748 796 1831 solidatur,
829 1750 983 1832 quociens
1017 1751 1052 1816 in
1082 1747 1246 1817 subiectos
1278 1746 1403 1815 exutus

132 1863 242 1944 gracia
263 1863 395 1945 pietatis
422 1864 504 1946 ipsis
526 1882 563 1930 se
584 1862 738 1929 exhibens
761 1867 795 1928 et
815 1864 851 1928 in
873 1864 1005 1931 iusticia
1032 1863 1129 1930 facilc
1150 1868 1184 1929 et
1205 1865 1240 1930 ia
1261 1863 1361 1945 mach
1375 1860 1403 1927 li·

131 1975 248 2041 hercle.
294 1976 431 2043 Nouerit
464 1978 565 2060 igitur
598 1994 731 2059 presens
745 2036 748 2041 .
762 1982 832 2043 etas
862 1982 896 2042 et
923 1976 1025 2043 futuri
1053 1977 1210 2059 temperis
1241 1991 1403 2044 succmsun

131 2091 316 2171 posteritas,
340 2090 425 2172 quod
448 2109 507 2156 nes
528 2090 605 2155 fidei
628 2108 708 2173 pure
730 2091 834 2156 zelum
855 2094 890 2156 et
911 2091 1038 2157 sincere
1067 2090 1256 2156 deuecionis
1282 2092 1403 2156 constan

131 2203 213 2267 cium
238 2203 426 2270 dilectorum
449 2203 593 2271 fidelium
615 2208 808 2286 nostrorum,
835 2203 956 2271 ciuium
978 2202 1019 2270 de
1040 2202 1138 2286 Egra,
1161 2203 1219 2286 qui
1239 2200 1316 2269 fidei
1334 2205 1404 2267 natu·

130 2314 218 2395 ralis,
243 2335 306 2398 qua
322 2315 415 2383 nobis
431 2322 464 2382 et
478 2317 613 2399 imperio
629 2317 902 2400 constringuntur,
922 2316 1049 2383 feruore
1065 2316 1214 2383 succensi
1228 2314 1271 2381 ed
1286 2319 1404 2381 nomn

129 2431 162 2491 st
183 2428 319 2495 Itomani
342 2430 469 2511 imperii
493 2447 594 2495 euaue
616 2428 792 2495 dominium
815 2433 892 2495 sunt
912 2429 1046 2509 reuersi,
1069 2426 1243 2511 benignius
1265 2429 1402 2495 mtumus

129 2545 162 2605 et
184 2547 314 2625 propter
336 2542 396 2609 hoc
418 2562 612 2627 magnopere
634 2546 800 2627 cupientes
834 2562 945 2610 eorum
967 2543 1196 2626 tranquillitati
1214 2549 1250 2610 et
1264 2540 1402 2611 commodo

128 2653 305 2721 liberaliter
327 2659 481 2739 aspirare,
509 2659 676 2723 uniuersas
707 2658 842 2740 gracias,
872 2656 1055 2740 priuilegia,
1088 2656 1257 2723 libertates
1285 2662 1318 2723 et
1338 2656 1401 2741 jura

130 2768 210 2849 ipsis
233 2788 253 2834 a
275 2770 361 2836 diuis
384 2770 631 2853 imperatoribus
653 2771 807 2837 Romanis
830 2770 1026 2854 stragibus,
1059 2767 1195 2836 ducibus
1217 2775 1253 2836 et
1272 2770 1342 2836 aliis
1361 2770 1402 2835 in

129 2883 210 2965 patrii
234 2883 432 2966 principibus
456 2883 581 2949 indulta
601 2882 772 2966 benignius
796 2889 828 2949 et
850 2902 1012 2965 concessa,
1042 2884 1238 2950 auctoritate
1268 2882 1401 2968 presentis

129 2996 250 3062 decreti
272 2997 313 3062 de
333 2996 533 3078 benignitate
554 2997 645 3079 regia
668 2994 903 3077 confirmamus,
932 2995 1089 3079 quasdam
1113 3000 1224 3063 minen
1245 3014 1286 3063 er
1305 2992 1401 3081 puoh

129 3115 161 3174 et
184 3108 386 3175 libertatibus
409 3108 489 3192 ipsis
512 3108 648 3175 indultis
671 3107 875 3175 confirmatas
896 3106 1102 3192 presentibus
1122 3115 1324 3177 annotantes
1351 3108 1402 3177 ru·

128 3242 214 3289 ruruuu
244 3222 374 3306 quidem
396 3223 578 3304 statuimus,
612 3227 649 3287 ut
677 3224 871 3305 quicumque
892 3240 928 3290 se
949 3221 992 3288 ad
1012 3222 1096 3289 alias
1117 3226 1224 3291 terras
1252 3222 1404 3293 nausiam

130 3338 274 3419 veluerit,
305 3335 426 3417 absque
455 3337 624 3402 coactione
653 3341 686 3401 et
715 3336 943 3420 impedimento
974 3354 1082 3405 rerum
1105 3342 1139 3403 et
1159 3339 1305 3423 corporis
1325 3336 1404 3405 libat

127 3456 272 3516 transeat
294 3455 327 3515 et
349 3468 470 3529 secure,
500 3447 584 3515 bona
614 3468 673 3515 sua
702 3451 736 3516 in
767 3451 901 3517 ciuitate
929 3456 964 3517 st
992 3452 1027 3519 in
1056 3451 1205 3535 partibus
1227 3449 1405 3535 Egressibus

130 3564 239 3629 luculum
261 3565 325 3647 ipsi
347 3562 524 3628 liberaliter
546 3563 726 3628 semienda.
771 3564 862 3644 Item,
892 3565 1086 3647 quicumque
1110 3564 1234 3633 ciuium
1256 3563 1406 3647 abaliquo

128 3695 328 3761 quocumque
350 3675 444 3741 leuda
467 3693 486 3739 a
508 3673 601 3740 nobis
625 3675 688 3741 sibi
711 3681 859 3758 porrecta
880 3676 933 3742 uel
954 3694 976 3741 a
998 3676 1242 3749 successoribus
1264 3678 1332 3745 suis
1347 3692 1406 3743 oen·

129 3792 310 3873 ‹prisiuerit
342 3790 369 3855 si
400 3792 476 3854 ante
497 3788 639 3871 J'udicom
662 3790 807 3856 ciuitatis
837 3791 871 3855 in
899 3789 1125 3873 resignaciene
1156 3792 1344 3875 susceperit,
1370 3788 1407 3855 in

128 3906 217 3970 lirino
239 3902 423 3984 manebunt,
455 3907 609 3984 tanquam
631 3922 651 3967 a
673 3902 766 3969 nobis
795 3902 1009 3985 personaliter
1037 3904 1106 3971 sint
1132 3908 1292 3987 porrecta
1332 3903 1421 3985 Ilm.¹

127 4021 285 4098 uniuersa,
321 4035 383 4099 que
411 4035 431 4081 a
460 4014 553 4081 nobis
587 4022 620 4080 et
649 4018 784 4097 imperio
817 4018 850 4083 in
881 4016 974 4083 leode
1007 4016 1187 4100 possident,
1218 4022 1288 4087 mm
1306 4035 1327 4086 a
1344 4014 1424 4105 thie

127 4154 221 4216 cpuiruu
246 4152 265 4196 a
287 4128 415 4196 filiabus
438 4134 471 4194 et
497 4130 745 4212 consanguineis
779 4131 847 4196 suis
880 4128 1052 4197 hereditati
1083 4130 1216 4198 iusticia
1245 4150 1310 4199 nan
1335 4146 1419 4213 carr,

125 4246 212 4310 lruuut.
261 4246 351 4324 Item,
375 4242 482 4307 nullus
506 4248 730 4309 extraneorum
751 4243 892 4325 aliquem
914 4243 1035 4310 ciuium
1057 4260 1156 4326 super
1178 4243 1289 4313 duello
1309 4244 1411 4329 puis.

127 4360 182 4422 sed
215 4359 277 4440 ipsi
308 4358 396 4422 ciues
429 4374 553 4421 ornnem
580 4360 766 4422 extraneum
796 4356 837 4422 de
870 4356 977 4423 duello
1006 4357 1188 4439 peroptime
1216 4356 1408 4426 infestabunt

130 4474 217 4549 ltem,
241 4469 503 4552 utullusjudicum
515 4470 617 4534 ciuem
640 4471 839 4536 nominatum
851 4471 915 4537 nisi
930 4489 1028 4554 super
1042 4470 1112 4537 sela
1125 4473 1244 4541 mortis
1258 4446 1424 4543 laccarias¹

130 4584 330 4668 captiuitatis
353 4582 481 4648 vinculo
504 4581 668 4648 detinebit
699 4583 789 4665 Item,
812 4585 842 4650 si
863 4584 981 4667 aliquis
1003 4602 1062 4666 pro
1083 4583 1265 4654 homicidio
1285 4586 1339 4654 uel
1356 4594 1408 4653 nt
