3098 5392
199 499 265 564 312
794 495 871 548 Μ

200 718 264 756 nem
290 702 420 755 mmcho
448 700 608 754 ktenkkoli
635 700 761 754 scssleho
784 729 819 739 -
844 704 866 768 ‘J
892 700 1027 770 postanifi
1043 729 1076 741 -·
1101 700 1123 764 ‘7
1149 698 1282 752 'amoti
1308 714 1327 753 a
1353 715 1446 768 prm
1461 727 1489 737 -

201 797 222 864 ²)
241 796 372 850 mrtweho
395 796 470 867 tyele
495 797 649 866 prtitornno
674 795 791 850 osohnie
813 795 887 865 hylo,
910 795 965 848 ode
981 795 1087 849 nosch
1102 810 1137 848 ιι
1153 802 1184 847 to
1200 810 1247 847 na
1262 793 1370 848 drnno
1388 795 1445 863 bJri
1462 824 1489 833 -

201 894 223 961 ἦ
241 893 351 947 nechtie
368 910 385 945 r
401 892 495 962 raahy
518 890 622 960 dnm!
639 907 657 945 a
673 891 798 960 poviesti
821 890 867 943 rln
889 906 1059 959 mernyeny
1076 889 1111 958 hy
1129 889 1187 957 osli
1203 919 1239 929 -
1255 890 1278 955 ’μ
1296 891 1432 960 nesmpeli
1449 907 1489 959 nr-

201 989 301 1042 kterak
319 1004 353 1042 za
369 988 413 1040 ale
429 987 514 1041 misti.
532 1018 565 1027 -
583 987 686 1050 Emler,
703 987 824 1055 Regesta
840 986 887 1038 Π.
905 986 928 1038 ὅ.
946 992 1006 1040 295.

764 1253 829 1334 dn
853 1273 925 1338 190.

575 1440 675 1521 ms,
696 1441 720 1508 6
740 1442 893 1510 dem&
922 1443 956 1510 V
976 1440 1109 1509 Pme.

200 1615 284 1680 Kral
302 1614 371 1681 Jan
392 1612 478 1680 dccc
498 1616 678 1679 mesanam
700 1598 865 1699 Zatcckpm
895 1616 1027 1681 desdtou
1047 1615 1117 1680 c‘dsl
1136 1615 1188 1679 cla
1213 1636 1232 1677 r
1256 1597 1348 1680 Zrtcs'
1369 1615 1493 1696 ryhr'ra-

199 1727 288 1802 ne‘ho,
302 1725 400 1810 jakoi
421 1728 434 1790 i
454 1727 500 1792 clo
521 1728 698 1810 commta
719 1728 806 1793 dHat'
819 1750 865 1810 po
889 1728 971 1793 otro·
984 1726 1170 1811 plorum,
1196 1725 1259 1808 uby
1279 1727 1380 1792 nolli
1400 1726 1495 1794 komel

639 1840 741 1926 jams'
759 1862 858 1906 enom
879 1841 1043 1924 cystercii.

303 2016 370 2083 Nos
385 2014 551 2081 lohannes
573 2016 625 2081 dei
649 2017 760 2098 gracia
770 2015 902 2082 Boemie
924 2035 981 2081 rex
1002 2036 1042 2082 ac
1063 2015 1356 2098 Lucemburgensis
1380 2036 1497 2085 comes.

200 2128 241 2194 ad
263 2130 486 2195 vniuersorum
508 2131 660 2195 noticiam
681 2135 794 2194 tenore
808 2131 1012 2211 presencium
1034 2129 1180 2194 volumus
1202 2131 1389 2211 peruenire,
1413 2131 1497 2212 qnod

199 2260 259 2306 nos
281 2241 321 2307 ob
342 2242 520 2307 remedium
547 2243 726 2307 animarum
748 2242 1012 2324 predecessorum
1042 2247 1225 2308 nostrornm
1248 2241 1326 2307 dine
1347 2244 1500 2309 recorde-

200 2355 313 2435 cionis,
343 2355 476 2421 Boemie
504 2374 626 2439 regum,
668 2361 875 2437 nostramque
912 2356 1050 2420 salutem
1085 2355 1243 2421 decimam
1280 2358 1496 2437 septimanam

199 2466 340 2533 thelonei
363 2469 396 2533 in
419 2469 553 2534 ciuitate
575 2469 707 2534 Sacensi
729 2474 762 2532 et
783 2473 887 2534 totum
905 2468 1090 2534 theloneum
1111 2468 1272 2550 lignorum
1295 2487 1355 2550 per
1377 2466 1496 2534 flumen

199 2578 285 2663 Egre
306 2583 549 2648 transeuncium
578 2581 619 2646 de
648 2582 732 2647 dono
755 2581 906 2662 specialis
930 2582 1038 2663 gracie
1068 2580 1196 2647 ciuibus
1218 2580 1417 2648 Saeensibns
1439 2602 1496 2665 pro

198 2692 321 2760 fabrica
342 2695 554 2776 parrochialis
567 2694 704 2761 ecclesie
719 2696 884 2776 perpetuis
899 2693 1098 2777 temporrhus
1114 2693 1265 2760 duximus
1281 2695 1496 2777 largiendum.

199 2808 353 2888 volentes,
387 2814 422 2872 vt
451 2809 550 2875 iidem
580 2811 669 2874 ciues
700 2813 733 2872 et
761 2827 824 2874 non
854 2808 936 2873 alter
966 2808 1071 2890 ipsam
1100 2807 1259 2873 decimam
1281 2809 1496 2890 septimanam

198 2919 277 2986 dicti
299 2921 441 2987 thelonei
464 2927 496 2986 et
519 2922 621 2987 eciam
644 2926 747 2987 totum
762 2922 945 2987 theloneum
961 2921 1121 3003 lignorum
1142 2921 1226 2986 vltra
1247 2939 1368 3005 aquam
1391 2929 1497 2989 trans-

198 3035 348 3102 euncium
368 3036 536 3118 percipere
558 3034 705 3114 debeant,
729 3054 800 3099 eam
822 3053 880 3116 pro
900 3033 1146 3101 reedificacione
1171 3034 1259 3100 dicte
1280 3037 1496 3117 parrochialis

198 3147 335 3214 ecclesie
372 3149 405 3213 in
439 3147 527 3228 Sacz,
561 3152 597 3212 ut
630 3148 837 3228 premittitur,
872 3147 1049 3211 secundum
1081 3147 1316 3214 conscienciam
1350 3149 1496 3231 ipsorum

198 3267 432 3343 contrementes,
454 3262 644 3327 mandantes
660 3266 693 3325 et
707 3262 922 3343 precipientes
942 3259 1094 3326 officiatis
1111 3261 1232 3327 nostris
1247 3280 1306 3344 per
1316 3261 1496 3343 Boemiam
1516 3314 1541 3339 .

198 3376 417 3458 cuiuscunque
440 3380 544 3440 status
560 3379 616 3438 aut
632 3375 867 3456 preeminencie
882 3373 1056 3453 extiterint,
1078 3372 1285 3457 presentibus
1307 3379 1342 3440 et
1364 3374 1541 3456 fotuns„

197 3495 231 3555 et
253 3490 438 3571 specialiter
459 3487 605 3570 plebano,
630 3487 684 3568 qui
701 3487 734 3551 in
750 3486 828 3551 Saca
844 3505 901 3568 pro
916 3490 1060 3568 tempore
1081 3485 1190 3568 fuerit
1212 3492 1375 3569 qnatenus
1390 3489 1541 3555 dictoffi

197 3605 285 3669 ciues
302 3604 335 3669 in
352 3603 505 3684 predictis
522 3600 680 3665 theloneis
699 3599 856 3681 impedire
871 3619 934 3663 non
951 3598 1098 3679 debeant,
1120 3604 1219 3680 pront
1231 3599 1541 3682 indignacionem:

198 3722 339 3782 nostram
363 3717 591 3798 grauissimam
613 3734 670 3796 pro
694 3719 782 3780 motu
804 3715 894 3795 regio
918 3711 1125 3795 infligendam
1151 3713 1337 3795 cnpiuerint
1359 3715 1541 3782 enitare-⁶·-

197 3829 233 3894 In
267 3832 358 3895 cuius
393 3831 440 3895 rei
475 3828 696 3895 testimonium
729 3831 896 3908 presentes
934 3827 1059 3891 litteras
1091 3826 1192 3907 sigilli
1225 3829 1329 3891 nostri
1360 3830 1477 3895 maiori
1536 3854 1541 3887 ;

196 3945 374 4008 munimine
407 3944 562 4009 iussimus
597 3942 794 4009 communiri.
842 3941 961 4004 Datum
993 3939 1098 4022 Prage
1130 3941 1164 4005 in
1198 3945 1315 4005 octaua
1349 3944 1541 4025 corpori:

197 4054 318 4122 Christi
342 4077 424 4122 anno
448 4058 592 4122 eiusdem
615 4058 785 4122 millesimo
808 4055 1033 4119 trecentesimo
1055 4053 1221 4119 tricesimo
1243 4059 1344 4120 sexto.

301 4242 394 4296 Kniha
412 4247 533 4311 parnetm‘
552 4246 639 4296 rnssta
658 4230 739 4296 Zatce
759 4261 772 4293 z
792 4259 812 4294 r.
833 4247 900 4294 1383
918 4258 955 4295 na
969 4241 987 4296 l.
1000 4247 1041 4294 tta
1059 4257 1093 4294 aa
1110 4241 1249 4310 nsipiscm:
1271 4242 1509 4306 „iohannesrer

196 4337 283 4392 donat
304 4338 410 4392 ciuibus
436 4340 603 4392 Zacensilms
631 4338 762 4391 decimam
791 4339 971 4405 septimanam
999 4337 1121 4391 thelonei
1138 4337 1168 4390 in
1191 4337 1307 4392 ciuitate
1330 4339 1446 4396 Zacensi
1466 4343 1495 4392 et

196 4437 284 4486 totum
302 4432 458 4487 theloneum
478 4436 611 4503 lignorum
632 4450 681 4501 per
698 4435 798 4501 Egram
819 4433 919 4484 humen
944 4434 1173 4486 transeunciunr.“
1194 4463 1227 4473 -
1245 4433 1349 4503 Emler,
1373 4436 1485 4506 Repente

196 4527 242 4580 lv.
259 4527 283 4581 l.
301 4534 359 4583 301.
377 4560 412 4569 -
430 4530 611 4598 Schlcsinger.
632 4528 853 4582 Urkundenbuch
873 4529 922 4583 der
939 4529 976 4583 St.
997 4533 1065 4584 Sana
1084 4528 1107 4584 i.
1125 4535 1168 4584 59.
