3150 5378
758 362 834 415 1³52.

699 554 763 637 dn.
788 570 860 636 ars.

520 724 616 807 1352,
641 726 684 794 10
707 726 840 795 rinora.
861 726 894 795 V
914 724 1044 794 Prone.

136 900 220 967 Krdt
241 898 341 965 Κανά
362 900 381 962 Ι
388 899 417 962 V
426 901 590 984 potvraap'e
613 900 747 983 pr'edps'o
776 899 868 965 avebo
890 904 953 966 otce
981 897 1070 965 trib
1090 898 1192 975 Jonas,
1224 901 1261 967 le
1290 900 1420 967 mddloati

137 1015 279 1089 Manili,
301 1013 405 1078 drbtcc
425 1010 531 1096 stutky
560 1013 721 1090 soobodne‘,
745 1013 880 1096 paciani
892 1015 970 1097 jsou
992 1012 1092 1078 sobet
1109 1010 1270 1079 amatos
1289 1034 1326 1079 oc
1345 1017 1420 1079 vtem

137 1127 242 1210 trptts‘,
264 1148 286 1192 u
306 1126 459 1209 ausinsjc,
490 1126 551 1209 obp
579 1127 593 1192 i
620 1147 660 1193 aa
688 1127 812 1193 minoia
840 1127 905 1193 le‘ta
933 1124 1173 1193 antistatae
1203 1126 1301 1212 aoy'cb
1321 1125 1421 1194 stultat

308 1240 465 1323 aoplutda',
488 1240 550 1307 sica
571 1240 674 1307 dadau
694 1239 815 1306 laterna
834 1239 1059 1307 aoboaovdalm
1075 1240 1257 1323 praeeat.

239 1414 378 1481 Karalus
401 1416 453 1482 dei
475 1417 584 1498 gracia
605 1417 822 1483 Romanorum
843 1434 900 1482 rer
923 1433 1049 1499 semper
1070 1419 1229 1499 augustus
1248 1421 1283 1482 et
1296 1415 1421 1482 Boemis

135 1548 200 1595 rer.
224 1527 520 1595 Fidelibusnostrie
543 1529 680 1610 dilectis,
700 1528 813 1612 judici,
837 1529 966 1612 iuratis,
992 1527 1127 1595 consilio
1150 1533 1185 1593 et
1206 1527 1420 1594 communitati

136 1640 302 1707 hominum
324 1641 358 1706 in
379 1641 481 1722 Luna,
505 1644 646 1725 graciam
668 1644 790 1725 regiam
813 1661 885 1708 cum
906 1640 1108 1724 plenitudine
1130 1640 1236 1707 omnia
1255 1640 1341 1708 boni.
1365 1640 1419 1708 Ob

136 1755 202 1820 lata
232 1753 302 1820 sedi
330 1754 421 1837 regie
450 1774 507 1837 pro
537 1760 629 1838 parte
659 1761 766 1821 vestm
795 1760 828 1821 et
858 1755 1001 1821 ciuitatis
1024 1758 1131 1819 vestre
1151 1754 1288 1821 humilia
1309 1753 1418 1836 peticio

138 1867 329 1950 continebat,
360 1868 454 1952 quod,
485 1887 557 1934 cum
579 1867 655 1934 diue
676 1868 829 1934 memorie
850 1865 987 1932 illustris
1009 1864 1184 1948 Jobannea,
1205 1865 1342 1933 Boemie
1362 1884 1416 1944 rar,

139 1981 266 2063 genitor
287 1986 397 2047 noster
418 1982 619 2063 karissimus,
643 1981 733 2048 vobis
756 1986 789 2047 et
811 1985 917 2047 vestre
937 1979 1063 2046 ciuitati
1085 1997 1161 2045 suas
1182 1984 1334 2063 patentes
1355 1997 1415 2046 con-

137 2094 271 2160 cesserit
292 2094 428 2175 litteras,
458 2095 575 2161 reatris
606 2094 853 2161 commodiosius
883 2091 1163 2160 commoditatibus
1190 2093 1325 2176 cupiens
1354 2110 1411 2175 pre-

137 2206 262 2289 spicere
285 2211 319 2271 et
340 2207 510 2289 prouidere
532 2205 737 2288 utilitatibus,
761 2223 896 2289 quarum
917 2210 1011 2271 tenor
1032 2203 1213 2271 dinoscitur
1233 2222 1307 2272 esse
1320 2205 1354 2271 in
1367 2206 1412 2270 bec

138 2319 252 2385 rerba:
270 2318 433 2386 Johannes
446 2320 498 2385 dei
510 2320 619 2402 gracia
631 2323 689 2386 etc.
704 2318 747 2400 (N
749 2318 894 2401 asleduje
905 2319 1000 2383 aneni
1010 2317 1088 2383 listn
1099 2317 1146 2382 lrr.
1157 2315 1244 2385 Jana
1255 2316 1285 2384 d.
1298 2318 1410 2384 rPrare

138 2431 383 2500 8—15dervna
408 2432 490 2498 1337
515 2432 540 2499 d.
567 2433 653 2517 197),
687 2432 893 2515 dignaremur
922 2431 1107 2498 huiuamodi
1128 2431 1257 2498 litteras
1280 2430 1408 2497 uobisat

138 2546 264 2612 ciuitati
293 2550 402 2612 usaue
432 2546 612 2628 graciosius
635 2545 830 2613 confirmare.
853 2546 921 2613 Nos
943 2547 1053 2628 itaque
1074 2544 1193 2611 vestris
1216 2542 1407 2629 supplicatio

135 2659 231 2725 nibus
246 2658 393 2727 inclinati
408 2658 549 2741 prefatas
565 2660 690 2726 litteras
714 2663 746 2724 et
767 2659 801 2725 in
823 2658 871 2725 eis
894 2662 1044 2725 contenta
1063 2657 1105 2723 de
1119 2657 1220 2725 uerbo
1235 2658 1277 2725 ad
1293 2656 1405 2723 uerbum

135 2771 358 2856 approbamus,
388 2770 584 2839 ratificamus
614 2777 648 2839 et
676 2770 894 2857 gratificamns
925 2790 964 2839 ao
993 2777 1064 2838 rata
1093 2776 1127 2838 et
1155 2776 1250 2854 grata
1274 2771 1405 2838 babentes

134 2903 190 2952 eas
213 2890 246 2951 et
267 2902 306 2951 ea
329 2884 369 2951 de
391 2884 489 2952 uerbo
511 2885 552 2950 ad
575 2885 707 2952 uerbum
733 2886 876 2953 totaliter
898 2885 1047 2953 duximus
1070 2882 1299 2968 confirmanda,
1320 2877 1402 2951 adici·

134 3003 225 3065 entes
257 2998 391 3082 insuper
420 3003 452 3064 et
479 2999 632 3080 volentes,
666 3006 702 3066 ut
736 3017 845 3066 omnes
875 3004 909 3065 et
937 2999 1059 3081 singuli
1087 2999 1240 3066 concines
1268 2994 1405 3065 aesnidi

133 3113 222 3178 ciues
241 3110 407 3178 Lunenses
430 3113 663 3194 possessiones,
686 3111 882 3178 hereditates
906 3117 939 3178 et
959 3111 1073 3196 predia
1086 3111 1292 3195 possidentes
1314 3116 1347 3178 et
1365 3108 1405 3174 bt·

133 3225 246 3293 beatos
276 3224 377 3291 libera
407 3230 440 3290 et
469 3225 597 3306 liberas,
628 3230 665 3291 ut
694 3225 881 3308 predicitur,
912 3225 945 3290 in
975 3225 1048 3307 ipsa
1080 3224 1216 3292 ciuitate
1247 3223 1406 3293 residentes

133 3332 297 3413 neglectas
321 3329 576 3397 contribuciones
599 3335 632 3396 et
654 3330 835 3397 soluciones
851 3329 1061 3413 pecuniarum
1074 3348 1132 3413 pro
1148 3332 1294 3413 tempore
1308 3329 1407 3411 elapso,

134 3461 215 3525 quas
239 3444 404 3510 vobiscum
426 3444 552 3510 soluere
574 3442 764 3510 tenebantur
790 3442 934 3526 deipsis
962 3440 1225 3525 possessionibus
1248 3435 1408 3510 etheredi·

134 3557 265 3638 tatibua,
290 3558 477 3639 persoluant
498 3558 642 3639 plenarie
664 3575 702 3623 ac
723 3560 894 3623 teneantur
914 3555 1102 3639 persoluere
1122 3554 1328 3639 integraliter
1342 3559 1409 3622 etex

133 3675 209 3737 toto.
254 3669 446 3736 Mandantes
477 3671 610 3753 insuper
632 3675 666 3735 et
686 3671 840 3752 volentes,
870 3675 907 3736 ut
923 3668 1033 3754 judex,
1062 3668 1212 3736 eonsules
1234 3674 1270 3736 et
1290 3682 1410 3737 commu·

133 3785 219 3850 nitas
242 3788 352 3849 uestra
373 3782 415 3850 ad
438 3784 634 3851 solucionem
657 3785 887 3866 premissorum
909 3788 942 3849 et
963 3782 1101 3849 aliorum
1122 3800 1257 3849 onerum
1280 3788 1314 3850 et
1334 3782 1408 3863 inpo

134 3898 292 3965 sicionum
302 3898 512 3980 pecuniarum
535 3916 607 3963 cum
630 3896 774 3963 eiusdem
801 3896 926 3963 ciuibus
949 3896 983 3962 in
1004 3899 1171 3978 posterum
1191 3892 1410 3965 faciendorum,

136 4011 329 4077 auctoritate
339 4012 430 4094 regia
453 4010 576 4077 suffulti
598 4011 632 4076 in
654 4011 715 4077 hac
736 4016 837 4093 parte,
861 4029 917 4077 eos
939 4009 1041 4075 eciam
1063 4008 1167 4092 captis
1189 4026 1304 4076 eorum
1316 4008 1411 4093 pigro

132 4124 222 4191 ribus
245 4129 377 4191 arceant
398 4128 432 4189 et
453 4124 654 4206 compellant,
683 4142 748 4190 non
774 4122 975 4189 obstantibus
998 4120 1253 4205 quibuscumque
1279 4121 1354 4189 aliis
1370 4114 1410 4183 lit-

132 4237 211 4302 teris
233 4236 355 4302 uostris
378 4254 436 4318 per
458 4253 606 4316 errorem,
638 4234 857 4318 ignoranciam
879 4234 933 4300 uel
955 4232 1150 4301 obliuionem
1172 4232 1210 4300 in
1231 4230 1409 4302 embadon

134 4349 218 4415 datis
243 4350 294 4415 uel
318 4348 443 4429 dandis,
466 4367 546 4431 quaa
569 4366 642 4414 esse
664 4350 813 4415 uolumus
836 4347 949 4413 inanes
973 4351 1006 4412 et
1027 4346 1138 4412 irritas
1157 4346 1346 4431 nulliusque
1355 4342 1409 4410 lora

134 4460 278 4530 efficacis
299 4463 428 4546 penitus
452 4464 504 4527 uel
526 4462 689 4528 momenti.
726 4461 764 4527 In
787 4460 900 4528 borum
923 4460 1065 4526 omnium
1086 4458 1312 4529 testimonium
1330 4462 1408 4537 aune

134 4574 232 4643 robur
260 4580 426 4659 presentes
455 4576 582 4643 litteras
613 4556 772 4643 conscribi
795 4579 829 4640 et
850 4578 959 4642 nostre
981 4572 1171 4656 magestatis
1194 4572 1305 4657 sigillo
1324 4562 1408 4640 muni·

1446 4330 1453 4495 l
