3150 5378
234 421 298 489 878
849 420 923 473 raas.

233 631 319 713 qnod
349 648 408 697 nos
438 630 479 695 ad
510 629 685 697 fraternam
716 637 749 697 et
779 633 1024 701 deuotissimam
1056 633 1317 715 supplicacionis
1350 638 1527 704 instanciam

233 744 497 811 excellentissimi
528 749 561 810 et
583 743 746 828 magnifici
769 747 939 829 principis,
960 746 1082 813 domini
1106 746 1298 815 Wenceslai
1323 750 1527 817 Remorum

233 857 413 923 etBoemie
433 856 531 937 regis,
554 856 666 923 fratris
689 860 793 925 nostri
817 859 989 939 carissimi,
1016 858 1145 925 ciuibus
1161 864 1195 925 ct
1209 864 1452 931 mercatoribus
1471 865 1530 930 suis

234 972 274 1037 de
296 970 432 1036 ciuitate
462 969 551 1052 Egra
580 988 680 1053 regno
704 989 763 1038 suo
794 972 927 1039 Boemie
956 971 1132 1039 iumediate
1162 971 1330 1042 subiectis
1360 975 1531 1044 huiusmodi

234 1083 387 1167 specialis
418 1084 528 1165 gracie
557 1084 797 1167 prerogatiuam
832 1104 871 1152 ex
902 1085 999 1152 solita
1026 1087 1118 1169 regia
1146 1085 1363 1172 benignitate
1394 1090 1531 1158 duximus

233 1196 424 1279 faciendam,
447 1197 532 1277 quod
555 1197 654 1264 iidem
670 1199 760 1265 ciues
783 1204 816 1265 et
829 1204 1025 1266 mercatores
1040 1217 1112 1266 cum
1126 1198 1226 1267 rebus
1240 1204 1532 1271 mercimoniulibus

234 1310 409 1394 procedere
431 1312 578 1377 consueti
601 1330 659 1393 per
682 1330 901 1396 quascumque
924 1313 996 1379 vias
1028 1316 1238 1381 transeuntes
1260 1314 1300 1381 in
1324 1316 1531 1385 solucionrbus

233 1424 470 1491 tricesimarum
503 1424 749 1492 attributorum
779 1432 962 1493 nostrorum
993 1425 1142 1494 omnibus
1164 1426 1296 1495 eisdem
1318 1431 1451 1513 graciis,
1471 1449 1532 1513 pre

233 1536 393 1620 rogatiuis
423 1542 456 1602 et
484 1536 689 1604 libertatibus
719 1539 886 1621 perpetuis
915 1539 1116 1621 temporibus
1138 1541 1322 1623 pociantur
1345 1550 1381 1611 et
1401 1550 1530 1623 utantur,

237 1649 355 1732 quibus
369 1655 565 1717 mercatores
581 1650 761 1733 Pragenses
778 1658 811 1718 et
826 1652 1123 1736 Nurembergenses
1137 1671 1177 1719 ex
1191 1654 1422 1739 priuilegialis
1436 1662 1532 1723 nosue

236 1764 455 1831 concessionis
485 1765 667 1832 annuencia
697 1765 840 1848 gaudent
870 1771 903 1831 et
932 1766 1094 1848 fiuuutur,
1127 1766 1176 1833 ita
1205 1767 1379 1853 videlieet,
1413 1776 1450 1837 ut
1478 1770 1531 1853 ipsi

234 1883 430 1945 mercatores
453 1877 571 1962 ubique
593 1879 627 1945 in
650 1897 750 1962 regno
772 1885 882 1947 nostro
906 1880 1002 1947 iustis
1023 1879 1156 1947 tributis
1178 1886 1213 1947 et
1230 1881 1421 1951 tricesimia
1435 1902 1531 1951 corun

235 1992 269 2058 in
301 2010 401 2072 regno
431 1998 542 2059 nostro
573 1993 749 2074 persolutis
782 1993 823 2060 ab
854 1994 941 2060 omni
971 1993 1211 2076 impedimento,
1245 1996 1409 2065 molestia
1435 2002 1468 2063 at
1492 1996 1531 2061 in·

233 2105 412 2172 festacione
422 2104 668 2173 tributariorum
680 2113 713 2173 et
723 2108 996 2175 tricesimatorum
1010 2112 1193 2174 nostrorum
1206 2107 1369 2193 absoluti,
1381 2110 1531 2178 mmunes

236 2237 299 2302 que
321 2218 501 2285 habeantur
530 2225 563 2286 et
585 2221 736 2303 exempti,
758 2238 817 2287 nec
839 2221 880 2286 ad
904 2220 1099 2303 superfluam
1121 2226 1155 2287 et
1175 2221 1412 2290 inconsuetam
1431 2220 1530 2290 tributi

238 2332 290 2397 vel
311 2332 477 2398 tricesima
508 2334 705 2400 solucionem
733 2334 871 2417 astringi
901 2336 952 2400 vel
984 2334 1132 2417 compelli
1154 2333 1290 2402 valeant
1320 2354 1382 2420 per
1404 2336 1529 2413 eosdem

236 2445 294 2511 sed
325 2446 369 2511 sit
398 2445 446 2511 eis
475 2446 577 2512 libera
600 2447 737 2513 facultas
768 2447 863 2515 iactis
895 2446 1115 2514 solutionibus
1137 2447 1314 2531 premissis
1345 2447 1528 2533 procedendi

236 2558 296 2625 sub
330 2566 443 2625 nostra
475 2560 676 2642 protectione
709 2565 742 2626 et
771 2562 873 2628 tutela
902 2559 1047 2643 speciali.
1092 2558 1193 2627 Vobis
1227 2562 1346 2647 itaque
1379 2562 1529 2631 minorata

234 2674 381 2756 prelatis,
404 2673 590 2755 baronibus,
614 2674 796 2756 comitibus,
819 2674 1015 2755 castellanis,
1039 2672 1202 2741 nobilibus
1225 2680 1259 2741 et
1282 2676 1529 2759 possessiomtis

234 2786 419 2854 hominibus
439 2787 563 2854 tributa
584 2793 651 2855 tam
672 2789 820 2855 interris
841 2806 936 2873 quam
951 2788 986 2853 in
1001 2789 1094 2871 aquis
1115 2786 1327 2873 habentibus,
1355 2791 1530 2875 poenisque

234 2906 268 2968 et
290 2900 409 2968 vestris
427 2900 610 2968 tributariis
626 2920 664 2968 ac
679 2900 971 2968 tricesimatoribus
987 2919 1074 2968 nunc
1089 2900 1279 2968 constitutis
1296 2908 1333 2969 et
1345 2904 1383 2969 in
1397 2904 1528 2971 iuturuu

235 3013 481 3096 constituendis,
513 3013 630 3097 quibus
654 3020 821 3098 presentes
846 3013 1069 3095 ostenduntur,
1086 3013 1187 3097 regiis
1209 3013 1331 3082 damus
1352 3012 1459 3083 &mis
1480 3012 1528 3081 sub

234 3104 360 3211 edictis,
373 3135 542 3212 quatenus,
558 3128 812 3213 quandocunque
823 3134 856 3196 et
867 3131 1149 3213 quocienscunque
1164 3124 1246 3193 dicti
1261 3126 1359 3195 ciues
1375 3134 1529 3197 etnam

233 3251 321 3311 tores
351 3242 392 3309 de
414 3243 501 3309 dicta
531 3245 666 3311 ciuitate
695 3244 784 3327 ligra
815 3262 889 3310 cum
911 3261 1022 3309 eorum
1043 3240 1139 3308 rebus
1169 3248 1204 3306 et
1224 3240 1396 3309 mercibus
1417 3242 1460 3309 ad
1479 3258 1528 3308 nos

235 3357 331 3425 etad
360 3359 431 3424 loca
454 3359 648 3424 tributorum
671 3363 851 3424 vestrorum
882 3375 920 3423 ac
949 3355 1188 3422 tricesimarum
1209 3356 1425 3437 presencium
1448 3354 1529 3423 testi·

233 3472 341 3538 mouio
372 3473 578 3551 accesserint,
602 3473 692 3553 ipsos
715 3471 812 3538 iustis
835 3472 921 3537 reris
955 3475 988 3535 et
1019 3467 1183 3536 consuetis
1212 3484 1330 3534 eorum
1350 3468 1528 3537 tributiset

233 3585 408 3652 tricesimis
439 3604 527 3651 more
557 3591 590 3652 et
618 3586 765 3651 adinstar
794 3590 1009 3651 mercatorum
1038 3582 1252 3665 Prageusium
1285 3586 1322 3648 et
1342 3582 1530 3651 Nursmbcr·

234 3701 382 3784 gensium
412 3700 499 3765 datis
519 3705 552 3766 et
574 3700 749 3783 persolutis
779 3700 902 3765 tamin
926 3696 1031 3764 eundo
1054 3714 1151 3778 quam
1176 3696 1212 3761 in
1232 3694 1409 3765 redeundo
1430 3698 1530 3774 ubas

235 3812 369 3897 pacifice
392 3819 425 3880 et
447 3814 556 3898 quiete
578 3813 700 3896 absque
723 3813 898 3880 cuiuslibet
919 3810 1143 3895 impedimenti
1164 3814 1197 3875 ct
1220 3808 1414 3893 calumpnia
1435 3810 1531 3879 obstu-

234 3928 306 3994 culo
335 3928 476 3993 transire
499 3934 531 3994 et
553 3927 643 3994 abire
665 3926 872 4010 permittatis,
903 3942 1014 3991 eorum
1046 3920 1246 3990 mercaucias
1278 3922 1356 3989 sine
1380 3924 1470 3993 omui
1489 3924 1531 3990 iu-

233 4041 422 4125 quietudine
444 4040 649 4122 exercendos,
684 4039 786 4106 saluis
820 4055 948 4121 semper
976 4034 1125 4119 personis
1158 4052 1272 4101 eorum
1306 4040 1414 4121 atque
1433 4038 1530 4107 rebus

233 4154 368 4237 Harum,
398 4155 516 4239 quibus
549 4154 693 4237 sigillum
724 4158 833 4219 nostre
854 4150 1035 4219 maiestatis
1069 4154 1230 4217 secretum
1260 4167 1450 4233 appensum
1478 4156 1531 4229 os,

234 4270 420 4336 testimonio
450 4269 618 4335 literarum
649 4274 682 4333 et
712 4267 797 4333 sicut
829 4264 932 4333 nostri
954 4262 1075 4347 regalis
1096 4260 1242 4328 mandati
1273 4266 1532 4349 trangressores

234 4384 319 4451 effici
352 4382 592 4466 pertimescitis,
623 4400 716 4448 secus
751 4381 858 4447 facere
890 4398 954 4444 non
991 4376 1103 4443 ausuri
1138 4375 1173 4441 iu
1195 4376 1386 4459 premissis.
1420 4378 1531 4445 uerno

236 4499 339 4581 Prage
361 4498 444 4563 teria
466 4502 582 4580 quarta
604 4496 750 4579 proxima
772 4499 847 4577 post
868 4491 988 4559 festum
1002 4490 1123 4557 Passca
1144 4488 1266 4557 domiui
1278 4504 1379 4559 ¹anno
1393 4490 1531 4561 etuadeu

234 4609 383 4680 M⁰ccc⁰
403 4610 612 4695 nonagesimo
635 4614 735 4676 sesto.
