3098 5392
229 387 313 450 1114
842 385 918 435 1410.

228 594 366 674 pecunia
397 593 525 658 nomine
552 611 635 674 pene
662 597 792 674 recepta
813 593 918 674 modo,
950 612 1013 674 quo
1037 593 1197 674 superius
1222 594 1270 658 de
1295 593 1372 658 sale
1395 601 1528 657 narratur.

228 704 357 772 debebit
386 706 537 771 distribui
570 713 602 770 et
628 707 754 787 partiri,
786 708 938 773 videlicet
969 707 1054 788 quod
1077 707 1143 772 due
1168 714 1294 789 partes
1330 727 1391 791 pro
1414 707 1529 773 utitituu

227 821 386 886 communi
411 820 565 899 ciuitatis,
588 821 690 884 tercia
713 838 789 885 vero
812 840 888 902 pars
910 821 951 885 ad
976 839 1053 885 usus
1072 820 1206 902 judicis
1232 840 1299 903 pro
1314 827 1462 903 tempore
1481 820 1528 883 un-

228 933 343 998 stentis
374 930 588 998 effectualiter
619 940 836 1014 conuertatm·‚
868 935 931 999 isto
959 934 1129 1014 signanter
1151 935 1315 1015 prouiso‚
1348 934 1435 1018 quod
1452 932 1529 1016 juder

226 1047 259 1110 in
274 1045 425 1111 Budweis
448 1064 507 1128 pro
523 1051 667 1127 tempore
690 1047 843 1125 existens,
866 1047 998 1130 quocies
1021 1047 1113 1112 ciues
1136 1046 1323 1129 predictos
1350 1066 1411 1113 seu
1431 1047 1529 1128 stipen-

226 1160 349 1226 diarios
379 1161 523 1241 ipsorum
557 1180 615 1241 pro
647 1160 848 1225 arrestandis
877 1158 973 1225 rebus
1005 1165 1038 1224 et
1068 1158 1280 1240 hominibus,
1320 1166 1359 1225 vt
1382 1160 1529 1243 prefertur.

228 1277 316 1340 exire
339 1275 513 1355 contingat,
544 1274 679 1338 terciam
702 1281 826 1354 partem
848 1291 1062 1355 expensarum
1093 1278 1127 1338 et
1149 1274 1395 1355 impensarum
1425 1274 1529 1338 soloen

234 1390 278 1453 sit
300 1388 481 1453 asstrictus,
527 1386 680 1450 Preterea
702 1385 743 1450 de
766 1386 1020 1451 habundantiori
1044 1393 1155 1451 nostre
1192 1387 1437 1453 munificencia
1467 1386 1530 1450 dono

228 1502 395 1583 cupientes
420 1501 640 1566 condicionem
664 1499 809 1580 predicte
832 1501 977 1565 ciuitatis
1000 1507 1110 1565 nostre
1130 1500 1299 1567 Budwcis
1318 1509 1355 1567 et
1371 1501 1528 1567 incolarum

227 1616 331 1697 ipsius
355 1614 462 1680 facere
486 1614 661 1692 meliorem,
694 1614 868 1678 statuimus
891 1614 1086 1679 auctoritate
1107 1615 1205 1696 regia
1230 1615 1377 1681 Boemie
1400 1634 1456 1697 per
1476 1631 1529 1694 pre

232 1734 350 1808 sentes,
374 1727 460 1809 quod
484 1727 568 1791 infra
590 1727 782 1792 distauciam
808 1727 902 1791 unius
924 1725 1062 1791 miliaris
1086 1727 1359 1810 circumquaque
1378 1728 1419 1793 ab
1437 1726 1529 1792 eaden

230 1843 364 1908 ciuitate
398 1842 488 1906 nulla
517 1841 719 1920 brasiatoria
754 1840 938 1905 braxatoria
972 1857 1029 1904 seu
1060 1839 1199 1905 taberne
1236 1860 1300 1922 per
1339 1855 1529 1923 quascunque

230 1974 385 2037 personas
416 1956 546 2035 penitus
576 1954 755 2019 habeantur
788 1958 822 2017 et
851 1953 936 2034 quod
967 1952 1069 2018 eciam
1102 1953 1195 2018 nulle
1229 1960 1327 2019 artes
1352 1953 1529 2020 mechanica

231 2069 451 2149 cuiuscunque
482 2067 609 2148 generis
640 2067 770 2146 fuerint,
803 2069 893 2131 iuxta
915 2072 1058 2132 tenorem
1082 2065 1349 2148 priuilegiornm
1375 2065 1529 2134 eorundem

231 2181 350 2247 ciuium
375 2186 408 2245 et
430 2181 607 2245 incolarum
632 2179 777 2244 ciuitatis
799 2177 952 2244 Budueis
978 2197 997 2242 a
1021 2178 1146 2260 prefato
1169 2179 1333 2260 genitore
1358 2187 1467 2246 nostro
1487 2177 1528 2242 ob

232 2299 405 2373 tentorum,
428 2292 592 2358 ruralibus
616 2293 784 2357 dumtaxat
806 2292 906 2357 fabris
929 2291 1083 2373 exceptis,
1106 2290 1195 2357 infra
1220 2292 1427 2360 distanciam
1450 2293 1528 2356 unius

231 2407 378 2486 miliaris,
413 2412 447 2469 vt
477 2405 685 2488 premittitur,
720 2412 931 2471 exerceantur
963 2423 1020 2487 per
1049 2406 1240 2488 quempiam
1276 2427 1412 2491 quoquo
1441 2405 1527 2471 modo.

231 2520 315 2585 Nam
339 2522 366 2585 si
389 2520 497 2585 forsan
521 2539 578 2601 per
602 2521 784 2601 quempiam
808 2517 1040 2586 contrafactum
1070 2518 1164 2599 foret,
1188 2526 1316 2586 extunc
1340 2521 1474 2603 prefatis
1495 2519 1528 2583 ci·

230 2634 326 2698 uibus
350 2640 383 2698 et
404 2633 674 2699 inhabitatoribus
697 2634 858 2714 tabernas,
881 2634 1065 2699 braxatoria
1087 2640 1120 2698 et
1135 2633 1331 2700 brasatoria
1354 2631 1526 2701 destruendi

235 2752 268 2812 et
290 2748 372 2811 alias
395 2750 482 2811 artes
505 2748 709 2813 mechanicas
740 2766 949 2830 quascunque
972 2746 1163 2828 prohibendi
1187 2747 1349 2815 dedimus
1374 2756 1408 2815 et
1431 2748 1527 2812 damus

235 2861 355 2925 virtute
376 2861 580 2942 presencium
603 2861 782 2942 plenariam
806 2866 1005 2941 potestatem.
1039 2857 1237 2926 Mandemus
1260 2863 1367 2944 igitur
1384 2859 1525 2927 uniuersis

235 2978 268 3038 et
290 2973 427 3055 singulis
462 2973 648 3055 baronibus,
679 2973 851 3054 nobilibus,
880 2974 1099 3056 burggrauiis‚
1123 2975 1324 3055 capitaneis,
1351 2974 1525 3042 officialibus

237 3086 418 3168 ceterisque
441 3088 561 3151 nostris
591 3094 624 3150 et
646 3088 737 3169 regni
760 3088 893 3151 Boemie
916 3085 1055 3151 subditis
1078 3092 1111 3150 et
1133 3084 1302 3169 fidelibus,
1337 3087 1525 3170 presentibus

234 3206 266 3263 et
287 3199 417 3280 futuris,
454 3198 589 3264 firmiter
620 3207 652 3264 et
682 3200 840 3280 districte,
876 3204 1034 3280 quatenus
1063 3198 1207 3280 prefatos
1236 3201 1333 3267 ciues
1366 3209 1401 3268 et
1421 3199 1524 3266 incolas

236 3313 380 3379 ciuitatis
405 3320 514 3378 nostre
537 3313 698 3393 Budweis,
730 3313 785 3395 qui
809 3333 894 3378 nunc
916 3317 992 3378 sunt
1014 3331 1072 3377 seu
1095 3331 1152 3394 pro
1177 3319 1330 3395 tempore
1354 3316 1479 3391 fuerint,
1498 3312 1523 3374 in

235 3426 371 3507 pretatis
395 3427 515 3489 nostris
539 3427 658 3506 graciis
682 3444 883 3507 nequaquam
907 3426 1085 3508 impediant
1101 3444 1161 3491 nec
1182 3428 1340 3510 impediri
1358 3449 1417 3511 per
1431 3444 1520 3510 quen·

234 3540 320 3621 piam
343 3540 524 3621 paciantur,
549 3540 626 3620 quin
650 3541 761 3620 pocius
785 3540 871 3605 circa
893 3539 1079 3605 huiusmodi
1101 3546 1343 3607 manuteneant
1366 3541 1521 3608 efficaciter

235 3657 268 3716 et
297 3651 481 3729 defendant,
516 3657 612 3731 prout
646 3651 906 3732 indignacionem
936 3659 1080 3717 nostram
1109 3654 1347 3734 grauissimam
1381 3654 1520 3720 voluerint

235 3766 344 3830 arcius
368 3765 501 3828 euitare.
542 3764 749 3829 Presencium
773 3765 833 3829 sub
856 3767 947 3847 regie
969 3772 1080 3830 nostre
1102 3767 1291 3833 maiestatis
1315 3771 1425 3851 sigilio
1446 3765 1519 3830 testi·

237 3880 344 3943 monio
369 3878 559 3942 litterarum.
598 3879 716 3943 Datum
739 3879 843 3960 Prage
869 3898 953 3944 anno
976 3879 1098 3944 domini
1121 3881 1300 3947 millesimo
1322 3883 1518 3966 quadringen-

235 3993 350 4057 tesimo
373 3991 507 4070 decimo,
531 3990 584 4056 die
607 3993 762 4057 vicesima
778 3992 880 4072 Junii,
904 4011 1076 4073 regnorum
1100 4000 1291 4061 nostrorum
1307 4016 1392 4061 anno
1407 3991 1518 4059 Boemie

236 4105 481 4186 quadragesimo
506 4112 629 4184 octauo,
652 4106 868 4170 Romanorum
891 4124 966 4171 vero
989 4107 1155 4172 tricesimo
1178 4112 1308 4188 quarto.

341 4296 404 4379 [Na
428 4295 541 4377 ohbu:]
573 4296 634 4360 Per
656 4296 820 4361 douninnm
845 4294 1037 4377 Conradnm,
1060 4299 1251 4380 episcopum
1279 4301 1514 4367 Olomucenseru.

755 4410 895 4476 Jacobus
920 4411 1061 4477 decanus
1084 4410 1380 4495 wissegradensis.

344 4548 407 4630 [Na
431 4548 544 4631 rubum]
567 4551 603 4614 it.
629 4549 751 4632 Caspar
775 4550 815 4614 dc
837 4551 991 4617 Lewbicu.
