3098 5392
144 435 208 502 104

138 645 291 724 sancium,
314 647 347 709 et
368 642 454 709 inira
476 643 581 710 dictos
607 643 688 709 duos
722 661 823 709 annos
845 642 880 709 in
903 659 979 710 suos
1000 659 1079 710 vaus
1108 646 1143 709 et
1163 643 1340 713 utilitatem
1362 663 1427 711 con·

139 763 277 838 uertant,
311 757 483 824 transactis
516 775 592 822 vero
626 755 750 822 duobus
772 756 867 822 annis
902 756 953 822 vel
974 754 1186 822 concedemus
1215 756 1323 824 dictos
1353 756 1427 823 duos

134 872 285 938 denarios
310 871 434 938 eisdem
456 869 682 953 percipiendos
712 888 796 936 anno
818 869 963 954 quolibet
983 887 1042 953 pro
1065 875 1153 936 certa
1175 871 1314 953 pecunie
1334 890 1427 954 quan·

132 984 228 1052 titate
249 987 300 1051 vel
323 985 363 1052 de
395 986 486 1069 ipsis,
519 985 660 1069 quitquit
692 983 785 1051 nobis
808 984 974 1067 placuerit,
1009 984 1227 1067 disponemus.
1272 984 1427 1050 Preterea

141 1100 302 1166 vniuersis
336 1103 369 1166 et
401 1100 539 1183 singulis
569 1099 688 1165 dictam
721 1099 885 1165 ciuitatem
907 1097 1162 1165 inhabitantibus
1184 1102 1218 1164 et
1250 1097 1427 1164 inhabitare

136 1213 318 1280 volentibus
341 1213 454 1280 damam
484 1214 611 1296 plenam
640 1212 821 1279 libertatem
851 1231 909 1296 per
938 1211 1074 1280 duorum
1095 1230 1252 1279 annorum
1286 1213 1427 1294 spacium

136 1327 254 1393 adata
286 1327 519 1394 numerandum
552 1327 764 1411 presencium,
799 1345 854 1393 eos
887 1327 1096 1394 asoluoione
1117 1344 1234 1393 census
1267 1331 1303 1391 et
1324 1332 1427 1392 steurc

137 1442 189 1507 vel
212 1443 392 1508 exaccionis
427 1441 600 1509 cuiuslibet
632 1440 846 1521 absoluentes,
869 1441 915 1506 ita
937 1446 1054 1521 tamen,
1083 1439 1168 1524 quod
1198 1439 1323 1506 hiidem
1344 1446 1427 1506 tene·

136 1560 233 1621 autur
254 1561 384 1638 pontem
417 1554 537 1623 ibidem
571 1572 731 1637 reparare,
754 1558 851 1638 atque
872 1553 906 1619 in
939 1551 1023 1621 bono
1046 1558 1143 1634 statu,
1164 1550 1251 1637 quod
1284 1553 1427 1620 homines

135 1669 309 1736 salubriter
330 1669 471 1736 transire
504 1669 640 1749 valeant,
671 1684 872 1734 conseruare.
918 1667 1026 1748 Quare
1047 1665 1236 1733 mandamus
1267 1667 1427 1734 uniuersis

136 1801 252 1850 census
275 1783 378 1850 nostri
401 1788 458 1848 aut
480 1788 588 1849 steure
607 1787 664 1848 aut
685 1782 868 1849 exaccionis
891 1778 1065 1847 cuiuslibet
1086 1779 1322 1863 collectoribus,
1346 1782 1427 1866 quod

136 1916 156 1961 a
179 1897 274 1963 dictis
298 1896 426 1963 ciuibus
448 1897 533 1963 infra
556 1896 698 1979 prefatos
731 1916 833 1963 annos
855 1895 956 1962 nichil
978 1895 1108 1978 penitus
1131 1896 1273 1961 audeant
1301 1896 1425 1979 exigere

134 2011 185 2076 vel
207 2017 403 2093 presumant,
420 2011 505 2078 sicut
519 2010 779 2093 indignacionem
793 2014 937 2077 nostram
950 2006 1136 2092 cupiuerint
1157 2009 1292 2077 euitare.
1310 2010 1423 2077 Datum

134 2122 238 2207 Prage
260 2129 319 2191 etc.

236 2295 327 2366 Voigt,
351 2296 531 2352 Formelbucb
549 2295 600 2352 des
618 2295 720 2365 hhnigl.
738 2293 841 2353 Notans
860 2293 894 2349 H.
913 2293 1033 2351 italicus.
1051 2291 1090 2348 Νο
1106 2292 1255 2351 cxxvut
1273 2323 1309 2336 -
1326 2294 1420 2362 Emler,

133 2389 255 2462 Regesta
272 2392 306 2447 11.
325 2392 348 2448 h.
367 2398 443 2448 2424.

712 2603 776 2686 (lis.
799 2621 852 2686 40.

378 2791 528 2880 {Kolem
551 2809 581 2860 r.
605 2789 722 2880 12881‚
746 2791 790 2861 25
812 2790 903 2862 etii.
925 2789 982 2860 lla
1004 2790 1176 2862 Beudenl.

130 2966 215 3034 nra
243 2966 357 3033 aaut
380 2969 423 3034 n.
446 2968 546 3034 mat
568 2969 746 3033 messanam
761 2965 996 3052 mammaeam
1017 2939 1148 3033 asaia
1169 2967 1317 3034 eam
1337 2987 1421 3034 ossa

227 3082 333 3165 boacje
346 3083 383 3164 je
402 3101 442 3146 ea
464 3085 495 3146 to
517 3101 561 3146 na
582 3080 665 3163 dlpr'i
686 3081 751 3147 lita
773 3080 813 3145 od
828 3080 959 3163 placeat
978 3080 1029 3146 cla
1044 3099 1090 3163 po
1111 3080 1163 3146 ost
1181 3079 1245 3146 r'ts·
1264 3079 1328 3147 svb.

233 3264 443 3331 Wencezlaus
466 3265 518 3330 dei
553 3266 661 3347 gracia
683 3284 739 3330 rex
770 3265 902 3330 Boemie
925 3269 958 3331 et
978 3263 1121 3330 marchio
1144 3264 1302 3330 Morauie.
1348 3263 1425 3330 Vni·

130 3379 235 3445 uersis
257 3378 444 3458 baronibus,
468 3378 637 3459 militibus,
671 3377 842 3444 clientibus
865 3377 1015 3443 thelonea
1037 3376 1280 3461 possidentibus
1304 3396 1427 3445 necnon

129 3498 161 3557 et
183 3490 331 3558 omnibus
346 3491 555 3557 theloneariis
571 3509 629 3572 per
651 3490 833 3556 districtum
849 3490 901 3555 sui
924 3489 1058 3555 dominii
1081 3489 1279 3573 constitutis,
1295 3490 1427 3559 dilectis

126 3604 276 3671 fidelibus
300 3606 378 3686 suis,
401 3610 545 3671 tenorem
561 3605 764 3686 presencium
780 3603 985 3687 inspecturis,
1009 3603 1151 3686 graciam
1166 3622 1261 3671 suam
1283 3608 1318 3671 et
1334 3623 1426 3672 omne

125 3718 252 3784 bonum.
289 3717 371 3784 Cum
394 3717 529 3784 dilectos
551 3717 663 3783 fideles
696 3723 822 3784 nostros
845 3718 1014 3784 uniuersos
1037 3717 1126 3786 ciues
1159 3717 1200 3783 de
1227 3716 1424 3786 Nvenburcb

128 3831 168 3898 ob
198 3832 301 3897 honus
333 3851 465 3914 operum
487 3832 646 3915 regalium
675 3831 756 3913 ipsis
781 3831 968 3914 impositum
1009 3849 1067 3915 per
1098 3835 1237 3915 quatuor
1267 3848 1419 3899 annorum

129 3946 274 4025 spacium
308 3945 458 4011 continue
498 3965 517 4010 a
555 3947 631 4012 data
661 3945 931 4011 numerandorum
963 3945 1166 4027 presencium
1199 3943 1338 4012 ubilibet
1368 3962 1418 4029 per

127 4064 272 4123 nostrum
288 4058 464 4124 dominium
480 4059 519 4122 ab
536 4060 622 4123 omni
639 4059 843 4125 exsolucione
858 4059 1000 4125 thelonei
1016 4058 1202 4125 duxerimus
1224 4058 1415 4140 eximendos,

127 4172 314 4236 mandamus
346 4172 436 4236 vobis
465 4170 602 4236 firmiter
632 4176 664 4237 et
686 4173 811 4254 precise
843 4172 902 4237 sub
926 4172 1059 4239 obtentu
1088 4175 1198 4237 nostre
1228 4173 1350 4255 gracie,
1371 4171 1417 4239 tir·

126 4285 221 4349 miter
243 4286 458 4366 iniungentes,
481 4289 639 4367 quatenus
675 4286 851 4367 aprefatis
875 4285 1001 4351 ciuibus
1035 4303 1108 4351 cum
1129 4285 1352 4352 mercimoniis
1373 4286 1418 4354 vel

127 4397 369 4480 quibuscunque
391 4397 487 4462 robus
511 4398 586 4463 aliis
608 4396 887 4479 proficiscentibus
910 4398 1008 4463 nichil
1031 4398 1066 4463 in
1089 4398 1137 4463 itu
1155 4397 1211 4464 'vel
1234 4398 1346 4465 reditu
1367 4416 1424 4483 per

127 4510 268 4591 prefatos
290 4517 427 4592 quatuor
448 4529 548 4576 annos
572 4512 740 4576 occasione
761 4511 904 4577 thelonei
920 4511 1078 4575 ullatenus
1102 4510 1252 4593 erigatis,
1275 4512 1337 4580 sed
1352 4530 1421 4596 per-

127 4624 264 4690 mittatis
280 4624 367 4706 ipsos
382 4627 531 4708 transire,
554 4626 834 4710 quocienscunque
850 4625 1019 4705 voluerint,
1041 4623 1192 4691 libersac
1203 4625 1324 4710 solute,
1337 4627 1423 4697 'sicut
