3150 5378
230 477 295 542 218
856 480 932 530 canc.

230 686 342 750 uitatis
367 690 476 751 nostre
498 684 643 767 predicte
666 686 786 750 nullam
810 686 844 750 in
868 685 1002 751 ciuitate
1024 686 1172 751 Drezden
1187 686 1237 751 vel
1253 684 1320 752 alia
1341 705 1534 773 quacunque

232 799 273 864 ad
299 798 487 864 euitandum
509 798 642 864 dubium
664 799 770 864 ierant
792 800 874 864 iuris
898 801 1104 880 sentenciam,
1127 799 1192 864 nisi
1215 801 1355 882 primum
1379 820 1533 885 supereo

230 913 266 978 in
298 912 505 994 maniloquiis
540 918 573 976 et
604 912 771 995 colloquiis
793 919 918 978 mature
950 913 1202 979 deliberauerint
1232 932 1291 995 per
1325 915 1531 998 quindenam.

229 1026 320 1106 Item,
344 1028 372 1091 si
395 1026 513 1107 aliquis
536 1026 753 1106 predictorum
777 1027 898 1092 ciuium
923 1031 980 1091 aut
1002 1025 1176 1093 eorundem
1208 1024 1296 1092 filius
1319 1028 1370 1093 vel
1396 1048 1531 1096 consan-

230 1141 367 1222 guineus
390 1157 590 1222 quocumque
613 1159 690 1205 casu
713 1145 746 1205 et
767 1158 967 1224 quocumque
988 1144 1132 1223 tempore
1154 1140 1342 1206 vulneratus
1363 1140 1467 1208 inerit
1480 1146 1531 1210 vel

230 1254 365 1334 occisus,
389 1253 502 1320 amicis
525 1253 596 1318 eius
619 1253 778 1335 corruptis
802 1252 875 1319 odio
898 1254 949 1319 rel
971 1253 1101 1318 malicia
1122 1253 1305 1336 quempiam
1322 1255 1531 1322 innocentem

230 1366 366 1449 proinde
387 1366 569 1432 volentibus
593 1367 627 1430 in
651 1365 772 1431 iudicio
796 1364 939 1432 indebite
961 1366 1144 1446 conuenire,
1167 1371 1284 1433 extunc
1297 1367 1456 1435 innocens
1479 1389 1531 1436 as-

230 1480 368 1562 sumptis
391 1479 453 1544 sibi
477 1479 600 1546 duobus
624 1480 674 1544 vel
697 1478 801 1544 tribus
830 1479 946 1544 vicinis
979 1479 1047 1544 suis
1080 1478 1205 1545 idoneis
1236 1498 1346 1546 secum
1374 1482 1530 1550 innocen·

229 1592 313 1657 ciam
335 1611 426 1657 suam
447 1592 637 1658 iuramentis
661 1591 879 1673 corporalibus
907 1590 1187 1673 comprobantibus
1219 1611 1255 1658 se
1283 1595 1403 1660 melius
1435 1615 1530 1662 excu-

229 1723 302 1771 sare
325 1707 431 1771 valeat
454 1706 612 1787 quemad
635 1705 841 1770 duellandum
863 1705 1067 1788 aliquatenus
1091 1707 1238 1772 coartari.
1262 1707 1296 1774 Si
1316 1714 1427 1775 autem
1442 1710 1527 1776 hanc

228 1821 426 1885 sentenciam
448 1821 566 1902 aliquis
588 1825 764 1886 retractare
785 1820 1027 1902 presumpserit,
1059 1825 1176 1887 extunc
1198 1821 1250 1886 hic
1273 1839 1336 1886 rna
1358 1841 1433 1889 cum
1455 1842 1528 1906 pre

228 1933 325 1999 dictis
359 1934 478 1999 nostris
513 1934 638 1999 ciuibus
673 1934 761 1999 ciues
795 1934 986 2015 Lipzkensis
1021 1934 1116 1999 adeat
1149 1934 1302 2016 ciuitatis,
1341 1935 1437 2019 sique
1469 1956 1527 2019 per

229 2046 358 2112 eosdem
381 2047 546 2112 sentencia
567 2048 657 2129 prius
680 2048 747 2112 lata
768 2047 831 2113 rite
853 2048 953 2112 inerit
973 2047 1159 2130 approbata,
1192 2053 1308 2114 extunc
1333 2054 1529 2116 retractator

228 2159 393 2242 predictus
427 2178 483 2242 pro
515 2179 552 2226 eo
583 2159 764 2227 satisfaciat
796 2162 885 2225 iuxta
918 2159 1082 2226 decretum
1111 2165 1144 2226 et
1171 2159 1410 2244 beneplacitum
1439 2164 1527 2228 iura·

228 2277 349 2352 torum,
374 2273 402 2338 si
427 2292 502 2338 nero
525 2273 696 2356 reprobata
724 2273 823 2340 luerit
845 2293 902 2356 per
925 2274 1064 2355 eosdem,
1098 2278 1215 2341 extunc
1243 2275 1378 2358 proinde
1408 2295 1525 2359 penam

228 2385 368 2451 debitam
401 2387 577 2468 paciantur.
623 2387 713 2468 Item,
748 2387 856 2452 nullus
890 2405 929 2452 ex
964 2387 1118 2469 predictis
1152 2387 1279 2454 ciuibus
1311 2388 1525 2456 Pirnensibus

226 2499 443 2581 querimonias
466 2500 548 2564 ullas
572 2518 668 2582 super
690 2519 890 2584 quacumque
912 2519 1082 2566 causarum
1113 2520 1220 2567 coram
1245 2501 1339 2569 nobis
1361 2504 1415 2569 vel
1438 2504 1525 2586 capi·

230 2616 325 2678 tanco
349 2618 458 2679 nostro
481 2613 600 2678 ibidem
623 2614 657 2677 in
679 2613 787 2678 Pirnis
809 2619 947 2694 moueat,
977 2614 1042 2678 nisi
1065 2614 1204 2695 primum
1225 2632 1264 2679 ea
1287 2633 1395 2680 coram
1418 2615 1525 2680 iudice

227 2732 260 2793 et
282 2727 397 2792 iuratis
420 2727 539 2794 nostris
562 2727 772 2793 Pirnensibus
802 2727 968 2810 proposita
994 2731 1027 2792 et
1049 2745 1147 2809 super
1168 2746 1205 2794 eo
1228 2746 1286 2810 per
1307 2728 1440 2795 eosdem
1462 2728 1523 2794 sibi

227 2840 359 2906 iusticia
387 2840 562 2923 denegata;
595 2841 623 2906 si
655 2842 728 2924 quis
758 2859 835 2907 uero
859 2841 1055 2907 contrarium
1084 2838 1206 2922 iecerit,
1239 2840 1386 2922 predicte
1415 2848 1524 2908 nostre

226 2953 353 3019 ciuitati
376 2955 409 3019 in
431 2954 567 3020 duarum
588 2972 768 3020 marcarum
790 2955 915 3037 argenti
938 2973 1020 3036 pena
1042 2953 1199 3019 obnoxius
1222 2953 1388 3020 habeatur.
1431 2957 1521 3034 Item,

226 3068 333 3133 nullus
356 3071 527 3133 extraneus
551 3068 621 3133 siue
644 3069 769 3134 aduena
791 3069 825 3133 in
849 3069 990 3133 secunda
1012 3068 1094 3133 seria
1116 3069 1213 3134 ducat
1228 3087 1342 3135 currus
1357 3087 1436 3136 suos
1452 3089 1522 3136 cum

228 3183 295 3247 sale
318 3200 415 3264 super
437 3182 541 3248 iorum
564 3183 645 3248 citra
667 3183 753 3248 viam
775 3181 953 3264 lapideam;
981 3182 1010 3246 si
1032 3182 1105 3263 quis
1127 3188 1235 3248 autem
1257 3183 1457 3249 contrarium
1478 3182 1523 3249 ie

227 3295 317 3377 oerit,
340 3296 384 3376 id,
406 3295 491 3379 qnod
514 3314 612 3378 super
633 3315 671 3362 eo
694 3301 850 3361 statutum
872 3295 980 3378 fuerit,
1005 3297 1132 3363 soluere
1157 3300 1313 3363 teneatur.
1351 3296 1445 3379 Item,
1468 3296 1522 3362 ad-

225 3428 310 3475 uena
330 3409 494 3476 adducens
523 3410 629 3490 pisces
652 3409 693 3473 ed
716 3409 918 3475 rendendum
947 3409 1047 3475 stabit
1072 3428 1130 3493 per
1151 3415 1252 3477 totam
1274 3410 1361 3475 diem
1384 3411 1521 3493 primam

225 3525 260 3590 in
282 3523 351 3591 loro
374 3529 407 3589 et
429 3523 570 3590 secunda
593 3523 646 3588 die
662 3541 762 3606 vsque
784 3522 825 3587 ed
848 3540 974 3603 nonam,
998 3527 1171 3604 antequam
1185 3523 1293 3605 pisces
1309 3542 1387 3589 suos
1405 3524 1522 3590 vendat

225 3638 435 3720 singulariter
449 3643 481 3703 et
496 3637 637 3704 diuisim.
660 3638 751 3718 Item,
774 3637 900 3704 aduena
921 3637 1085 3704 adducens
1103 3655 1263 3703 annonam
1276 3655 1520 3721 quamcumque,

225 3752 335 3817 statim
358 3751 453 3818 debet
475 3751 613 3818 vendere
636 3750 812 3817 secundum
834 3754 956 3816 statuta
978 3749 1122 3816 ciuitatis
1146 3754 1179 3815 et
1200 3750 1234 3816 in
1254 3749 1378 3815 nullam
1392 3750 1521 3817 domum

225 3866 359 3931 eandem
388 3866 592 3947 aliquatenus
624 3865 826 3947 reponendo;
862 3865 890 3930 si
920 3870 1027 3930 autem
1058 3865 1093 3930 in
1115 3863 1245 3931 domum
1266 3863 1409 3946 aliquam
1429 3882 1521 3947 repo-

226 3980 329 4045 suerit
361 3984 483 4045 statuta
513 3979 658 4045 ciuitatis
692 3979 850 4059 violando,
885 3976 975 4043 dabit
1007 3978 1134 4043 ciuitati
1163 3977 1304 4061 quinque
1337 3977 1462 4045 solidos
1491 3981 1522 4043 et

224 4093 351 4176 hospes,
385 4094 420 4158 in
450 4093 543 4158 cuius
574 4092 702 4160 domum
730 4092 906 4174 reponitur,
941 4090 1031 4156 dabit
1059 4091 1209 4157 similiter
1233 4090 1380 4173 quinque
1402 4090 1521 4158 solidos

224 4225 281 4289 pro
304 4207 445 4272 emenda.
491 4206 698 4289 Indulgemus
732 4211 878 4288 preterea
907 4205 1027 4270 nostris
1054 4204 1181 4270 ciuibus
1204 4208 1372 4271 eteorum
1395 4222 1521 4272 sucoss-

225 4320 352 4386 soribus
383 4339 460 4402 sepe
482 4320 588 4400 dictis,
612 4319 708 4401 quod,
740 4318 993 4402 quandocunque
1023 4336 1132 4383 corum
1163 4317 1281 4401 aliquis
1311 4335 1370 4400 per
1399 4317 1522 4386 nobiles

224 4434 311 4499 viros
334 4434 375 4499 de
395 4435 512 4517 Donyn
535 4433 575 4498 de
597 4434 742 4515 ipsorum
768 4433 950 4499 hominibus
985 4432 1239 4515 quibuscumque
1268 4431 1435 4499 iusticiam
1465 4451 1521 4516 pro

225 4548 333 4613 causis
350 4548 419 4612 suis
436 4566 499 4614 non
521 4547 621 4613 fuerit
642 4546 783 4612 debitam
805 4551 1006 4627 consecutus,
1030 4552 1146 4612 extunc
1163 4546 1199 4611 in
1213 4550 1399 4613 restaurem
1411 4546 1521 4614 huius·

224 4661 311 4727 modi
333 4661 464 4727 iusticie
486 4659 711 4743 consequendo
733 4660 907 4726 eorundem
928 4659 1084 4726 nobilium
1106 4658 1263 4741 homines,
1290 4659 1523 4745 cuiuscumque
