3098 5392
696 109 770 159 1111.
1318 111 1382 174 529

66 312 143 377 tate
188 312 289 377 solita
326 310 544 395 dignaremur,
580 333 718 398 quarum
750 315 918 381 literarum
955 320 1047 380 11111·
1081 315 1227 396 sequitur
1260 317 1292 381 iu
1327 318 1385 383 hec

64 425 196 492 rerba:
231 425 299 491 Nos
321 424 553 493 Wencueslaus
576 431 636 494 etc.
659 427 820 494 vniuersis
835 463 879 474 -
894 426 1042 509 cupimus
1064 425 1134 493 iore
1155 432 1278 510 notum,
1300 431 1386 513 quod

59 535 186 607 fidelis
212 545 326 605 noster
351 538 400 620 L.,
429 539 529 623 judex
564 541 709 607 ciuitatis
743 546 854 606 nostre
883 526 970 626 [Alte
999 538 1138 623 Muthe],
1162 559 1269 607 coram
1290 543 1385 610 nobis

58 653 227 720 ostendit
261 653 423 736 quoddam
446 655 656 738 priuilegium
677 655 857 738 perfectum
880 672 978 736 super
1001 654 1167 736 empcione
1189 654 1385 724 hereditaria

53 766 196 847 judicii
222 768 274 832 sui
296 768 330 832 in
353 768 500 849 predicta
522 768 656 834 ciuitate
671 773 782 835 nostra
798 767 888 852 [Alta
902 765 1029 854 Mutha]
1046 772 1079 834 et
1093 767 1276 834 libertatem
1299 771 1384 838 1111-

57 881 147 948 dem
170 880 294 964 judicii
319 881 497 963 plenariam
520 899 592 948 cum
614 881 762 949 omnibus
786 886 819 946 et
841 882 980 963 singulis
1003 881 1214 962 prodentibus
1238 887 1271 947 et
1293 884 1385 950 here·

59 993 244 1062 ditatibus
279 994 319 1059 ad
351 995 457 1076 ipsum
487 994 649 1077 judicium
680 994 918 1077 pertinentibus
952 994 1149 1060 hereditarie
1178 995 1383 1081 abantiquo,

59 1109 239 1177 videlicet
269 1108 375 1192 ipsum
404 1109 565 1192 judicium
586 1108 732 1189 liberum,
755 1127 852 1174 ruam
875 1108 1003 1174 domum
1025 1107 1170 1189 liberam,
1195 1128 1382 1193 scampuum

57 1223 230 1291 carnium
262 1222 408 1305 liberum,
432 1242 621 1307 scampnum
648 1241 766 1305 panum
789 1222 926 1288 liberum
949 1228 982 1288 11
1004 1223 1067 1288 duo
1091 1241 1242 1305 scampna
1264 1223 1385 1292 boemi·

62 1339 166 1405 celia
204 1355 326 1418 panum
359 1336 461 1402 libera
494 1342 527 1402 et
558 1335 777 1402 molendinum
799 1335 832 1400 in
856 1339 926 1400 octo
949 1335 1030 1400 11111
1053 1335 1192 1403 liberum
1213 1341 1246 1401 et
1267 1355 1384 1419 aquam

61 1450 253 1517 fluuialem
286 1448 331 1514 ibi
365 1447 526 1528 fluentem,
550 1448 631 1514 duos
661 1448 772 1513 laneos
794 1466 945 1529 agrorum
967 1446 1096 1529 liberos,
1119 1454 1225 1516 ortum
1247 1450 1384 1517 liberum

59 1572 98 1630 et
116 1581 231 1628 vnum
245 1562 483 1629 hraseatorium
505 1562 641 1629 liberum
664 1566 697 1628 et
719 1579 813 1627 ruam
835 1560 1001 1626 tabernam
1026 1560 1161 1629 liberam
1184 1563 1218 1628 in
1241 1564 1382 1646 villa—‚

60 1678 149 1760 ipse
177 1693 310 1758 quoque
330 1676 366 1740 L.
391 1677 577 1758 supplicans
600 1674 692 1741 nobis
715 1675 881 1739 humiliter
899 1679 932 1739 11
954 1678 1085 1756 attente,
1108 1674 1291 1744 libertatem
1311 1695 1384 1760 pre-

59 1790 158 1856 dicti
179 1788 302 1871 judicii
322 1806 381 1871 per
395 1790 572 1871 genitorem
588 1793 742 1869 nostrum,
765 1787 871 1854 felicis
894 1787 1132 1854 recordacionis
1154 1808 1263 1873 regem
1291 1790 1383 1857 Otta-

59 1901 208 1982 111111,
245 1902 425 1984 graciosius
449 1900 511 1966 sibi
544 1906 577 1966 et
606 1901 675 1965 suis
698 1899 871 1966 heredibus
895 1905 927 1965 et
950 1900 1190 1967 successoribus
1214 1903 1383 1985 elargitam

61 2025 102 2084 et
142 2016 324 2099 priuilegio
359 2014 528 2097 prehabito
562 2014 741 2095 sigillorum
771 2032 902 2080 suorum
932 2013 1110 2079 munimine
1142 2014 1324 2081 roboratam
1348 2022 1383 2082 ut

60 2133 139 2198 sibi
182 2134 217 2195 et
252 2129 319 2194 suis
355 2127 528 2194 heredibus
562 2132 596 2192 et
629 2126 869 2193 successoribus
910 2126 1117 2208 dignaremur
1142 2163 1185 2173 —
1215 2130 1380 2197 iunouare.

63 2245 148 2313 Nos
188 2240 350 2326 siquidem
384 2241 508 2322 experti
542 2240 583 2306 de
616 2259 675 2308 sua
708 2240 869 2306 industria
901 2245 998 2321 atque
1020 2238 1083 2304 fide
1098 2275 1141 2286 —
1157 2238 1244 2306 fideli
1272 2248 1383 2310 nostro

63 2357 231 2444 predicto
266 2360 299 2420 et
332 2355 399 2420 suis
432 2353 605 2420 heredibus
639 2361 672 2419 et
704 2352 945 2420 successoribus
976 2353 1181 2420 concedimus
1212 2359 1246 2419 et
1268 2354 1381 2421 damus

64 2471 242 2541 iudicium
275 2468 456 2551 predictum
480 2468 624 2534 ciuitatis
646 2473 757 2533 nostre
771 2505 814 2514 —
831 2486 903 2532 cum
925 2467 1072 2533 omnibus
1096 2473 1128 2533 et
1151 2468 1287 2549 siugulis
1310 2488 1383 2551 per·

60 2584 236 2655 tineuciis
271 2589 303 2648 et
333 2582 543 2666 prodentibus
567 2581 796 2664 suprascriptis
818 2582 919 2646 libere
942 2586 974 2646 et
996 2581 1193 2646 hereditarie
1215 2582 1382 2663 possiden·

65 2703 166 2773 dum.
192 2698 230 2763 In
255 2698 346 2764 cuius
368 2698 417 2763 rei
439 2697 661 2763 testimonium
682 2714 816 2779 presens
838 2696 1087 2760 instrumentum
1110 2693 1180 2760 fieri
1204 2700 1236 2759 et
1259 2696 1382 2777 sigillo·

70 2833 153 2879 rum
177 2817 362 2878 nostrorum
385 2813 583 2896 appensione
604 2811 719 2878 robore
734 2812 889 2878 iussimus
906 2810 1104 2876 communiri.
1144 2809 1264 2875 Datum
1279 2811 1383 2892 Prage

70 2946 165 2991 anuo
204 2924 325 2990 domini
359 2923 480 2990 ΜΟΟΟο
502 2926 709 3006 nonagesimo
741 2921 975 3005 secund0,V1⁰
1003 2922 1076 2987 idus
1100 2921 1293 3004 Octobris.*)
1339 2925 1382 2989 Et

71 3041 157 3122 quia
194 3037 315 3103 dictum
347 3039 506 3120 judicium
540 3038 580 3104 de
611 3039 759 3104 manibus
782 3038 899 3120 prefati
921 3040 1013 3102 —in
1036 3041 1286 3120 potestatem—
1309 3037 1381 3102 Pla·

74 3152 205 3231 schani‚
229 3150 390 3231 quondam
406 3150 525 3216 ibidem
538 3149 671 3233 judicis,
698 3152 784 3216 iusto
808 3150 1007 3217 vendicionis
1031 3151 1126 3215 titulo
1149 3152 1212 3215 rite
1234 3152 1383 3231 pervenit

74 3272 108 3332 11
133 3265 265 3330 demum
288 3264 452 3346 predictus
467 3303 511 3311 —
534 3265 620 3331 idem
639 3265 798 3347 judicium
821 3265 885 3346 ipsi
911 3261 1075 3351 [Rudlino]
1104 3264 1256 3330 moderno
1275 3264 1380 3346 judici

76 3377 238 3458 vendidit,
277 3378 362 3443 sicut
395 3378 436 3443 de
469 3380 637 3461 premissis
673 3398 782 3444 sumus
805 3378 1036 3444 informacione
1070 3378 1167 3459 digna
1191 3379 1310 3443 clarius
1332 3378 1381 3443 11-

75 3491 223 3571 formati,
249 3509 306 3555 nos
330 3491 371 3556 ad
393 3492 531 3574 predicti
549 3488 707 3577 [Rudlini]
732 3492 982 3573 supplicaciouis
999 3491 1190 3555 instanciam
1209 3508 1380 3572 -supra-

77 3606 188 3670 dictos
205 3603 318 3668 literas
343 3606 375 3668 in
398 3623 537 3686 persona
559 3604 638 3669 dicti
654 3641 705 3684 -,
723 3604 876 3668 heredum
900 3609 932 3667 et
955 3621 1176 3667 successorum
1193 3621 1323 3667 suorum
1345 3604 1379 3668 11

74 3718 232 3785 omuibus
247 3717 315 3781 suis
327 3717 474 3782 articulis
486 3754 528 3763 —
542 3717 755 3798 approbamus
770 3755 813 3762 —
826 3722 857 3780 et
870 3715 1103 3795 confirmamus,
1115 3715 1296 3780 inhibentes
1309 3716 1378 3782 vni-

73 3833 185 3899 uersis
205 3837 238 3896 et
254 3831 392 3912 singulis
409 3831 597 3913 capitaneis,
622 3831 806 3896 camerariis
825 3834 895 3908 111,
912 3849 952 3895 111
968 3830 1147 3911 predictum
1163 3828 1378 3913 [Rudbuum],

71 3946 217 4014 heredes
247 3962 322 4008 suos
346 3944 397 4008 uel
409 3962 612 4009 successores
628 3944 803 4025 legittimus
820 3941 1005 4024 impediant.
1023 3942 1156 4024 Signum
1179 3942 1379 4008 serenissimi

69 4057 243 4147 principis
279 4063 338 4122 etc.
366 4057 487 4122 domini
514 4057 711 4148 Karolictc.
736 4057 848 4122 Testes
870 4055 966 4121 huius
990 4055 1038 4119 rei
1061 4061 1152 4120 sunt:
1176 4054 1378 4121 Venerabilis

184 4304 211 4371 ²)
234 4305 267 4352 10
287 4299 361 4367 iiJ'na
381 4303 454 4354 1191.
1189 4372 1221 4419 34
