3098 5392
641 474 715 526 rara
1016 521 1020 528 .
1273 473 1335 541 381

67 680 162 763 anajt
185 687 343 762 spomoct
366 681 413 763 jil
431 681 668 766 Jmenovanych
690 682 887 765 zprengadu
918 700 978 747 ven
1009 683 1135 766 vyvesti
1157 703 1176 748 a
1198 683 1340 768 vybnati,

66 791 106 856 tal
126 792 185 876 aby
208 799 316 875 potom
332 814 351 859 v
366 796 440 860 nem
461 796 565 860 nemel
580 794 632 861 nic
646 796 736 861 vieco
765 795 818 861 din
826 795 875 877 iti,
899 796 953 861 ani
976 815 992 860 s
1003 795 1071 880 jich
1093 795 1342 864 thovaliistvem

66 905 105 969 ani
120 924 134 971 s
145 906 214 990 jich
230 907 310 973 obct.
333 908 363 974 A
384 909 441 973 tak
462 908 525 992 aby
539 913 608 993 tyto
632 909 852 991 svrchupsane
878 909 949 975 neci
971 909 983 974 i
1005 910 1174 975 ustavenie
1195 928 1237 974 na
1259 911 1341 994 veky

70 1024 152 1098 perna
177 1037 197 1084 a
220 1020 288 1086 cela
310 1020 368 1087 bez
390 1020 564 1104 poruscnie
589 1024 743 1104 anostala,
773 1021 879 1088 nasim
907 1022 1019 1106 milpm
1040 1021 1231 1105 prennerdm
1252 1021 1341 1107 Hory

69 1130 168 1216 lluttny
189 1133 300 1200 tohoto
318 1135 403 1218 jsme
424 1135 504 1202 listu
526 1136 635 1203 velilni
655 1135 727 1203 nait
742 1136 846 1220 pedetl
863 1135 1018 1219 potvrdili
1034 1154 1054 1200 a
1069 1135 1341 1218 zapedetili,'J'eni

68 1243 114 1324 jest
126 1246 185 1311 dtu
208 1266 228 1309 v
244 1247 440 1313 Licmbnrkn
459 1269 501 1333 po
515 1249 640 1316 boiiem
655 1256 807 1316 uarozent
821 1250 909 1316 letha
923 1249 1055 1317 boiiebo
1071 1246 1343 1317 M⁰GCC⁰XLIII⁰

73 1355 117 1421 den
137 1360 267 1425 snateho
289 1360 374 1426 Jana
396 1361 528 1429 kititele
552 1363 676 1429 boilho.

151 1514 240 1600 Ceslry
258 1531 375 1602 pleklad
392 1532 444 1587 XV
462 1534 525 1590 stol.
543 1550 560 1588 v
580 1534 795 1604 ,Transsumpta
812 1536 1031 1606 privilegiorumt
1050 1551 1088 1589 ne
1106 1536 1123 1590 l.
1139 1540 1183 1590 tv
1202 1535 1343 1591 varchiru

75 1637 98 1676 u.
110 1623 190 1680 Korne
208 1626 285 1696 Hory
302 1644 320 1683 a
338 1629 464 1699 vrukop.
482 1629 688 1686 Strahovslrebo
705 1630 829 1687 kleitere
852 1632 875 1686 d.
894 1638 943 1685 172
962 1649 999 1686 na
1017 1638 1064 1687 etr.
1086 1638 1135 1686 183
1153 1652 1176 1685 v.
1194 1661 1229 1670 —
1248 1629 1342 1686 Codex

76 1715 187 1776 dauriae
213 1721 274 1776 VlL
299 1729 347 1777 str.
372 1730 423 1778 852
456 1741 473 1780 a
502 1725 609 1792 Emler,
633 1726 756 1795 Regesta
778 1728 824 1782 IV.
849 1732 897 1781 atr.
924 1731 975 1781 ⁶13
1006 1726 1050 1780 dle
1074 1726 1173 1795 jineho
1208 1726 1343 1796 rulropisn

76 1815 133 1869 zlll
149 1819 207 1873 stol.
226 1835 243 1873 r
261 1804 454 1875 Zerounskom
472 1820 583 1876 archiva
605 1822 774 1877 charancho.
809 1822 885 1877 Sror.
909 1824 952 1876 tel
971 1823 1116 1892 Veselslry,
1141 1821 1236 1876 Kutnt
1261 1820 1339 1876 Hora

79 1914 111 1962 cb.
124 1917 160 1972 to.

610 2076 674 2159 on.
699 2094 772 2160 248.

404 2248 505 2329 1343,
527 2248 571 2316 22
593 2250 786 2318 cervence.
809 2247 988 2317 VPlslcu.

79 2413 218 2486 ltcrlrrobt
236 2423 338 2488 Κανά
370 2423 548 2507 osvoboeujc
576 2423 657 2488 acor
685 2424 764 2489 mcci
792 2425 965 2488 Rebeccae
995 2423 1175 2489 aMladou
1199 2424 1258 2506 μὴ·
1278 2428 1345 2489 cccc

78 2528 150 2599 Mod
168 2537 266 2612 baio,
288 2533 378 2622 letera'
393 2536 498 2623 fortir*
520 2535 730 2622 Beddjocdclcd
752 2535 858 2603 Boset
879 2537 919 2602 od
940 2535 1033 2602 haece
1053 2534 1225 2604 Jtndr'tcba
1246 2535 1266 2601 lc
1287 2536 1340 2602 sd·

79 2641 133 2711 luc
143 2648 282 2736 soralbo
304 2649 423 2715 kostela
443 2671 463 2714 v
484 2649 704 2734 Boddjeoc'ctcb
725 2649 843 2732 koupcl,
858 2649 899 2715 od
914 2651 1046 2731 placcat
1067 2647 1168 2714 stroke
1191 2671 1213 2714 a
1231 2649 1343 2733 pedai-

293 2760 373 2828 conc
385 2760 568 2848 joky'cbkoli
590 2763 714 2830 orma
736 2786 752 2829 s
774 2763 842 2829 obcc'
862 2761 1099 2847 Boddjcoiclm.

151 2938 220 3004 Nos
254 2938 393 3002 Karolns
427 2937 548 3002 domini
565 2990 596 3003 ..
632 2939 720 3020 regis
753 2939 885 3005 Boemie
920 2939 1166 3022 primogenitus,
1203 2937 1345 3003 marchio

69 3043 205 3132 Morauie,
227 3050 487 3133 recognoscimus
510 3051 599 3116 etad
614 3052 846 3133 vniuersorum,
870 3052 1072 3134 presencium
1095 3056 1128 3115 et
1149 3049 1344 3131 futurorum,

68 3163 197 3229 volumus
229 3163 384 3228 noticiam
406 3163 587 3244 pemenire,
620 3163 706 3244 quod
736 3163 863 3229 deuotis
895 3163 1020 3246 paterni
1047 3163 1213 3245 nostrique
1235 3161 1346 3228 dilecti

65 3270 219 3357 bucconis,
250 3276 378 3358 plebani
401 3276 435 3340 in
457 3275 627 3359 Budwoys,
660 3277 809 3358 precibus
839 3276 880 3342 de
909 3278 1021 3341 innata
1047 3276 1139 3342 nobis
1172 3278 1346 3344 clemencie

65 3385 274 3456 [increbiliter
288 3390 446 3471 inclinati,
470 3389 602 3471 curiam,
625 3394 789 3455 araturam
810 3409 960 3472 agrorum
982 3389 1161 3470 habentem,
1186 3409 1259 3455 cum
1276 3391 1344 3456 suis

66 3501 125 3569 ulis
145 3503 369 3587 pertinenciis,
391 3503 477 3570 inter
491 3503 587 3569 villas
609 3502 746 3569 Rosnon
761 3509 794 3568 et
809 3503 941 3588 Mladye
957 3522 1053 3586 super
1068 3501 1201 3568 flumine
1223 3503 1346 3570 lllalczo

65 3615 154 3698 dum,
177 3635 275 3698 quam
297 3620 377 3698 aput
396 3613 573 3682 Henricum
588 3616 809 3698 presbyterum
826 3616 865 3682 de
879 3616 1038 3700 Budwoys
1053 3635 1111 3698 pro
1127 3617 1264 3681 ecclesia
1280 3616 1344 3682 sibi

67 3743 93 3794 cc
112 3728 352 3797 successoribus
383 3729 462 3809 suis,
492 3727 638 3811 plebanis
661 3729 779 3795 ibidem
803 3728 836 3794 in
858 3729 1028 3812 Budwoys,
1059 3728 1123 3793 rite
1145 3734 1178 3793 et
1199 3729 1346 3794 raciona-

66 3836 157 3908 biliter
177 3861 237 3926 pro
261 3846 349 3908 certe
370 3841 508 3924 pecunia
530 3842 720 3923 conparauit
742 3847 774 3906 et
796 3842 883 3921 emit,
906 3858 926 3904 a
948 3859 1046 3907 censu
1069 3845 1102 3906 et
1123 3840 1163 3906 ab
1179 3841 1342 3907 vniuersis

70 3954 211 4036 oneribus,
241 3957 299 4039 qui
321 3960 438 4039 etque
460 3954 501 4019 de
522 3955 595 4036 ipsa
618 3955 707 4020 curia
737 3975 809 4021 cum
840 3954 966 4020 ciuibus
990 3958 1024 4019 et
1045 3954 1180 4019 ciuitate
1202 3955 1236 4019 in
1258 3954 1346 4020 Bud-

72 4081 138 4150 noys
158 4067 399 4151 quomodolibet
420 4067 603 4149 supportari
623 4072 656 4132 et
672 4067 754 4132 solui
777 4068 934 4133 hactenus
958 4072 1211 4148 consweuerunt,
1234 4067 1346 4133 diuine

73 4181 323 4248 remuneracionis
338 4180 469 4260 intuitu,
490 4197 548 4259 pro
563 4179 836 4262 predecessorum,
853 4179 1093 4261 progenitorum
1109 4183 1292 4245 nostrorum
1307 4197 1346 4246 ac

10 4378 12 4385 Ι
76 4301 161 4361 nosue
188 4297 367 4361 animarum
399 4294 504 4360 salute
536 4292 743 4374 absoluimus,
774 4293 942 4358 eximimus
972 4296 1005 4357 et
1034 4291 1216 4357 omnimode
1249 4291 1345 4358 liber·

78 4405 168 4491 lenus,
196 4409 343 4476 volentes
365 4425 403 4473 ac
423 4412 536 4472 tenore
560 4406 763 4488 presencium
793 4406 1012 4484 deccmentes‚
1043 4409 1078 4468 vt
1099 4421 1159 4469 nec
1180 4404 1345 4487 predictus

10 4558 12 4605 ;
79 4511 160 4589 Bucco
180 4541 240 4589 nec
254 4523 307 4589 sui
328 4520 431 4603 aliqui
454 4536 667 4600 successores,
690 4518 818 4601 plebani
834 4521 868 4584 in
889 4517 1060 4600 Budwoys,
1084 4516 1125 4582 ad
1148 4518 1345 4584 solucionem

10 4714 12 4721 Ι
81 4642 170 4702 lusus
190 4641 248 4701 ant
266 4651 530 4716 quorumcunque
559 4651 692 4697 onerum
722 4631 1003 4713 supportecionem
1025 4628 1066 4695 de
1087 4629 1233 4712 predicta
1256 4631 1346 4697 curia
