3150 5378
660 457 734 507 ruso.
1287 454 1350 520 297

65 660 141 725 oeli
168 681 192 725 c
212 659 336 744 mplius
364 681 383 725 v
400 660 554 744 postoisy
574 660 713 744 orbat
736 659 822 728 boore
841 659 882 744 by
897 659 967 745 puk
987 659 1009 726 lc
1029 660 1095 727 obcr'
1116 660 1233 743 drtcli‚·
1263 662 1353 729 cocci

65 773 165 840 muco
180 774 315 858 pociori
336 773 459 857 badly
480 773 613 841 mdeste
633 775 673 842 od
694 775 797 858 brriny
813 773 963 842 mosterlet
984 776 1024 840 ol
1039 794 1083 858 po
1105 771 1224 841 nuce
1240 774 1351 840 Domi-

199 885 357 972 m‘lcdnsky'
379 885 439 973 (lu
459 887 559 954 brdod
578 886 747 973 Zolobsicd)
768 909 804 954 oc
825 887 906 954 dooo
926 885 1021 954 ictccb
1042 887 1206 971 opstuodti

148 1044 218 1112 Nos
240 1045 406 1112 lohannes
429 1045 482 1112 dci
504 1046 614 1129 grecis
635 1046 768 1113 Boomie
786 1064 843 1112 rex
864 1063 903 1113 ac
924 1044 1214 1128 Lucembnrgensis
1237 1062 1353 1126 comes,

63 1159 104 1224 sd
125 1160 353 1226 uniuersorum
373 1157 527 1225 noticiam
547 1162 660 1225 tenore
678 1158 880 1241 presencium
901 1158 1049 1223 volumus
1071 1156 1234 1238 deueuire,
1257 1156 1353 1241 quod,

64 1272 141 1355 quin
162 1271 443 1339 commoditatibus
458 1274 492 1337 ct
505 1271 701 1354 profectibus
724 1271 845 1338 ciuium
864 1271 1008 1337 ciuitatis
1023 1276 1133 1337 nostre
1147 1269 1354 1354 Nonmburge

62 1403 161 1471 super
183 1384 295 1468 Albos,
324 1385 380 1471 qui
408 1385 450 1451 ud
479 1391 606 1468 tempus
635 1385 755 1452 nostris
786 1384 1001 1468 peticionibus
1032 1389 1209 1452 annuentes
1232 1388 1352 1450 certum

60 1499 155 1567 nobis
177 1499 314 1582 pecunie
344 1517 500 1566 summum
528 1499 763 1580 ministrarunt,
793 1499 928 1567 solerter
956 1499 1124 1565 intendere
1153 1495 1351 1580 affectantes,

60 1613 145 1696 ipsis
160 1613 323 1680 uniuersis
346 1617 379 1680 et
401 1613 538 1696 singulis
560 1632 619 1697 pro
633 1612 860 1681 melioracione
882 1613 1026 1681 ciuitatis
1048 1613 1163 1695 ipsius,
1186 1617 1221 1678 vt
1242 1628 1354 1679 eorum

60 1744 194 1808 pmcne,
227 1728 262 1792 in
295 1726 411 1811 quibus
443 1726 611 1812 hucusque
639 1726 800 1794 defectum
821 1727 911 1810 passi
941 1731 1026 1808 runt,
1060 1726 1246 1807 dilabuutur,
1268 1726 1350 1792 hanc

60 1839 208 1921 precium
228 1839 378 1908 duximus
399 1840 590 1922 iaciendum,
612 1843 660 1908 itu
674 1841 835 1923 videlicet,
859 1840 944 1925 quod
967 1840 1032 1924 ipsi
1054 1840 1144 1907 ciues
1166 1839 1351 1923 incipiendo

60 1940 352 2037 a'ponticnlopcr
371 1973 489 2039 squsm
511 1951 623 2021 Ourim
645 1960 827 2022 constructo
850 1959 884 2021 et
904 1973 924 2021 a
944 1954 1086 2021 sinistris
1109 1972 1212 2036 usque
1233 1954 1275 2020 sd
1297 1953 1353 2019 Al·

58 2064 153 2132 becm
183 2065 407 2134 descendendo
436 2068 684 2151 circumquaque
713 2067 754 2133 de
783 2066 867 2132 silus
896 2071 1006 2134 nostru
1028 2065 1148 2132 Komar
1177 2066 1264 2132 dicte
1285 2070 1352 2132 tres

59 2178 172 2245 luneos
204 2180 382 2262 exstirpare
411 2184 444 2245 ot
472 2180 506 2245 in
536 2185 629 2263 prote
658 2179 812 2246 reducere
834 2180 963 2247 vulesnt
984 2184 1017 2247 et
1037 2180 1174 2264 possint,
1205 2199 1243 2247 sc
1264 2180 1353 2263 ligno

59 2297 209 2359 resecuta
229 2292 388 2360 abducere
409 2293 538 2375 plerum
557 2294 608 2363 ois
638 2294 750 2360 dumus
772 2297 806 2360 et
828 2292 1032 2361 concedimus
1054 2297 1255 2376 potestatem.
1290 2293 1353 2374 Qui

60 2405 291 2472 nichilominus
319 2406 457 2490 predicti
486 2407 572 2473 lensi
594 2425 653 2491 pro
675 2425 795 2488 corum
818 2412 853 2472 rt
873 2406 1081 2490 premittitur,
1111 2408 1242 2490 psscuis
1272 2406 1353 2472 ciui·

59 2520 120 2583 tati
151 2525 186 2585 et
214 2519 342 2585 cinrbus
375 2520 546 2589 antedictis
580 2526 613 2586 et
642 2538 752 2589 eorum
784 2521 923 2605 posteris
957 2521 1122 2604 perpetuis
1154 2519 1352 2605 temporibus

61 2630 279 2698 remanebunt
325 2633 530 2700 Tenebuntnr
552 2638 660 2701 sutem
682 2635 771 2702 ciues
793 2635 858 2717 ipsi
880 2635 952 2701 vice
972 2639 1103 2718 receptu
1124 2652 1250 2700 murum
1273 2633 1354 2700 ciui-

61 2746 139 2809 tatis
161 2764 182 2811 a
205 2750 298 2829 ports
318 2747 426 2830 pontis
448 2765 507 2831 per
528 2747 662 2815 Albesm
683 2748 846 2830 usquead
877 2748 1052 2816 claustrum
1077 2746 1213 2815 bomin
1240 2746 1352 2813 Prodi-

63 2864 208 2925 cutornm
228 2860 348 2927 ibidem
370 2860 455 2928 inire
485 2861 651 2934 biennium
672 2880 693 2928 o
713 2862 790 2929 dots
824 2863 1027 2945 presencium
1049 2860 1261 2944 computando
1283 2879 1353 2927 mu·

64 2989 135 3038 rure
156 2978 190 3038 et
211 2992 253 3039 ex
273 2979 341 3040 toto
363 2972 516 3056 perticere
536 2995 576 3042 cc
591 2976 758 3059 complere.
783 2975 974 3042 Mundumus
996 2976 1097 3058 igitur
1118 2974 1281 3041 uniuersis
1294 2991 1351 3056 per

66 3086 229 3152 Boemiam
261 3086 410 3153 fidelibus
439 3093 473 3154 et
501 3086 651 3154 officiatis
680 3090 801 3155 nostris
830 3095 865 3155 ct
893 3090 1062 3171 potissime
1089 3087 1263 3170 burgronio
1294 3104 1352 3151 scu

68 3199 257 3278 prouinciali
274 3199 378 3282 judici
399 3200 647 3284 Podobrodensi‚
670 3204 726 3283 qui
749 3208 825 3268 sunt
846 3208 902 3268 aut
917 3203 972 3283 qui
992 3221 1050 3285 pro
1064 3207 1208 3283 tempore
1222 3198 1351 3280 fuerint,

70 3330 186 3380 necnon
209 3314 389 3380 forestariis
411 3314 530 3382 ibidem
553 3333 611 3382 seu
643 3316 726 3382 silue
756 3316 952 3397 custodibus,
984 3322 1141 3398 quatenus
1172 3313 1353 3396 sepedictos

72 3426 151 3491 ciues
180 3432 309 3492 nostros
338 3427 619 3511 Neumburgenses
649 3431 683 3495 in
712 3431 915 3497 resococione
948 3429 1107 3496 dictorum
1135 3429 1296 3511 lignorum
1319 3431 1351 3492 et

72 3541 269 3617 possessione
298 3540 396 3606 trium
425 3541 590 3607 laneorum
612 3541 645 3605 in
668 3547 761 3623 prate
791 3542 995 3609 reductorum
1017 3561 1055 3609 sc
1078 3540 1180 3608 ocium
1202 3541 1237 3607 in
1259 3545 1351 3623 preto

74 3653 148 3718 circe
170 3652 306 3719 Albesm
327 3653 446 3719 ibidem
468 3655 540 3734 sito,
564 3670 662 3737 super
676 3673 738 3738 quo
761 3673 872 3722 eorum
893 3675 1010 3738 pecore
1031 3655 1199 3738 hucusque
1220 3671 1352 3736 pascere

73 3771 307 3846 consueuerant,
329 3785 393 3832 uon
415 3765 552 3833 debeant
570 3767 621 3833 vel
640 3773 835 3850 presumunt,
857 3773 954 3851 prout
973 3769 1233 3853 indignacionem
1254 3767 1352 3850 msje

73 3882 156 3945 statis
178 3881 270 3963 regie
285 3880 409 3946 euitare
420 3881 612 3965 cupiueriut,
629 3882 694 3947 ullo
710 3900 858 3967 vmquum
872 3887 1016 3966 tempore
1029 3881 1194 3965 impedire.
1217 3878 1351 3961 Herum,

72 4009 141 4072 quus
164 3994 274 4076 sigillo
307 3999 417 4060 nostro
446 3995 584 4077 sigillari
614 3995 758 4077 fecimus,
788 3997 973 4064 testimonio
995 3997 1183 4063 litterarum.
1229 3994 1350 4060 Datum

71 4103 165 4190 Prsgo
194 4126 279 4174 snno
308 4107 429 4174 domini
458 4108 629 4175 millesimo
659 4112 887 4177 trecentesimo
915 4111 1079 4177 tricesimo
1104 4109 1216 4192 quinto
1238 4108 1273 4173 in
1296 4107 1350 4174 die

68 4216 147 4286 besti
170 4219 336 4288 Francisci
358 4221 562 4288 confessoris.

164 4374 238 4445 Kop.
256 4392 273 4429 v
291 4374 406 4446 sonpisn
425 4374 560 4446 privilegii
575 4373 786 4446 Nymburslrych
803 4393 818 4428 z
836 4392 857 4430 r.
878 4380 944 4428 1⁷32
962 4374 1002 4431 Ni
1019 4381 1034 4430 ii
1052 4391 1069 4430 v
1087 4373 1198 4430 urchirn
1216 4390 1251 4429 m.
1269 4372 1353 4446 Nym·

65 4467 156 4527 burh
175 4502 211 4511 —-
229 4472 334 4526 Dlubed
352 4490 367 4525 r
387 4472 542 4537 ,Plibdzich
566 4489 601 4526 m.
619 4471 795 4540 Nymbnrlrs¹⁴
815 4488 852 4527 ns
869 4478 919 4527 etr.
936 4479 966 4527 51
988 4475 1073 4542 previ,
1097 4474 1129 4526 ie
1146 4472 1187 4526 kr.
1205 4471 1307 4526 Vdclsr
1327 4470 1352 4525 II

62 4567 105 4623 dcl
123 4570 214 4623 mesto
238 4566 382 4636 Nymbnrlr
410 4568 500 4637 ,dvojl
522 4585 632 4639 pernou
655 4568 700 4623 zdl
718 4583 735 4621 s
752 4566 850 4623 drbms
873 4568 993 4639 plssropy
1018 4566 1176 4634 obebnuti“,
1202 4567 1352 4635 dolrlridrio

61 4665 79 4719 k
95 4672 188 4721 tomu:
215 4647 365 4733 ,buteone
382 4665 423 4719 lce
441 4663 531 4734 posud
556 4667 589 4732 (r.
609 4669 687 4734 18⁶0)
710 4663 815 4734 hrsdby
831 4671 893 4734 tyto
912 4663 1003 4720 riddti
1039 4663 1139 4720 Hlsvui
1159 4663 1284 4719 mdstsks
1300 4661 1354 4716 red
