3098 5392
127 405 170 469 84
748 400 824 453 rara

127 610 324 694 premientur
345 607 516 691 stipendiis
545 610 738 692 laborantes,
761 617 794 677 et
824 612 969 695 maxime,
993 612 1049 695 qui
1070 610 1192 678 luerint
1213 609 1352 695 agendis
1374 625 1423 676 re

128 724 253 808 galibus
286 724 442 804 honerati,
481 743 553 789 cum
594 722 808 808 Gunradus²⁸l
843 728 969 809 pondus
1011 727 1116 810 ipsius
1158 722 1421 807 ordinacionis²⁹l

128 838 270 902 ciuitatis
287 841 319 901 et
334 840 439 901 staius
455 839 635 921 susceperit
657 838 725 905 suis
740 839 884 906 humeris
900 841 960 907 hoc
975 839 1160 924 gerendum,
1184 845 1219 906 vt
1240 838 1421 905 iniunctum

128 951 189 1016 sibi
223 950 325 1016 honus
358 947 547 1030 alleuiari³⁰l
579 952 712 1032 senciat,
746 971 785 1017 ex
819 953 940 1019 honore
961 953 1069 1036 ipsum
1100 953 1135 1020 in
1157 952 1305 1037 predicta
1339 971 1423 1019 noua

128 1065 260 1132 ciuitate
293 1063 464 1129 statuimus
486 1063 626 1130 iudicem
649 1072 840 1148 perpetuum
862 1085 882 1132 a
904 1067 1058 1151 presenti,
1081 1067 1163 1135 duos
1186 1067 1290 1133 eciam
1313 1067 1423 1132 lancos

128 1177 306 1245 interillos
341 1174 520 1243 Cminime
553 1179 778 1260 numerandos,
802 1198 897 1245 ruam
925 1176 1077 1262 aream³¹)
1108 1181 1142 1245 in
1172 1178 1245 1262 ipsa
1278 1179 1423 1259 ciuitate,

132 1309 228 1356 vnum
259 1288 418 1372 balneum,
448 1292 583 1357 macella
617 1292 690 1374 duo,
722 1293 802 1360 duas
836 1312 964 1361 mensas
993 1293 1088 1377 panis
1111 1294 1216 1360 eidem
1247 1290 1423 1377 G[0nrad0]

128 1411 161 1471 et
182 1403 354 1471 heredibus
377 1404 445 1470 suis
467 1405 616 1471 dedimus
640 1412 673 1472 et
695 1408 913 1474 concessimus
937 1408 978 1474 de
1000 1407 1111 1490 gracia
1133 1405 1279 1490 speciali,
1304 1410 1340 1471 vt
1355 1405 1423 1487 ipse

129 1514 322 1605 Glomadus]
354 1521 386 1583 et
415 1518 550 1585 heredes
579 1520 632 1586 sui
665 1525 798 1586 teneant
819 1527 852 1587 et
880 1522 1069 1603 possideant
1097 1521 1186 1587 dicta
1206 1519 1294 1586 bona
1324 1518 1423 1585 libere

128 1637 160 1697 et
182 1630 299 1714 quiete,
333 1635 366 1696 et
388 1631 432 1697 sit
464 1632 512 1697 eis
547 1633 672 1700 licitum
702 1639 735 1700 et
754 1634 893 1700 facultas
926 1635 1038 1715 libera,
1062 1629 1199 1716 posse³’)
1230 1630 1321 1698 dicta
1343 1631 1423 1697 bona

128 1746 276 1826 vendere,
300 1744 429 1825 donaro,
452 1747 595 1813 alienare
616 1765 654 1814 ac
678 1746 821 1831 deipsis
844 1747 991 1815 omnibus
1014 1747 1131 1827 iacere,
1155 1744 1299 1828 quitquit
1314 1764 1423 1812 sonim

128 1859 287 1941 placuerit
320 1860 487 1925 voluntati.
511 1858 555 1925 Et
577 1859 654 1942 quia
674 1879 744 1941 nos,
768 1859 824 1944 qui
846 1861 983 1926 aliorum
1016 1860 1089 1925 iura
1110 1859 1205 1925 illesa
1226 1863 1260 1924 et
1291 1858 1423 1923 inteme

129 1978 200 2038 rata
223 1969 389 2055 serutari³³l
413 1974 570 2054 volumus,
604 1993 667 2040 non
690 1971 824 2055 decst³⁴l
852 1972 923 2039 fisci
952 1973 1056 2039 nostri
1086 1970 1277 2055 compendia
1301 1970 1363 2037 sub
1386 1971 1423 2036 si·

128 2083 231 2151 leucio
254 2082 462 2167 preterire³⁵),
485 2086 570 2168 quod
591 2086 684 2152 nobis
714 2085 872 2168 placuerit
894 2090 926 2151 st
948 2085 1076 2168 eligere,
1100 2085 1186 2151 inter
1216 2084 1284 2150 alia
1307 2084 1423 2150 molen·

130 2198 205 2263 dina
242 2197 359 2262 habere
400 2217 497 2264 vnum
534 2200 681 2265 volumus
714 2199 933 2266 molendinum
974 2199 1091 2265 ceteris
1133 2193 1252 2280 aliis⁸⁶)
1297 2215 1423 2263 censum

129 2308 328 2377 soluentibus
351 2311 569 2378 constitutum.
594 2314 631 2378 ln
654 2313 747 2380 cuius
768 2312 817 2377 rei
840 2316 899 2377 etc.

231 2464 340 2534 Rnkop.
365 2464 476 2519 archiva
499 2466 624 2536 kapitoly
646 2466 766 2522 Pralske
793 2464 892 2532 ,Liber
917 2465 1065 2520 formarum
1091 2463 1204 2519 llanrici
1228 2463 1336 2519 Italici“
1359 2464 1419 2533 sign

130 2560 154 2614 K
174 2566 207 2614 33
226 2559 272 2630 (A)
291 2576 328 2615 na
344 2560 361 2613 l.
384 2567 414 2614 l'l
432 2577 457 2614 v.
476 2559 497 2615 ia
518 2567 550 2613 al
569 2578 602 2616 za
620 2563 744 2632 ntpisem
771 2560 875 2631 ,Super
892 2560 1033 2616 locuciona
1051 2575 1124 2615 nous
1140 2558 1282 2615 ciuitatis“
1299 2574 1320 2614 a
1336 2557 1418 2626 Voigt,

131 2656 186 2710 llas
205 2656 265 2709 urk.
284 2655 466 2711 Formelbuch
483 2655 533 2711 des
551 2656 653 2726 konigl.
672 2656 774 2713 Notars
794 2656 940 2711 Heinricus
957 2656 1071 2711 Italicus
1090 2655 1135 2724 (Β)
1147 2653 1188 2709 Ν*
1204 2653 1303 2710 GXHI.
1322 2684 1357 2694 -
1373 2653 1418 2708 la

130 2751 231 2821 rianty:
254 2753 273 2819 ι)
293 2751 492 2806 sollicitudines
511 2759 622 2807 nostras
641 2754 673 2806 A.
693 2783 726 2792 -
746 2757 765 2818 ²)
783 2768 910 2808 curarum
928 2751 1077 2808 mendaces
1095 2751 1128 2806 A.
1146 2780 1182 2791 —
1201 2751 1222 2819 ³)
1242 2750 1375 2806 mutinae
1390 2749 1417 2802 A

131 2879 163 2888 —
183 2850 203 2916 ¹)
223 2848 313 2917 attigit
332 2849 362 2901 B.
382 2879 416 2888 -
435 2850 455 2917 ὃ)
475 2850 621 2918 compellet
640 2851 687 2915 A.;
706 2849 854 2919 compellat
871 2848 901 2902 B.
922 2879 954 2888 -
973 2849 995 2915 ⁸)
1015 2845 1108 2901 schini
1125 2847 1158 2899 A.
1178 2877 1211 2886 -
1232 2846 1253 2915 ²)
1272 2846 1420 2902 insistimus

132 2942 165 2997 A.
184 2973 218 2985 -
238 2947 257 3011 ⁸)
277 2951 304 2998 et
315 2946 348 2997 A
366 2973 399 2984 -
419 2946 440 3011 ⁹)
459 2962 491 2999 ac
509 2947 541 2998 A.
553 2975 584 2984 —
597 2946 628 3014 ¹⁰)
641 2945 738 2999 afferat
750 2946 782 2998 A.
801 2975 835 2984 —
850 2944 880 3011 ¹¹)
894 2943 986 2999 subita
1003 2946 1081 3010 stA3
1099 2941 1210 2998 causari
1220 2941 1252 2998 B.
1264 2972 1300 2981 —
1312 2943 1343 3008 ¹¹)
1356 2941 1420 2996 cius·

130 3039 192 3094 clem
203 3040 234 3094 A.
246 3071 279 3080 -
292 3042 322 3109 13)
332 3040 441 3095 fundari
451 3043 483 3094 A.
494 3072 527 3080 -
540 3043 570 3110 Η)
580 3039 807 3096 contraxerintB.
825 3071 861 3080 —
880 3040 911 3107 ¹³)
920 3039 1040 3094 fixerunt
1048 3040 1081 3093 A.
1091 3070 1125 3080 -
1136 3039 1168 3108 ιο)
1178 3037 1422 3094 consuetudinibus

133 3138 164 3189 A.
190 3168 223 3176 -
243 3137 273 3205 Π)
292 3136 435 3207 priuilegio
454 3139 486 3189 A.
502 3169 535 3176 -
557 3139 587 3204 ¹⁸)
609 3137 728 3192 culmine
746 3137 778 3190 A.
798 3167 831 3176 -
853 3137 882 3205 ι7)
902 3136 994 3191 schini
1011 3136 1044 3189 A.
1063 3165 1096 3175 -
1116 3136 1148 3204 ²⁰)
1167 3133 1202 3191 ad
1219 3133 1325 3189 fastum
1342 3133 1375 3187 A.
1392 3163 1423 3173 -

132 3235 164 3298 ²¹)
184 3232 263 3287 cedet
280 3233 310 3286 B.
331 3263 363 3270 —
383 3234 415 3300 ²²)
435 3233 605 3288 solummodo
625 3235 656 3286 A.
675 3265 709 3273 —
728 3233 757 3298 l³]
778 3232 917 3304 promocio
929 3234 962 3286 A.
981 3263 1016 3272 -
1035 3234 1067 3295 ¹⁴)
1085 3232 1179 3286 schdzi
1191 3233 1225 3286 A.
1243 3260 1278 3272 -
1297 3231 1331 3299 ¹⁵)
1350 3232 1382 3286 X.
1394 3229 1423 3283 lt

131 3359 164 3369 —
183 3330 216 3398 ²⁰)
235 3323 359 3383 CLXXX
375 3329 406 3382 B.
425 3358 458 3369 —
479 3330 509 3396 ²⁷)
529 3331 617 3385 erario
635 3330 666 3382 B.
689 3360 722 3369 -
748 3331 780 3398 ²⁸)
800 3329 828 3384 C.
848 3331 880 3382 A.
906 3359 940 3369 -
966 3329 998 3398 ²⁹)
1017 3328 1174 3383 ornacionis
1192 3329 1226 3381 A.
1248 3355 1285 3368 -
1311 3327 1343 3398 ⁸⁰)
1362 3327 1423 3382 alle-

131 3427 208 3479 uiare
226 3426 258 3477 A.
276 3456 310 3464 —
330 3426 363 3492 81)
382 3425 492 3480 archam
510 3425 540 3478 ll.
560 3456 594 3466 -
614 3427 646 3491 ³²)
663 3433 728 3495 post
747 3441 776 3479 se
794 3426 827 3479 A.
846 3456 880 3464 —
899 3426 931 3493 33)
956 3425 1047 3480 minus
1064 3426 1097 3478 A.
1116 3455 1150 3465 -
1169 3425 1202 3494 ³⁴)
1221 3441 1274 3480 nac
1292 3425 1377 3480 debet
1393 3426 1423 3478 A

132 3522 163 3586 ³³)
182 3522 321 3591 pertinere
339 3523 371 3574 A.
391 3551 424 3560 -
443 3523 474 3586 ³⁶)
485 3522 610 3577 omnibus
623 3524 656 3574 A.
676 3552 709 3561 -
727 3519 1013 3591 Emler,Ragesta11.
1032 3520 1054 3575 d.
1067 3527 1150 3590 23803
1170 3537 1242 3577 srov.
1254 3524 1300 3576 ted
1313 3522 1336 3576 d.
1350 3528 1423 3577 2392.

132 3648 165 3656 —
183 3616 302 3684 Jireielr,
321 3616 414 3671 Codex
429 3617 501 3685 juris
519 3616 582 3670 boh.
601 3619 613 3671 l
632 3622 679 3671 str.
701 3622 758 3683 154,
775 3616 846 3670 kdei
865 3633 895 3671 se
908 3616 1003 3672 listina
1021 3624 1050 3672 ta
1067 3616 1120 3671 lrr.
1140 3617 1182 3672 asi
1203 3621 1271 3672 1262
1290 3616 1382 3674 liade.

702 3880 766 3963 Cis.
790 3897 841 3962 25.

423 4070 534 4159 [Pied
557 4088 586 4137 r.
610 4067 724 4157 1278),
754 4069 797 4138 26
819 4069 933 4156 ilina.
952 4066 987 4139 V
1010 4069 1140 4139 Prona.

133 4247 215 4310 lircil
239 4247 384 4327 I’r'crupsl
408 4243 531 4310 Odokor
557 4247 611 4320 ll,
632 4242 738 4328 chth‘e,
769 4245 830 4327 αὐ)
851 4246 992 4311 misiam
1012 4245 1156 4312 Kolinsis'
1175 4250 1276 4313 mdsto
1297 4250 1352 4315 sati
1371 4249 1417 4316 ai·

133 4359 220 4441 uy'riri
242 4358 411 4422 irradiatui
432 4358 581 4439 uperm’is',
614 4359 791 4441 osrobosajc
804 4360 841 4442 jc
860 4380 906 4423 aa
927 4360 1009 4441 diyr's'
1028 4359 1094 4424 loia
1123 4359 1164 4425 od
1179 4359 1314 4442 placati
1337 4360 1420 4430 edocit

127 4471 243 4552 piutita·
268 4494 288 4534 a
311 4471 411 4535 circi-‘ri
434 4473 472 4535 do
495 4469 622 4551 komary
654 4469 826 4552 Arcilovsltc',
842 4469 939 4553 jakod
968 4471 1043 4535 iod
1064 4467 1224 4538 odcddasi
1247 4474 1299 4539 ala
1314 4494 1360 4558 po
1380 4478 1423 4545 nii

131 4583 192 4647 itai
215 4562 309 4647 &esta
331 4605 352 4646 a
370 4585 537 4664 propositi
551 4583 615 4664 jim
636 4583 683 4646 tta
697 4604 741 4646 aa
762 4587 829 4647 tuto
851 4583 932 4646 oona
946 4581 1088 4664 dtioitosiy
1108 4602 1127 4648 s
1148 4584 1285 4652 massas
1305 4587 1423 4674 moitis.
