3150 5378
708 422 785 474 reor.
1369 421 1432 488 133

141 631 205 694 ient
223 650 247 692 a
269 627 397 695 saddai
415 625 537 709 spite'lrs
549 630 642 713 joma
656 627 866 710 podr'tzcac'to
888 650 910 694 a
925 650 970 693 eo
984 626 1089 710 proco
1105 629 1299 709 petroncitot
1319 628 1339 693 k
1347 629 1425 716 far-

303 743 394 806 „om
414 739 534 807 ecee
555 761 591 808 e
612 744 709 808 ecee
733 722 803 826 (ps
821 742 922 808 „sot
943 742 1063 807 nuo»
1089 744 1252 809 nmmo.

236 900 309 967 Nos
333 900 541 965 wencezlaus
564 899 618 966 dei
650 901 759 984 grecia
781 902 915 968 Boemie
936 907 969 966 et
989 901 1123 966 Polonie
1144 920 1200 967 rex
1222 906 1334 967 tenore
1356 921 1427 984 pre

137 1016 279 1080 sensium
304 1017 416 1079 notum
438 1032 511 1079 esse
534 1014 680 1080 volumus
696 1016 868 1095 rniuersis,
884 1020 951 1081 tam
973 1014 1176 1097 presentibus
1191 1032 1286 1097 quom
1301 1014 1429 1091 futuris,

136 1128 217 1210 qnod
242 1146 304 1193 nos
326 1126 553 1209 religiosorum
575 1128 717 1194 virorum
746 1129 903 1211 prepositi
933 1133 966 1194 et
987 1127 1123 1193 fratrum
1145 1127 1258 1194 domus
1280 1126 1430 1193 Zderazi-

135 1242 219 1305 ensis
244 1238 373 1305 ordinis
395 1241 500 1305 sancti
522 1240 663 1323 sepulcri
696 1240 849 1307 dominici
872 1246 947 1307 suto
968 1241 1105 1324 Pragam
1136 1240 1430 1323 supplicacionibus

134 1353 284 1419 inclinati
319 1352 530 1420 donacionem
563 1373 621 1420 sen
654 1354 863 1423 collacionem
892 1355 1043 1421 villarum
1075 1353 1203 1420 Lubcze
1224 1359 1257 1421 et
1289 1354 1429 1438 Debmy,

134 1464 314 1532 molendini
336 1465 433 1530 vuius
455 1472 489 1539 et
509 1466 595 1531 lanei
616 1467 713 1533 vuius
734 1486 773 1534 ac
805 1468 923 1533 decimi
945 1467 1070 1534 denarii
1093 1466 1134 1533 de
1156 1467 1260 1550 culpis
1283 1466 1430 1534 omnibus

134 1585 162 1643 et
183 1584 406 1661 prouentuum
428 1578 571 1645 omnium
592 1578 728 1645 duarum
750 1579 912 1646 curiarum
943 1580 1079 1646 sitarum
1100 1578 1135 1645 in
1156 1577 1279 1662 Vpensi
1299 1580 1431 1663 prouin-

135 1693 181 1758 cia
204 1700 241 1758 et
264 1692 404 1758 duarum
425 1692 629 1776 capellarum,
660 1694 755 1760 vnius
785 1692 937 1760 videlicet
957 1693 993 1759 iu
1015 1693 1149 1760 ciuitate
1171 1693 1244 1777 ipsa
1265 1690 1345 1776 Vpa
1368 1711 1430 1778 que

132 1825 214 1872 nunc
239 1812 353 1872 nostra
374 1811 425 1873 est
446 1812 479 1872 et
501 1807 565 1872 alio
588 1807 717 1873 nomine
738 1807 779 1872 de
800 1807 894 1874 Nouo
916 1807 1068 1874 Trutnow
1088 1811 1305 1889 nuncupatur,
1328 1812 1362 1873 et
1383 1808 1430 1872 al·

134 1921 235 1986 terim
260 1920 295 1984 in
326 1920 503 2004 Bruznycz,
533 1920 686 2004 hospitali
708 1939 765 2003 per
794 1920 955 2004 quondam
972 1919 1113 1987 nobilem
1133 1920 1239 1986 rirnm
1264 1919 1428 2002 Egidium,

135 2039 208 2099 tnnc
233 2033 403 2099 dominum
430 2033 586 2114 ciuitatis,
620 2034 778 2115 villarum,
807 2035 1012 2118 capellarum,
1043 2034 1138 2114 lanei,
1168 2032 1352 2114 molendini,
1376 2032 1430 2099 de

137 2149 220 2212 narii
246 2152 281 2212 et
303 2148 465 2212 curiarum
480 2147 706 2229 predictarum,
729 2148 763 2213 in
778 2147 944 2232 sepedicta
954 2148 1088 2215 ciuitate
1102 2146 1223 2231 Vpensi
1246 2151 1429 2213 constructo

132 2279 257 2328 necnon
281 2260 518 2327 subieccionem
541 2279 598 2326 seu
614 2260 860 2327 submissionem
875 2261 978 2344 ipsius
1001 2260 1171 2343 hospitalis
1194 2279 1267 2327 cum
1281 2260 1425 2343 capellis,

134 2373 218 2439 villis
252 2377 286 2438 et
320 2373 395 2439 aliis
425 2373 620 2457 supradictis
649 2374 822 2456 preposito,
852 2372 1007 2440 iratribus
1039 2379 1075 2441 et
1103 2372 1212 2440 domui
1243 2373 1430 2440 memoratis

135 2487 248 2568 lactas,
271 2491 369 2568 prout
390 2487 425 2552 iu
446 2487 551 2553 literis
574 2486 650 2553 inde
671 2487 825 2554 confectis
848 2492 881 2553 et
903 2486 1049 2554 eiusdem
1067 2485 1178 2570 Egidii
1201 2505 1239 2554 ac
1260 2487 1343 2554 bone
1364 2507 1430 2554 me·

132 2601 232 2667 morie
267 2597 463 2664 venerabilis
496 2599 657 2681 quondam
686 2599 854 2680 Johannis,
888 2599 1061 2683 Pragensis
1084 2601 1237 2683 episcopi,
1267 2601 1330 2667 loci
1353 2600 1430 2685 dyo·

133 2714 241 2779 cesani
256 2712 377 2795 sigillis
392 2713 526 2779 munitis
540 2714 668 2797 plenius
691 2718 724 2779 et
738 2714 923 2796 expressius
939 2715 1130 2794 continetur,
1144 2732 1279 2796 quarum
1301 2719 1429 2781 tenores

133 2827 168 2892 de
190 2826 296 2892 uerbo
319 2825 361 2890 ad
395 2824 529 2892 uerbum
551 2827 754 2909 presentibus
784 2827 885 2893 inseri
907 2825 1053 2908 lecimus,
1077 2831 1164 2892 retas
1187 2834 1220 2893 et
1242 2832 1350 2912 gratas
1373 2830 1429 2894 ha·

133 2939 243 3006 bentes
267 2958 388 3022 easque
411 2938 451 3004 de
474 2939 607 3022 speciali
630 2940 739 3021 gracia
768 2939 997 3005 confirmantes
1020 2940 1102 3022 ipsis
1125 2944 1269 3005 nostrum
1292 2941 1430 3023 benigne

134 3062 315 3136 prestamus
338 3072 514 3119 assensum.
539 3054 644 3118 Tener
676 3053 857 3118 litterarum
880 3053 1017 3135 predicti
1046 3053 1158 3135 Egidii
1188 3054 1263 3118 talis
1287 3060 1354 3119 est:
1392 3054 1428 3119 ln

136 3170 262 3234 nomine
287 3174 398 3234 sancte
433 3174 466 3233 et
496 3167 667 3232 indiuidue
695 3166 865 3231 Trinitatis
896 3185 988 3232 amen
1023 3173 1081 3232 etc.
1115 3166 1305 3249 (NtsleduJe
1335 3169 1429 3232 znent

136 3282 209 3348 estu
246 3281 361 3364 Jujrn0
399 3299 435 3345 ze
468 3264 686 3346 evonenus.
721 3259 836 3361 rupe
869 3278 949 3362 pree
983 3280 1003 3343 3
1034 3280 1173 3345 cuonem
1207 3281 1293 3346 roeo
1326 3280 1350 3345 o.
1385 3281 1429 3359 o).

135 3395 236 3461 Tener
266 3413 346 3460 nero
380 3395 559 3460 litterarum
583 3394 661 3460 dicti
684 3393 829 3476 episcopi
851 3394 926 3459 talis
950 3398 1017 3459 est:
1056 3392 1219 3459 Johennes
1243 3393 1295 3458 dei
1319 3393 1429 3476 gracia

136 3506 307 3591 Pregensis
334 3508 503 3590 episcopus
537 3512 595 3573 etc.
633 3505 822 3589 (NesleduJe
844 3509 938 3572 ruent
968 3506 1046 3572 listn
1075 3505 1216 3588 bisknpa
1247 3506 1429 3572 Predslreho

137 3619 215 3686 dana
227 3621 285 3685 HL
303 3621 449 3686 zDralic
472 3620 501 3684 d.
525 3619 690 3684 vPraze3
707 3618 815 3684 dubna
829 3620 914 3686 1260
925 3639 944 3682 v
956 3624 1130 3701 pozntmoe
1142 3618 1200 3683 de
1217 3619 1426 3698 umludnehol.

136 3731 165 3798 In
180 3753 320 3818 quorum
333 3734 475 3799 omnium
485 3732 706 3798 testimonium
720 3739 885 3814 presentes
900 3730 1159 3798 confirmacionis
1172 3737 1281 3797 nostre
1303 3732 1429 3797 litteras

137 3845 199 3912 fieri
224 3854 258 3913 et
282 3847 401 3929 sigillis
423 3848 603 3912 maiestatis
627 3851 736 3912 nostre
759 3847 914 3912 iussimus
938 3845 1137 3910 communiri.
1185 3845 1304 3910 Datum
1326 3845 1429 3927 Proge

137 3977 187 4040 per
211 3977 328 4024 manus
363 3958 460 4039 Petri,
496 3960 688 4025 Besiliensis
712 3959 866 4042 episcopi,
901 3957 1178 4040 wissegradensis
1211 3959 1366 4041 prepositi
1397 3963 1431 4022 et

137 4074 224 4155 regni
248 4073 444 4154 cancellarii,
467 4074 624 4156 principis
648 4073 749 4138 nostri
777 4072 897 4152 dilecti,
921 4091 1004 4137 anno
1028 4071 1149 4136 domini
1172 4072 1342 4136 millesimo
1365 4075 1429 4136 tre

136 4188 308 4253 centesimo
344 4187 457 4266 primo,
493 4193 606 4252 octauo
629 4187 711 4269 ydus
735 4184 894 4264 Jonnarii,
928 4189 1042 4268 quarte
1072 4184 1195 4249 decime
1225 4184 1428 4264 indictionis,

135 4317 214 4367 auno
238 4318 414 4381 regnorum
436 4305 618 4365 nostrornm
640 4300 773 4365 Boemie
796 4300 918 4382 quinto,
942 4296 1075 4362 Polonie
1097 4314 1173 4360 uero
1196 4297 1308 4378 primo.

234 4454 309 4521 Orig.
328 4469 404 4522 perg.
423 4470 438 4505 v
456 4470 478 4506 c.
498 4454 524 4506 k.
543 4454 705 4509 universitnt
724 4452 863 4507 knihornd
881 4451 1010 4505 Pralske.
1030 4450 1048 4503 S
1066 4449 1204 4504 nilomlrem
1223 4449 1301 4503 vellre
1321 4465 1357 4503 ua
1370 4449 1428 4503 der·

135 4551 290 4606 reno-llute
310 4549 395 4603 iilic
412 4550 546 4604 zavsiene
566 4549 655 4620 pedeti
675 4548 832 4618 kralovskt,
859 4565 895 4602 na
909 4548 977 4616 jeju
992 4546 1078 4615 jodne
1098 4550 1191 4601 strand
1219 4546 1383 4616 vypodolreu
1399 4546 1429 4613 je

133 4648 190 4704 kral
209 4647 298 4703 sedicl
317 4662 333 4696 v
353 4647 490 4701 laenatem
508 4647 581 4700 htrn
599 4663 635 4701 na
647 4648 736 4712 trine,
755 4645 828 4712 majo
847 4660 882 4714 po
895 4643 998 4713 prarici
1017 4642 1066 4697 itit
1085 4641 1222 4712 sdeslrym
1241 4641 1426 4710 dvouocasym
