3098 5392
704 424 779 475 1407.
1277 424 1365 491 1075

62 628 167 683 torem
190 620 231 685 de
254 626 319 690 alto
343 632 375 691 et
398 627 496 694 basso
520 627 723 696 deuouerunt
745 650 783 696 ac
806 631 866 696 sub
890 650 973 712 pena
989 637 1117 697 centum
1133 651 1364 714 sexagenarum

62 755 251 817 grossorum
283 743 491 822 pragensium
524 762 562 809 ex
594 749 730 828 unaque
761 750 854 827 parte
887 745 1186 826 compromiserunt,
1219 752 1366 813 nostrum

62 852 207 919 edictum
242 859 275 919 et
304 858 627 938 prouunociacionem
660 859 764 926 solide
796 860 969 925 seruaturi.
1014 858 1082 926 Nos
1112 859 1214 942 igitur
1243 860 1365 927 eisdem

60 966 211 1049 partibus
243 970 461 1051 predictarum
491 972 662 1040 ciuitatum
693 978 725 1039 et
752 990 863 1039 eorum
880 973 1022 1056 juribus,
1054 974 1170 1056 literis,
1194 976 1365 1058 allegacio·

60 1082 160 1148 nibus
191 1089 224 1149 et
253 1086 428 1152 autenticis
459 1087 612 1154 hincinde
641 1088 763 1155 auditis
798 1095 832 1155 et
860 1089 1023 1155 intelectis
1058 1094 1091 1154 et
1119 1088 1201 1154 bene
1227 1089 1364 1172 digestis

59 1196 172 1263 animo
196 1197 383 1282 deliberato,
408 1220 550 1286 sanoque
573 1208 606 1267 et
628 1209 753 1269 maturo
780 1204 821 1269 ad
836 1204 897 1269 hoc
912 1201 1100 1270 officialium
1117 1208 1149 1269 et
1164 1204 1364 1270 notariorum
1410 1282 1412 1287 ἢ

60 1317 247 1378 nostrorum
268 1319 301 1379 et
317 1316 488 1396 presertim
509 1315 626 1382 famosi
647 1316 831 1397 Laurencii,
843 1317 966 1399 judicis
983 1318 1073 1384 curie
1089 1317 1259 1383 ciuitatum
1272 1335 1364 1400 rega·

59 1424 156 1506 lium,
185 1426 353 1508 prehabito
376 1435 409 1494 et
432 1429 666 1495 communicato
688 1430 824 1496 consilio
848 1429 998 1508 diximus,
1034 1430 1308 1496 auctorizauimus
1330 1437 1364 1497 et

59 1540 379 1621 prouunociauimus,
396 1542 545 1624 dicimus,
561 1543 798 1610 auctorizamus
823 1549 855 1609 et
876 1545 1036 1625 presentis
1052 1543 1166 1625 scripti
1182 1543 1362 1625 patrocinio

59 1656 352 1734 prouunociamua:
393 1656 503 1729 Primo
527 1675 663 1741 namque
685 1658 842 1738 volumus,
867 1657 952 1740 quod
977 1658 1105 1741 singule
1127 1656 1212 1738 lites,
1236 1662 1361 1722 coutro-

62 1766 174 1832 uersie
204 1785 242 1833 ac
265 1767 551 1850 displicenciarum
574 1789 689 1837 rancor
712 1772 798 1837 inter
820 1772 910 1853 ipsas
933 1776 1052 1852 partes,
1077 1776 1188 1852 utpote
1209 1771 1362 1837 ciuitates

59 1880 238 1962 predictas,
251 1881 418 1964 hucusque
427 1884 596 1951 occasione
605 1885 729 1950 viarum
742 1885 953 1967 quouismodo
967 1902 1091 1950 emerso
1103 1903 1234 1966 prorsus
1248 1884 1364 1950 cedant

58 2013 123 2060 uec
135 1995 238 2061 altera
252 1997 286 2061 in
302 1997 436 2063 alteram
452 1998 493 2064 de
509 2003 616 2064 cetero
632 2017 707 2080 pars
724 2017 783 2065 seu
800 2000 916 2065 ciuitas
933 1999 1110 2064 dissenciat
1121 2016 1180 2064 seu
1195 1998 1363 2064 honestam

59 2107 182 2173 famam
206 2111 451 2177 contumeliosis
475 2112 584 2178 uerbis
607 2111 739 2193 afliciat,
763 2112 853 2177 velut
873 2112 977 2177 hostis
994 2111 1027 2175 in
1042 2111 1168 2176 hostem
1182 2111 1363 2192 impetuose

57 2221 310 2305 prorumpendo,
341 2225 533 2307 quinpocius
564 2225 709 2292 vicissim
738 2225 873 2290 alterius
907 2242 982 2306 pars
1018 2224 1120 2290 altera
1152 2242 1209 2306 pro
1233 2223 1357 2290 viribus

59 2352 163 2401 onera
186 2342 364 2418 supportet,
386 2337 598 2419 fanorumque
619 2338 821 2403 amicabilem
845 2337 968 2420 pariter
991 2342 1024 2402 et
1046 2337 1149 2402 zelum
1171 2336 1233 2401 sibi
1249 2342 1360 2404 mutuo

60 2448 254 2530 impendant
277 2454 478 2531 oportunum.
525 2449 682 2517 Volumus
705 2453 807 2517 eciem
831 2457 864 2517 et
885 2450 1054 2531 edicimus,
1085 2450 1171 2530 quod
1194 2468 1305 2516 omnes
1329 2457 1362 2517 et

59 2562 187 2644 singuli
210 2568 368 2644 vectores,
399 2565 543 2630 volentes
567 2583 639 2629 cum
661 2564 822 2630 mercibus
854 2583 912 2629 seu
934 2564 1029 2629 rebus
1053 2563 1299 2646 quibuscunque
1320 2563 1362 2628 de

57 2676 253 2742 Prachaticz
277 2695 412 2760 pergere
435 2696 548 2743 versus
572 2678 710 2759 Pragam
734 2697 793 2745 seu
815 2679 943 2744 Montes
967 2675 1212 2760 Chuttu[enses]
1240 2694 1297 2742 seu
1320 2676 1361 2742 de

57 2789 196 2856 Budwis
223 2790 256 2856 in
280 2791 444 2874 Pylzuam,
476 2809 634 2872 nusquam
657 2790 735 2857 alibi
759 2810 894 2873 pergere
917 2794 1112 2872 presumant,
1144 2808 1239 2872 quam
1263 2806 1361 2870 super

56 2905 229 2971 ciuitatem
261 2903 520 2970 Wodnanensem
555 2909 588 2970 et
621 2904 662 2969 ad
692 2905 752 2971 hoc
782 2903 968 2970 iaciendum
999 2904 1087 2969 ciues
1122 2901 1162 2967 de
1192 2902 1360 2968 Wodnano

57 3021 152 3100 ipsos
191 3021 337 3083 vectores
376 3019 568 3101 compellere
601 3018 719 3086 debent
753 3018 812 3083 sub
849 3014 1179 3099 impignorationibus
1213 3032 1251 3079 ac
1284 3014 1359 3080 aliis

56 3131 156 3215 penis
180 3131 298 3196 sollitis
322 3137 355 3197 et
378 3133 552 3214 consuetis,
583 3138 726 3199 tenorem
749 3133 916 3197 literarum
939 3131 1107 3212 regalium,
1139 3146 1219 3208 quas
1241 3127 1360 3193 habere

55 3250 248 3323 noscuntur,
279 3250 312 3309 et
343 3244 479 3310 ulterius
510 3245 550 3310 de
572 3245 740 3311 Woduano
774 3263 883 3309 omnes
915 3249 948 3308 et
970 3243 1090 3324 singuli
1115 3248 1260 3308 vectores
1283 3260 1360 3306 nus·

55 3376 158 3441 quam
188 3357 276 3436 alibi,
307 3376 404 3438 quam
436 3377 534 3441 super
560 3359 727 3424 ciuitatem
750 3358 981 3439 Pyeuczensem
1005 3373 1140 3437 pergere
1162 3359 1357 3436 presumant.

55 3471 93 3538 Si
132 3470 205 3550 quis
239 3474 346 3535 autem
380 3471 446 3536 alia
476 3472 529 3536 via
560 3473 731 3553 perexerit,
765 3475 882 3536 extunc
916 3470 1006 3534 ciues
1036 3469 1253 3551 Pyesczenses
1286 3484 1359 3533 oum

56 3602 172 3650 eorum
202 3582 378 3664 burgrauio
410 3590 443 3648 et
468 3585 579 3666 judice
607 3586 743 3650 eundem
775 3603 832 3649 seu
856 3584 984 3649 eosdem
1007 3600 1165 3663 occupare
1187 3578 1305 3646 debent
1327 3585 1360 3644 et

56 3703 233 3776 arrestare,
269 3702 302 3760 et
333 3696 493 3763 mercibus
529 3717 586 3764 seu
617 3698 722 3776 rebus,
756 3717 836 3780 quas
867 3698 958 3763 ducit
992 3715 1048 3762 seu
1072 3696 1203 3776 ducunt,
1236 3694 1359 3776 absque

56 3810 172 3893 gracia
202 3809 343 3891 priuare,
377 3814 483 3876 tamen
516 3812 682 3893 signanter
713 3818 856 3893 excepto,
893 3812 920 3875 si
953 3809 1125 3875 inundacio
1156 3807 1249 3872 fluuii
1272 3806 1359 3872 circa

58 3922 209 3989 Woduan
240 3941 277 3988 se
308 3923 393 3987 ultra
423 3924 552 3989 modum
576 3926 772 4003 extenderet,
800 3931 916 3989 extunc
939 3925 980 3988 de
1002 3922 1191 3987 Prachaticz
1214 3920 1254 3984 ad
1278 3919 1358 3985 ciui·

56 4043 159 4103 tatem
183 4036 397 4117 Pyescensem
424 4042 481 4102 aut
504 4038 544 4102 de
568 4039 693 4120 Pyeska
716 4040 749 4103 iu
773 4038 904 4102 Budwis
928 4043 960 4101 et
983 4055 1000 4101 e
1024 4052 1179 4101 conuerso
1203 4032 1357 4097 derelicto

56 4149 229 4216 Woduauo
266 4169 323 4231 per
354 4150 451 4214 aliam
484 4152 569 4215 viam
592 4153 732 4217 transire
755 4156 786 4214 et
810 4168 944 4231 pergere
967 4152 1104 4230 possunt
1128 4145 1357 4228 impedimento

57 4261 207 4346 quolibet
239 4263 350 4344 procul
384 4269 480 4329 moto.
526 4265 663 4328 Deruum
697 4263 853 4328 edicimus
888 4268 920 4327 et
954 4260 1233 4343 prouunociamus,
1272 4258 1358 4340 quod

56 4394 172 4443 omnes
203 4383 235 4441 et
267 4377 395 4458 singule
427 4377 531 4441 incole
566 4383 595 4442 et
621 4376 853 4441 inhabitatores
878 4375 1022 4442 ciuitatis
1046 4373 1267 4457 Pyesczeusis,
1301 4372 1357 4453 qui

55 4509 132 4583 oum
156 4487 317 4554 mercibus
341 4507 398 4554 eeu
422 4488 518 4553 rebus
544 4491 685 4570 ipsorum
711 4488 852 4570 propriis
876 4489 1120 4570 quibuscunque
1143 4485 1278 4550 veniunt
1299 4503 1358 4550 seu

54 4607 199 4689 pergunt
221 4602 255 4666 iu
278 4603 445 4668 ciuitatem
468 4603 737 4681 Wodnauensem,
762 4601 860 4666 iidem
884 4606 1038 4681 vectores,
1063 4600 1167 4666 incole
1188 4616 1246 4665 seu
1266 4598 1356 4665 habi·

1158 4732 1206 4784 68*
