3150 5378
241 421 306 488 780
857 421 933 472 1386.

241 650 306 698 rex.
323 631 354 698 N
356 636 445 697 otum
460 628 596 695 lecimus
611 632 726 695 tenore
741 630 944 712 presencium
959 630 1133 712 volueres,
1150 628 1247 713 quod,
1265 650 1343 698 cum
1359 633 1450 699 sicut
1463 652 1544 700 acce·

241 746 348 829 pimus
363 750 397 810 et
416 742 482 809 fide
496 742 668 826 dignorum
684 762 795 809 srumus
810 744 996 810 testimonio
1012 743 1219 811 informati..
1239 746 1407 828 magister
1422 748 1543 814 ciuium.

237 858 337 942 judex
352 863 385 923 et
395 857 498 940 jurati
520 875 644 923 necnon
668 857 757 922 ciues
781 856 926 922 ciuitatis
942 855 1182 925 Gaaslauiensis
1197 858 1443 941 multiplicibus
1465 860 1545 926 debi-

238 978 346 1038 torum
361 972 512 1037 oneribus
528 971 713 1053 pergrsuati
727 969 877 1050 existant,
893 968 975 1035 adeo
987 976 1023 1034 ut.
1039 971 1103 1035 nisi
1116 970 1198 1053 ipsis
1209 987 1270 1053 per
1280 990 1343 1037 nos
1360 979 1544 1040 succuratur

238 1088 440 1170 intempore,
457 1085 556 1151 iidem
578 1084 668 1150 ciues
691 1088 724 1150 et
746 1083 864 1149 ciuitas
887 1083 1159 1149 intollerabilibus
1182 1083 1404 1167 imposterum
1419 1094 1541 1169 possent

239 1201 419 1284 dispendiis
442 1199 630 1277 subiacere3
654 1216 713 1264 nos
736 1197 881 1280 ipsorum
904 1196 1132 1279 indempnitati
1155 1197 1305 1265 volentes
1327 1218 1493 1281 occurere,
1506 1236 1541 1247 -

240 1315 395 1397 predictis
412 1313 538 1379 ciuibus
555 1316 587 1378 et
603 1330 713 1379 eorum
732 1310 861 1376 ciuitati
876 1311 960 1377 hanc
974 1311 1117 1393 graciam
1132 1310 1272 1378 lecimus
1288 1317 1324 1379 et
1336 1312 1479 1381 facimus
1492 1333 1539 1398 per

239 1430 418 1509 presentes,
440 1431 476 1490 vt
490 1424 642 1490 videlieet
663 1424 727 1506 ipsi
743 1423 861 1489 eleeto
884 1426 988 1490 sancti
1009 1424 1096 1491 Gelli
1120 1429 1256 1491 venturo
1281 1429 1435 1509 proxime
1448 1445 1538 1511 usque

240 1542 283 1605 ad
305 1546 372 1621 tres
394 1556 497 1606 annos
520 1539 672 1605 continuo
696 1556 731 1603 se
754 1543 927 1620 sequentes
961 1539 995 1603 in
1022 1555 1147 1605 summa
1180 1539 1383 1623 principalis
1415 1542 1537 1626 pecunie

241 1654 322 1737 ipsis
345 1671 403 1737 per
424 1672 483 1719 nos
507 1653 636 1719 nomine
666 1653 785 1734 regalis
807 1651 906 1717 berne
929 1670 987 1718 seu
1010 1656 1126 1719 stenre
1156 1653 1253 1719 annis
1281 1654 1429 1739 siugulis
1449 1657 1535 1739 impe

239 1766 345 1833 nonde
367 1786 386 1830 a
409 1766 575 1831 solucione
597 1770 726 1831 centum
748 1783 981 1846 sexagenorum
1003 1784 1190 1848 grossorum
1212 1784 1273 1849 pro
1293 1786 1386 1837 auno
1408 1770 1534 1853 quolibet

239 1881 333 1946 liberi
356 1881 423 1945 sint
445 1884 478 1945 et
499 1878 644 1944 totaliter
674 1876 831 1955 absoluti;
861 1877 972 1943 taliter
1001 1877 1163 1960 videlicet,
1195 1883 1233 1944 ut
1254 1880 1390 1962 prelato
1412 1882 1533 1947 durante

239 1994 379 2059 triennio
401 1993 435 2058 in
460 2009 584 2058 summe
606 1990 709 2073 nobis,
733 1990 907 2057 heredibus
930 1996 964 2058 et
986 1992 1394 2076 suecessoribusuostu'is,
1416 1994 1532 2061 Boemie

239 2107 380 2189 regibus,
402 2125 461 2189 per
481 2107 571 2189 ipsos
601 2110 635 2170 et
657 2105 800 2188 ipsorum
827 2106 994 2172 ciuitatem
1024 2105 1180 2173 soluendo
1208 2110 1361 2175 trecente
1389 2124 1532 2191 sexagena

239 2239 425 2301 grossorum
447 2219 585 2286 debeant
607 2217 772 2285 delalceri.
806 2219 993 2286 lnhibemus
1025 2220 1126 2303 igitur
1155 2220 1341 2303 capitaneis
1373 2226 1410 2289 et
1434 2222 1531 2289 subea-

240 2334 377 2400 merario
389 2335 481 2416 regni
498 2333 632 2399 Boemie
643 2334 824 2415 ceterisque
839 2332 1031 2401 officialibus
1043 2334 1174 2415 nostris,
1184 2332 1327 2402 firmiter
1342 2336 1533 2409 etdistricle

238 2466 279 2513 ne
301 2466 322 2512 a
344 2446 479 2528 prelatis
503 2446 629 2513 ciuibus
652 2466 710 2513 seu
742 2465 853 2513 eorum
883 2448 1018 2514 ciuitate
1039 2452 1151 2514 contm
1179 2452 1374 2531 presentem
1404 2451 1531 2534 graciam

237 2566 381 2627 nostram
411 2560 585 2644 quidquam
618 2562 750 2644 exigere
783 2579 841 2628 seu
874 2562 965 2644 ipsos
999 2562 1041 2628 ad
1075 2561 1274 2629 solucionem
1307 2564 1531 2645 plenariamet

238 2680 424 2741 consuetam
445 2673 546 2740 berne
569 2692 626 2740 seu
649 2679 765 2740 stenre
790 2675 976 2742 huiusmodi
998 2675 1190 2758 compellere
1218 2680 1280 2741 aut
1301 2674 1530 2759 quomodolibet

236 2806 348 2855 arcere
362 2793 559 2871 presumunt,
576 2792 673 2870 prout
682 2806 816 2870 manem
828 2788 1067 2872 indignacionis
1079 2792 1190 2855 nostre
1204 2785 1368 2855 offensam
1384 2790 1530 2857 voluerint

238 2903 346 2968 arcius
369 2902 503 2967 euitare
527 2902 713 2967 -Datum
735 2902 840 2985 Prage
864 2920 949 2969 anno
973 2901 1094 2968 domini
1116 2901 1290 2968 millesimo
1312 2902 1530 2971 metentesimo
1569 2986 1571 2991 Ι

237 3016 457 3097 octuagesimo
473 3020 574 3094 sexto,
590 3014 644 3080 die
660 3015 827 3081 redecima
845 3016 967 3081 mensis
986 3014 1137 3097 Augusti,
1160 3032 1337 3097 regnorum
1360 3022 1528 3083 nostrorum
1569 2994 1571 3021 ¹

237 3148 321 3195 enno
344 3128 477 3194 Boemie
500 3128 653 3193 vicesimo
676 3135 801 3210 quarto,
824 3130 1042 3196 Romanorum
1065 3146 1141 3195 vero
1164 3128 1348 3196 muscino.

655 3340 717 3429 [Na
740 3346 856 3429 ohbuz]
880 3346 942 3412 Per
964 3346 1129 3413 dominum
1147 3346 1263 3412 ducam
1285 3346 1520 3415 Tesclrincnsen

979 3460 1172 3527 Wlachnilxo
1194 3460 1236 3526 de
1257 3458 1442 3527 Weitmule

342 3624 406 3707 [No
429 3623 541 3707 rubum]
565 3625 602 3690 R.
626 3624 836 3691 wenceslaus
859 3624 900 3691 de
921 3623 1086 3710 Jenylxow.

342 3830 414 3898 Orig.
434 3846 508 3899 perg.
528 3847 542 3881 r
562 3828 673 3883 archien
693 3832 780 3884 rudsta
802 3812 917 3885 declar-e
935 3831 958 3886 d.
977 3832 1002 3885 A
1019 3838 1036 3887 d
1055 3834 1141 3899 (eure
1159 3833 1228 3889 dlelo
1246 3838 1301 3899 21).
1333 3834 1467 3889 Skn‘sui
1480 3844 1513 3884 aa

238 3925 381 3981 chorauou
405 3926 602 3981 vulsinienses
622 3926 712 3996 pedeti
729 3926 897 3982 lxrtlovslxou
916 3943 953 3982 no
971 3944 1046 3998 perg.
1070 3930 1197 3999 proodlm
1215 3930 1383 3985 candianum

806 4197 872 4274 Cls.
895 4210 970 4275 612.

553 4398 653 4477 1386,
674 4398 719 4465 24
740 4416 867 4484 srpna.
889 4398 946 4467 Na
968 4398 1214 4469 Ksivokldte,

233 4590 319 4657 Krril
351 4592 463 4657 l'ciclot·
486 4590 539 4654 ll'
556 4590 700 4673 erumpe
727 4594 811 4657 esen
840 4591 1035 4674 eugendum
1061 4593 1127 4659 ia'dc
1155 4575 1288 4659 Rfmskc'
1317 4594 1334 4659 ι’
1361 4581 1508 4661 &decad
1556 4620 1571 4691 '¹
