3098 5392
222 411 286 478 988
832 409 908 460 scor.

176 640 178 644 ·
221 619 412 688 criminibus
434 617 646 702 prouidentia
667 616 782 684 diuina
802 621 947 684 meretur
962 613 1080 697 efferri,
1102 633 1165 700 que
1180 619 1357 700 tamquam
1379 615 1525 682 amabilis

222 733 432 818 suffragatrix
452 723 495 799 de
514 731 665 800 manibus
699 750 878 815 pauperum
900 731 989 798 volat
1010 730 1046 797 in
1069 730 1175 798 celum
1195 734 1229 796 et
1251 730 1324 797 illio
1349 731 1423 798 suis
1445 749 1524 797 ama·

222 850 349 916 toribus
378 852 472 932 parat
502 847 693 929 hospicium,
727 850 761 912 et
791 844 887 912 velud
916 844 1119 928 negotiatrix
1151 843 1299 911 omnium
1333 862 1524 929 magnopere

220 962 416 1047 prudencior
436 959 575 1027 terrenis
597 959 758 1026 mercibus
782 958 917 1027 celestia
944 962 1109 1042 comparat
1131 963 1165 1024 et
1185 958 1397 1026 transitoriis
1420 965 1525 1026 eterna

220 1080 391 1160 permutat,
415 1067 490 1139 nam
512 1078 545 1140 et
567 1074 773 1156 omnipotens
795 1072 875 1139 deus
898 1071 972 1139 ideo
994 1072 1076 1140 alios
1099 1077 1295 1156 paupertate
1318 1073 1523 1150 constrinxit,

220 1191 303 1258 alios
326 1189 520 1256 diuioiarum
543 1187 638 1270 copia
658 1185 821 1268 dilatauit,
845 1191 881 1252 vt
902 1191 937 1252 et
958 1186 1007 1253 illi
1030 1186 1180 1269 habeant,
1203 1186 1291 1254 vnde
1316 1189 1456 1271 propria
1474 1204 1524 1251 sa-

220 1305 311 1372 leant
332 1308 466 1387 peccata
487 1302 656 1382 redimere,
680 1308 713 1367 et
727 1301 784 1367 isti
807 1300 892 1366 vnde
914 1319 1006 1368 suam
1021 1302 1149 1384 possint
1164 1301 1312 1385 inopiam
1329 1307 1520 1369 sustentare

221 1419 274 1485 Ad
295 1418 393 1485 huius
416 1417 518 1500 igitur
547 1415 723 1482 elemosine
745 1415 900 1483 virtutem
928 1433 988 1498 per
1017 1434 1077 1483 nos
1106 1414 1248 1482 feliciter
1277 1415 1522 1500 assequendam,

223 1533 286 1599 etsi
326 1550 425 1616 super
464 1528 639 1613 quemlibet
681 1547 816 1611 egenum
856 1533 889 1595 et
928 1546 1104 1612 pauperem
1144 1534 1316 1594 teneamur
1351 1528 1523 1605 intendere,

220 1646 348 1712 illorum
377 1650 485 1711 tamen
516 1661 668 1726 vrgemur
694 1643 846 1725 penurias
878 1642 1058 1725 subleuare,
1090 1661 1170 1724 quos
1193 1659 1275 1708 seue
1304 1644 1426 1709 mortis
1455 1661 1521 1708 con·

220 1759 318 1825 clusit
339 1759 523 1825 aduersitas
546 1762 580 1823 et
601 1776 622 1822 a
644 1757 766 1823 laribus
790 1756 934 1839 paternis
957 1757 1105 1823 exclusos
1138 1754 1198 1822 sub
1229 1758 1302 1822 sola
1327 1774 1391 1839 spe
1412 1756 1521 1823 elamo-

221 1873 293 1938 sine
314 1872 413 1938 alieni
435 1870 514 1937 fecit
537 1869 694 1938 domicilii
718 1870 906 1952 inquilinos.
941 1869 1027 1937 Sane
1048 1870 1082 1935 in
1106 1873 1216 1935 nostre
1238 1870 1434 1937 maiestatis
1456 1888 1521 1936 con·

219 1987 354 2052 stitutus
376 1985 546 2069 presencia
568 1984 767 2052 honorabilis
790 1983 942 2065 lacobus,
964 1982 1121 2066 plebanus
1141 1984 1282 2050 ecclesie
1308 1984 1520 2066 parrochialis

220 2100 366 2166 ciuitatis
382 2105 492 2166 nostre
506 2098 715 2179 Veronensis,
738 2097 859 2181 regalis
876 2098 1012 2182 coquina
1025 2101 1138 2164 nostre
1152 2097 1312 2178 notarius,
1338 2099 1520 2182 capellanus

220 2212 358 2279 deuotus
380 2216 491 2278 noster
513 2211 662 2291 dilectus,
689 2209 782 2276 nobis
812 2227 993 2293 proponere
1022 2209 1161 2291 curauit,
1193 2211 1339 2293 qualiter
1370 2213 1519 2295 magister

219 2326 351 2407 ciuium,
375 2327 523 2393 consules
547 2325 647 2390 iurati
668 2328 801 2405 totaque
831 2324 1044 2391 communitas
1074 2323 1220 2409 eiusdem
1251 2324 1405 2393 ciuitatis
1429 2325 1519 2392 Vero

219 2439 340 2522 nensis,
363 2437 475 2504 fideles
499 2439 602 2504 nostri
626 2438 747 2519 dilecti,
778 2439 847 2504 zelo
878 2439 1068 2505 deuocionis
1101 2439 1242 2520 accensi,
1276 2438 1312 2505 in
1337 2457 1470 2506 suarum
1490 2444 1518 2502 et

219 2552 460 2635 progenitorum
494 2570 626 2652 suorum
655 2552 837 2618 animarum
867 2552 1046 2619 remedium
1080 2553 1233 2634 salutare,
1270 2552 1423 2620 volentes
1452 2570 1516 2634 ege

218 2685 334 2733 norum
356 2684 394 2732 ae
416 2664 651 2732 miserabilium
674 2684 886 2748 personarum
909 2685 981 2733 cum
1004 2666 1087 2749 ipsis
1109 2665 1304 2749 degencinm
1326 2666 1514 2734 calamitatis

221 2780 374 2862 inopiam,
408 2797 470 2861 que
500 2780 563 2845 heu
597 2782 688 2843 fanto
722 2779 825 2844 maior
858 2797 898 2845 er
932 2797 1128 2861 gwerrarum
1160 2779 1410 2847 discriminibus
1443 2778 1513 2845 inibi

218 2892 368 2974 inuoluit,
404 2897 523 2973 quanto
558 2891 744 2957 diuturnius
778 2893 811 2956 in
844 2911 944 2977 regno
976 2897 1088 2958 nostro
1111 2891 1244 2959 Boemie
1279 2892 1513 2977 dispendiosior

219 3007 408 3073 continuare
439 3025 503 3072 non
527 3006 679 3086 cessauit,
715 3006 768 3088 pio
805 3006 913 3073 animo
943 3008 1100 3089 releuare,
1135 3008 1299 3090 hospitale
1332 3009 1368 3074 in
1403 3009 1512 3075 honore

217 3120 311 3187 beate
333 3120 438 3185 Maria
460 3119 598 3202 virginis
622 3125 655 3186 et
678 3125 788 3185 sancte
810 3120 988 3205 lilyzabeth
1012 3127 1103 3188 extra
1124 3140 1233 3188 muros
1250 3122 1360 3205 ipsius
1376 3119 1511 3189 ciuitatis

217 3233 414 3300 Veronensis
437 3233 477 3298 de
492 3252 577 3299 nouo
592 3234 727 3316 erigere,
750 3233 896 3316 fundare,
920 3241 1086 3302 exstruere
1099 3240 1132 3302 et
1147 3232 1311 3317 edificare,
1336 3237 1508 3318 ceterisque

218 3347 369 3413 censibus
393 3352 426 3411 et
440 3346 624 3413 redditibus
647 3367 705 3430 pro
722 3349 963 3415 sustentaoiono
986 3349 1053 3416 vite
1075 3366 1258 3431 pauperum
1271 3354 1305 3415 et
1318 3349 1509 3416 infirmorum

217 3461 258 3526 ad
282 3463 388 3543 ipsum
411 3460 573 3543 hospitale
595 3459 830 3527 confluencium
847 3467 880 3527 et
895 3462 1006 3528 ssibus
1022 3461 1152 3545 plebani
1166 3461 1370 3529 Veronensis
1385 3468 1509 3547 protunc

217 3575 388 3640 existentis
421 3580 585 3654 tamquam
608 3575 754 3640 eiusdem
784 3576 956 3657 hospitalis
977 3577 1115 3642 rectoris
1125 3573 1151 3660 ¹)
1182 3576 1297 3643 dotare
1325 3580 1507 3661 proponant,

218 3688 405 3771 supplicans
436 3688 599 3753 maiestati
632 3693 743 3754 nostre
770 3689 936 3755 humiliter
958 3695 991 3755 et
1013 3689 1141 3772 deuote,
1173 3690 1328 3772 quatinus
1352 3691 1396 3757 ad
1417 3707 1508 3758 errec-

221 3804 355 3884 cionem,
379 3801 617 3876 fundacionem
648 3802 903 3869 exstruccionem
927 3808 959 3868 et
982 3801 1223 3871 edificacionem
1244 3803 1389 3887 predicti
1410 3801 1507 3884 hospi-

216 3917 292 3982 talis
315 3936 438 3984 necnon
462 3935 617 3982 censuum
641 3922 673 3983 et
695 3918 890 3999 reddituum,
922 3918 1008 3984 sicut
1029 3918 1200 4002 prefertur,
1228 3919 1506 4002 comparandorum

216 4030 427 4097 donacionem
450 4048 642 4095 consensum
666 4035 699 4094 et
718 4049 887 4097 assensum
909 4037 1038 4098 nostros
1060 4033 1168 4116 regios
1190 4031 1332 4116 benigne
1355 4048 1505 4117 apponere

217 4144 374 4226 ipsosque
400 4160 516 4209 census
547 4147 580 4207 ot
601 4143 748 4210 redditus
771 4163 829 4227 pro
854 4146 1096 4214 sustentaoiono
1117 4147 1187 4212 vite
1209 4165 1393 4230 pauperum
1415 4152 1446 4212 et
1465 4144 1504 4209 in·

215 4255 380 4323 firmorum
402 4256 443 4321 ad
467 4257 583 4338 ipsum,
617 4261 652 4321 vt
677 4257 847 4340 prefertur,
879 4256 1040 4342 hospitale
1070 4259 1305 4327 confluencium
1335 4279 1376 4328 ac
1408 4258 1504 4327 ssibus

219 4370 348 4451 plebani
382 4369 580 4436 Veronensis
624 4372 724 4437 veluti
757 4373 862 4455 ipsius
894 4373 1066 4456 hospitalis
1095 4370 1266 4458 rectoris')
1300 4374 1503 4459 incorporare

216 4484 426 4566 inuisoerare,
450 4491 624 4551 annectere
646 4490 678 4551 et
701 4486 793 4552 vnire
815 4487 996 4570 gratiosius
1018 4486 1236 4571 dignaremur.
1258 4484 1328 4554 Nos
1352 4489 1453 4572 igitur
1470 4482 1503 4549 ad

215 4597 344 4664 laudem
368 4599 598 4683 omnipotentis
615 4601 677 4665 Dei
700 4602 955 4684 intemerateque
978 4602 1049 4668 eius
1064 4603 1233 4685 genitricis
1255 4601 1397 4684 virginis
1413 4598 1504 4669 biario
