3098 5392
143 405 205 472 182
766 407 842 460 rsrs.
951 450 953 454 .

140 614 380 680 recordacionis
410 614 539 682 domino
562 614 762 698 Wencezlao,
793 615 869 680 diuo
900 632 978 697 rege
999 615 1142 698 Boemie,
1176 632 1288 683 socero
1317 620 1443 690 nau<

140 728 350 813 ipsorumque
373 728 495 794 ciuium
516 728 689 812 probitatis
712 733 745 795 et
759 726 927 795 fidelitatis
948 726 1073 796 meritis
1092 729 1298 814 erigentibus
1312 731 1443 816 priuat

139 843 222 925 legis
246 842 375 909 indultu
398 843 654 926 impetrauerint,
678 841 910 925 infrascriptis
933 843 1052 926 graciis
1076 862 1115 911 ac
1137 843 1344 913 libertatibus
1358 844 1443 918 ciui

137 961 239 1023 tatem
260 957 439 1041 predictam
461 957 597 1041 eiusque
619 956 853 1025 inhabitatores
875 957 944 1025 fore
966 957 1143 1026 decoratos.
1168 958 1261 1027 Onus
1280 958 1440 1043 siquidem

139 1071 238 1137 amnui
262 1090 378 1138 census
402 1073 551 1155 perpetui
573 1072 637 1154 ipsi
661 1071 789 1138 ciuitati
811 1090 850 1139 ac
872 1071 999 1138 ciuibus
1010 1072 1187 1142 intercluso
1211 1073 1432 1158 censnjudicii

138 1186 283 1252 ciuitatis
306 1186 452 1253 eiusdem
474 1190 620 1251 aratum
641 1184 746 1251 relatu
768 1185 979 1268 repperimus,
1002 1191 1038 1252 vt
1058 1186 1249 1270 predicitur,
1276 1188 1424 1271 usquead

138 1317 296 1365 summam
316 1300 453 1382 triginta
484 1304 517 1365 et
539 1305 677 1382 quatuor
697 1318 878 1365 marcarum
914 1318 1099 1382 grossorum
1128 1300 1337 1369 denariorum
1364 1318 1418 1383 pra·

138 1413 296 1495 gensium,
319 1413 554 1498 quinquaginta
577 1418 610 1479 et
632 1431 688 1479 sex
710 1415 833 1496 grossis
856 1412 1062 1480 denariorum
1083 1433 1142 1497 pro
1163 1433 1275 1482 marca
1296 1413 1417 1496 quahhet

138 1527 371 1609 computandis,
395 1527 488 1594 cuius
511 1545 634 1593 summe
656 1527 862 1593 medietatem
885 1527 919 1592 in
942 1527 997 1593 die
1017 1526 1104 1594 beati
1126 1526 1251 1595 Vrbani
1273 1546 1363 1612 pape,
1379 1544 1416 1591 re

136 1641 259 1722 liquam
288 1659 364 1707 vero
386 1646 512 1724 purtem
543 1641 578 1706 in
601 1640 655 1706 die
679 1640 768 1707 beati
793 1640 879 1708 Galli
901 1641 996 1708 annis
1019 1641 1157 1725 singulis
1179 1642 1285 1724 nobis,
1306 1645 1361 1708 aut
1378 1639 1416 1706 cui

137 1754 358 1836 deputandum
379 1754 576 1836 duxerimus,
599 1754 679 1821 dicti
702 1755 792 1821 ciues
815 1754 942 1823 soluem
963 1754 1168 1823 tenebuntur.
1191 1756 1359 1838 Riuosque
1375 1753 1418 1820 de

138 1873 305 1934 currentes
335 1868 517 1934 aLiszamo
541 1873 574 1934 et
596 1867 636 1933 ab
659 1867 777 1951 oppido
800 1867 973 1952 Syenomat
994 1886 1096 1953 usque
1121 1868 1164 1936 ad
1185 1870 1295 1938 locum
1316 1868 1419 1936 dicum

137 1983 217 2063 wlgo
240 1981 335 2047 Hana
369 1981 411 2048 ad
433 1981 610 2064 predictam
642 1980 808 2048 ciuitatem
841 1980 935 2048 modo
965 1981 1110 2063 predicto
1138 1981 1315 2050 didicimus
1336 1980 1420 2049 libera

136 2096 307 2177 pertinere.
343 2096 435 2176 Quod
458 2095 561 2161 eciam
583 2094 669 2160 dicte
692 2094 836 2162 ciuitatis
859 2099 970 2161 nostre
992 2095 1081 2162 ciues
1104 2095 1139 2162 in
1160 2096 1294 2180 pascuis
1314 2096 1420 2162 anima

136 2209 216 2274 lium
243 2209 277 2275 in
300 2210 388 2276 nullo
410 2210 553 2276 locorum
575 2210 776 2292 pascualium
799 2227 900 2291 voque
929 2209 971 2276 ad
993 2209 1153 2292 rubetum,
1174 2210 1262 2295 qnod
1284 2210 1363 2295 ulgo
1382 2209 1420 2275 di·

136 2323 220 2387 citur
243 2342 283 2387 zu
306 2323 363 2389 der
386 2323 550 2388 weidenen
573 2321 699 2403 sthden,
722 2321 873 2403 impediri
896 2340 954 2388 seu
975 2321 1140 2405 prohiberi
1161 2341 1222 2406 per
1243 2339 1419 2408 quemquam

136 2436 263 2516 possint
284 2441 341 2501 aut
362 2435 510 2517 debeant,
533 2436 683 2502 similiter
706 2454 816 2502 sumus
851 2434 1025 2502 informati.
1070 2435 1208 2520 Insuper
1237 2436 1327 2503 dicte
1353 2435 1419 2502 ciui·

134 2549 212 2613 tatis
235 2553 345 2615 nostre
362 2548 463 2633 judex
485 2550 520 2615 in
543 2549 690 2615 omnibus
713 2550 822 2616 causis
845 2549 1043 2632 pecuniariis
1054 2549 1205 2633 judicare
1226 2554 1262 2617 et
1283 2549 1417 2618 emendas

39 2707 41 2710 ψ
134 2663 280 2745 recipere
301 2663 429 2744 sibique
451 2664 623 2729 vendicare
644 2664 748 2746 possit
771 2664 911 2745 easdem,
939 2663 1067 2731 casibus
1089 2663 1188 2747 iguis,
1210 2663 1417 2731 homicidiiet

135 2777 239 2859 stupri
263 2777 429 2842 dumtaxat
451 2777 603 2859 exceptis,
628 2777 668 2843 de
691 2776 808 2860 quibus
830 2782 941 2845 nostro
960 2775 1038 2843 fisco
1054 2782 1088 2844 et
1103 2795 1230 2845 camere
1245 2777 1311 2845 due
1324 2781 1414 2861 partes

135 2890 249 2955 cedere
271 2889 398 2972 debent,
420 2891 523 2957 tercia
545 2909 620 2957 vero
643 2909 719 2973 pars
742 2891 776 2955 in
798 2891 954 2973 predictis
977 2890 1105 2958 casibus
1124 2890 1273 2974 predicte
1289 2888 1412 2958 ciuitatis

128 3003 239 3086 juder,
269 3003 325 3085 qui
349 3022 406 3085 pro
428 3010 572 3086 tempore
594 3004 702 3085 fuerit,
734 3004 803 3070 suis
833 3005 955 3087 ssibus,
985 3010 1021 3071 vt
1049 3010 1210 3086 asserunt,
1245 3001 1409 3088 applicabit

133 3115 275 3182 Sinceris
306 3117 407 3200 igitur
439 3118 588 3200 precibus
611 3118 796 3201 ..judicis
820 3170 852 3184 ..
872 3119 1055 3202 juratorum
1077 3137 1115 3185 ac
1137 3116 1360 3184 uniuersitatis
1378 3113 1410 3180 ci·

132 3230 223 3295 uiurn
253 3231 397 3297 ciuitatis
427 3236 537 3297 nostre
558 3230 813 3298 Rakobnicensis
844 3231 989 3313 predicte
1011 3233 1065 3314 pie
1086 3231 1166 3299 moti
1189 3249 1228 3298 ac
1250 3230 1409 3297 misericor·

132 3344 217 3408 diter
238 3345 396 3424 inclinati,
420 3345 527 3410 ommia
549 3348 582 3410 et
604 3344 734 3426 singula
751 3344 827 3427 jura
847 3344 1003 3426 predicta,
1026 3349 1062 3410 vt
1075 3343 1224 3426 predicta
1238 3348 1324 3425 sumt,
1345 3341 1411 3408 sicut

132 3456 268 3536 prouida
298 3461 330 3521 et
359 3456 600 3523 racionabiliter
630 3457 711 3539 ipsis
743 3456 870 3522 ciuibus
902 3457 987 3537 data,
1019 3474 1172 3523 concessa
1200 3460 1235 3523 et
1263 3456 1411 3523 indultas

131 3568 216 3632 diuis
239 3569 370 3651 regibus
393 3570 534 3649 Boemie,
568 3570 688 3635 nostris
723 3568 1015 3651 predecessoribus,
1050 3569 1274 3652 dinoscuntur,
1312 3569 1356 3636 ita
1381 3582 1412 3630 ea

132 3682 238 3745 onmia
260 3687 293 3747 et
315 3683 443 3763 singula
466 3683 506 3747 de
528 3686 638 3748 nostre
659 3683 749 3764 regie
770 3683 950 3748 maiestatis
973 3681 1107 3749 iusticia
1124 3683 1331 3765 presentibus
1352 3696 1412 3746 con·

130 3793 301 3860 firmamus.
348 3796 432 3861 Sane
462 3796 730 3878 quemadmodum
755 3796 865 3878 judex,
891 3796 994 3879 jurati
1025 3814 1064 3863 ac
1086 3795 1173 3862 dicte
1195 3796 1341 3863 ciuitatis
1359 3810 1413 3861 me·

130 3909 227 3973 liores
263 3928 297 3974 se
331 3909 459 3974 nomime
493 3910 597 3975 tocius
632 3908 856 3975 uniuersitatis
894 3909 1016 3974 ciuium
1049 3909 1170 3976 nostris
1204 3906 1415 3994 conspectibus

131 4022 303 4087 seruilibus
327 4028 359 4087 et
381 4022 583 4105 obsequiosis
606 4022 862 4088 exhibitionibus
886 4027 1122 4105 presentarunt,
1145 4022 1195 4088 ita
1208 4024 1302 4090 iuxta
1319 4025 1415 4089 nostre

129 4137 314 4201 serenitatis
336 4136 490 4218 pietatem
513 4136 648 4217 dignum
670 4155 847 4216 censemus,
881 4139 916 4200 vt
937 4135 978 4201 de
1000 4140 1110 4203 nostre
1134 4135 1343 4203 liberalitatis
1363 4132 1417 4200 ool·

131 4249 272 4313 situdine
295 4250 381 4314 dicte
404 4250 548 4314 ciuitatis
579 4255 687 4315 nostre
718 4249 807 4315 ciues
838 4248 1027 4331 specialium
1056 4248 1309 4332 priuilegiorum
1336 4245 1417 4315 donis

127 4362 159 4424 in
191 4364 259 4426 suris
290 4362 494 4427 libertatibus
521 4362 722 4443 amplientur.
769 4362 904 4429 Juribus
933 4362 1035 4446 igitur
1067 4380 1179 4429 eorum
1208 4362 1366 4446 predictis
1392 4365 1420 4426 et

127 4475 245 4553 graciis
268 4475 308 4539 de
331 4483 440 4541 nostre
462 4476 667 4541 liberalitatis
690 4475 934 4559 magnificencia
953 4476 1122 4558 adicimus,
1145 4475 1242 4560 qnod,
1267 4477 1298 4543 si
1320 4477 1420 4560 aliquo

126 4605 202 4651 casu
226 4588 426 4669 contingeret
459 4607 527 4669 nos,
551 4589 685 4655 heredes
708 4597 765 4656 aut
788 4608 991 4657 successores
1020 4595 1149 4658 nostros
1175 4589 1361 4673 predictam
1381 4590 1422 4657 ci·
