3098 5392
703 455 778 506 ¹³4⁸·
1313 454 1376 523 xor

113 658 186 740 beck
207 660 291 741 sitis,
315 660 349 726 in
372 662 506 728 ciuitate
537 668 649 730 nostra
669 663 775 747 Pyesk
804 663 971 730 dumtaxat
992 670 1025 730 et
1047 682 1204 745 nusquam
1227 665 1306 731 alibi
1328 666 1376 731 sal

113 787 187 838 mere
207 773 346 841 debeant
367 780 401 840 et
422 795 617 859 comparare,
640 783 737 859 prout
750 797 860 845 rerum
876 797 1006 845 suarum
1029 778 1201 860 dispendia
1215 779 1377 845 voluerint

113 885 212 952 euitare.
257 887 347 969 Item,
371 889 529 971 volumus,
562 894 600 955 ut
622 909 731 958 omnes
755 896 787 957 et
817 891 946 976 singuli,
980 891 1106 974 quide
1138 892 1232 958 siluis
1254 893 1374 958 nostris

113 996 424 1068 :bennadiaeentibus
454 1003 541 1069 dicte
570 1004 698 1070 ciuitati
728 1005 817 1088 ligna
849 1004 940 1071 arida
970 1006 1023 1071 uel
1046 1006 1133 1072 sicca
1154 1007 1188 1071 in
1208 1004 1295 1088 bigis
1319 1023 1377 1071 seu

113 1114 183 1178 urus
210 1115 350 1197 propriis
373 1116 407 1180 in
433 1117 581 1197 personis
611 1117 735 1183 ducunt
756 1118 809 1183 uel
832 1119 865 1183 in
887 1118 1030 1183 humeris
1064 1119 1208 1200 ipsorum
1237 1122 1376 1200 portant,

113 1220 274 1293 lorrestan'is
294 1234 327 1294 et
342 1229 479 1295 siluanis
497 1228 597 1295 nichil
618 1229 748 1311 penitus
764 1231 891 1296 soluere
912 1236 1090 1297 teneantur.
1114 1231 1205 1312 Item,
1223 1232 1370 1298 volumus

113 1340 132 1400 et
148 1338 230 1407 dietis
253 1342 381 1408 ciuibus
403 1344 437 1407 in
460 1343 588 1426 Pyeska
609 1343 824 1426 indulgemus,
847 1349 884 1410 nt
898 1345 962 1427 ipsi
985 1345 1026 1410 de
1047 1345 1202 1428 predictis
1226 1345 1319 1410 siluis
1342 1350 1376 1410 et

113 1454 263 1520 nemoribus
294 1457 414 1523 nostris
448 1457 697 1540 circumquaque
727 1457 948 1526 adiacentibus
979 1477 1079 1542 prope
1109 1459 1274 1525 ciuitatem
1305 1475 1376 1541 pre

113 1561 199 1634 licum
226 1569 318 1635 licite
339 1574 373 1635 et
393 1571 525 1653 impune
552 1571 680 1653 possint
712 1572 871 1640 deducere
901 1578 934 1640 et
962 1571 1123 1640 abducere
1155 1574 1243 1656 ligna
1273 1574 1375 1655 arida,

113 1676 173 1744 uiua
185 1688 214 1748 et
227 1683 369 1765 putrida,
393 1703 455 1765 que
471 1686 586 1767 iacent,
610 1692 642 1753 et
658 1686 698 1753 de
714 1687 857 1769 qualibet
880 1693 1006 1753 carrata
1025 1705 1084 1753 seu
1106 1688 1251 1769 plaustro
1272 1687 1375 1770 ligno·

113 1805 160 1858 run
177 1796 253 1863 duos
276 1798 438 1864 hallenses
460 1816 578 1881 paruos
601 1804 729 1865 monete
752 1801 920 1883 pragensis
944 1819 1002 1865 seu
1024 1800 1147 1866 usualis
1177 1799 1374 1866 forrestariis

113 1906 268 1976 ueiluanis
291 1911 458 1977 dumtaxat
480 1913 606 1979 soluere
627 1918 807 1979 teneantur.
852 1913 943 1994 Item,
966 1914 1113 1979 volumus
1136 1917 1170 1979 et
1191 1913 1374 1994 statuimus,

113 2021 322 2108 etquicunque
352 2026 473 2092 ciuium
504 2044 562 2092 seu
592 2027 769 2093 incolarum
795 2027 836 2093 de
857 2027 985 2111 Pyeslra
1006 2028 1047 2094 de
1068 2026 1172 2092 tribus
1202 2026 1374 2109 generibus

113 2125 239 2210 lignorum
253 2140 433 2205 virencium
449 2157 507 2205 seu
522 2138 708 2221 viridorum,
732 2139 883 2206 videlicet
904 2139 1051 2223 betula¹),
1074 2140 1212 2207 tremulo
1235 2144 1268 2206 et
1289 2141 1373 2220 alno,

113 2251 319 2334 queulgariler
340 2257 567 2334 nuncupantur
588 2253 812 2336 pyrkenholcz,
836 2253 1015 2319 erienholcz
1030 2252 1093 2318 vnd
1117 2253 1317 2335 espenbolcz,
1340 2255 1374 2319 in

113 2360 232 2433 tredan
257 2365 351 2431 siluis
374 2366 408 2431 in
430 2366 511 2446 loco,
542 2364 596 2431 ubi
626 2364 817 2431 forestarius
844 2365 891 2431 eis
924 2364 1100 2447 deputabit,
1131 2364 1298 2433 succidere
1319 2384 1374 2432 vo·

113 2463 198 2543 lucina
211 2484 245 2545 et
259 2479 427 2561 deducere,
455 2479 541 2562 quod
563 2477 604 2545 de
625 2478 770 2563 qualibet
791 2483 917 2546 carrata
940 2497 997 2545 seu
1019 2480 1165 2563 plaustro
1188 2479 1374 2547 huiusmodi

113 2579 237 2666 lignorum
259 2591 305 2658 IV
327 2611 445 2675 paruos
476 2591 637 2658 ballenses
667 2593 824 2675 predictis
854 2593 990 2658 silnanis
1020 2610 1077 2658 sen
1100 2592 1280 2659 forestariis
1311 2593 1374 2659 sol·

113 2712 162 2769 lere
186 2706 353 2772 dumtaxat
381 2705 519 2773 debeant
545 2711 578 2773 et
599 2712 778 2773 teneantur.
823 2707 914 2787 Item,
945 2706 1151 2773 concedimus
1174 2710 1207 2772 et
1228 2707 1374 2788 graciose

113 2817 232 2896 lepelatis
256 2819 382 2886 ciuibus
405 2819 620 2902 indulgemus,
644 2825 680 2886 ut
702 2820 767 2903 ipsi
789 2820 879 2887 ciues
901 2838 939 2885 ac
961 2820 1075 2886 rustici
1097 2823 1131 2884 et
1153 2819 1264 2885 villani
1287 2820 1373 2901 ipso·

113 2941 157 2996 un
183 2951 317 3016 peccora
347 2952 406 2999 sua
428 2953 530 3016 parua
553 2940 586 3000 et
606 2952 722 3016 magna
752 2934 785 2999 in
815 2932 970 3015 predictis
1003 2932 1187 2999 nemoribus
1217 2937 1250 2999 et
1279 2932 1373 2997 siluis

113 3047 197 3112 locris
219 3048 253 3112 in
277 3047 367 3128 locis,
399 3047 455 3114 ubi
477 3046 599 3130 absque
621 3048 759 3129 dampno
789 3044 860 3112 fieri
883 3049 1000 3127 potest,
1029 3046 1119 3111 licite
1141 3050 1174 3111 et
1195 3044 1296 3110 libere
1317 3062 1373 3127 pa·

113 3170 170 3226 uere
190 3163 320 3227 valeant
342 3166 376 3227 et
395 3161 521 3227 nutrire
543 3161 665 3243 absque
694 3161 831 3227 alicuius
862 3160 971 3242 precio
994 3177 1051 3224 seu
1073 3160 1223 3241 pecunie.
1239 3157 1373 3224 dacione

113 3271 128 3331 l
143 3275 298 3342 solucione
328 3293 537 3359 quacumque.
582 3274 736 3340 Volumus
761 3275 863 3340 eciam
886 3278 919 3338 et
941 3273 1112 3338 statuimus
1143 3271 1373 3338 inviolabiliter

113 3378 253 3469 bseruari,
286 3388 371 3469 quod
394 3390 482 3454 ciues
506 3389 650 3471 predicte
680 3388 823 3455 ciuitatis
854 3386 1037 3453 molendina
1065 3385 1220 3451 habentes
1249 3386 1373 3451 nullum

113 3499 206 3567 arins
228 3501 400 3582 hominem,
431 3502 661 3584 cuiuscumque
683 3501 882 3567 condicionis
905 3501 1032 3580 existat,
1065 3501 1184 3582 precio,
1206 3499 1371 3582 peccunia,

113 3614 347 3682 >remissionibus
371 3632 429 3681 seu
451 3614 600 3697 precibus
625 3615 706 3681 clam
729 3615 781 3680 uel
803 3615 909 3696 palam
933 3613 1115 3692 conuenire,
1142 3612 1300 3681 inducere,
1316 3616 1373 3676 aut

113 3723 254 3795 tubernare
276 3728 414 3795 debeant
437 3746 564 3811 quoquo
587 3727 691 3809 modo,
715 3734 752 3793 ut
774 3729 912 3810 aligenis
935 3746 1095 3793 annonam
1118 3745 1210 3791 suam
1231 3726 1285 3790 uel
1306 3723 1372 3789 iru-

113 3847 218 3908 nerum
240 3847 321 3925 aput
335 3862 430 3908 suum
451 3843 669 3909 molendinum
692 3842 876 3907 molendum
891 3847 923 3906 et
938 3843 972 3908 in
986 3840 1124 3906 farinam
1146 3837 1373 3905 conferendum

113 3947 263 4034 liqualiter
278 3956 429 4037 adducat,
445 3957 502 4022 sed
514 3974 770 4039 unumquemque
785 3974 857 4021 cum
870 3974 928 4021 sua
940 3973 1077 4034 annona,
1096 3952 1137 4017 ad
1152 3951 1373 4036 quodcumque

113 4067 296 4136 nolendinum
316 4072 464 4152 voluerit,
487 4072 536 4135 ire
557 4071 658 4136 libere
680 4070 855 4151 permittat.
879 4069 913 4135 Si
930 4070 1002 4150 quis
1018 4087 1094 4135 vero
1117 4071 1228 4132 eontra
1249 4064 1372 4146 iecerit,

113 4178 252 4249 mioribus
276 4185 371 4266 penis
387 4202 445 4249 seu
468 4183 611 4249 emendis
635 4184 724 4248 iuxta
747 4188 870 4247 statuta
892 4182 977 4248 dicte
1000 4182 1145 4247 ciuitatis
1166 4178 1372 4247 irremissibi-

114 4285 157 4357 iler
175 4296 349 4377 subiaceat,
371 4315 451 4380 quas
466 4316 524 4379 pro
539 4302 636 4379 ponte
659 4299 803 4379 ipsorum
826 4303 858 4362 et
876 4296 950 4361 aliis
973 4293 1258 4360 reformacionibus
1272 4304 1372 4375 'sepe-

113 4397 165 4474 liele
192 4410 338 4477 ciuitatis
368 4411 525 4492 applicari
555 4411 757 4477 decernimus
780 4417 813 4476 et
835 4410 988 4475 conuerti.
1034 4409 1124 4475 Nulli
1147 4426 1222 4490 ergo
1248 4407 1372 4473 homini

113 4515 173 4588 icat
200 4525 365 4606 predictas
397 4530 524 4590 nostras
559 4523 820 4590 confirmaciones
852 4529 883 4589 et
913 4522 1039 4605 gracias
1070 4521 1167 4588 dictis
1190 4520 1315 4587 ciuibus
1338 4521 1372 4585 in

113 4637 201 4717 yeska
224 4657 359 4721 pernes
380 4638 559 4704 liberaliter
582 4657 751 4704 concessas
775 4644 808 4703 et
823 4637 965 4703 indultas
989 4635 1164 4720 infringere
1185 4640 1243 4701 aut
1261 4639 1373 4701 contra
