<?xml version="1.0" encoding="UTF-8"?>
<!DOCTYPE html PUBLIC "-//W3C//DTD XHTML 1.0 Transitional//EN"
    "http://www.w3.org/TR/xhtml1/DTD/xhtml1-transitional.dtd">
<html xmlns="http://www.w3.org/1999/xhtml" xml:lang="en" lang="en">
 <head>
  <title>
</title>
<meta http-equiv="Content-Type" content="text/html;charset=utf-8" />
  <meta name='ocr-system' content='tesseract 3.04.00' />
  <meta name='ocr-capabilities' content='ocr_page ocr_carea ocr_par ocr_line ocrx_word'/>
</head>
<body>
  <div class='ocr_page' id='page_1' title='image "./sbrkapramenprva01kingoog/sbrkapramenprva01kingoog_0728.png"; bbox 0 0 3150 5378; ppageno 0'>
   <div class='ocr_carea' id='block_1_1' title="bbox 222 422 919 488">
    <p class='ocr_par' dir='ltr' id='par_1_1' title="bbox 222 422 919 488">
     <span class='ocr_line' id='line_1_1' title="bbox 222 422 919 488; baseline -0.023 0"><span class='ocrx_word' id='word_1_1' title='bbox 222 422 288 488; x_wconf 84' lang='grc'>694</span> <span class='ocrx_word' id='word_1_2' title='bbox 844 422 919 477; x_wconf 87' lang='lat' dir='ltr'>rere.</span> 
     </span>
    </p>
   </div>
   <div class='ocr_carea' id='block_1_2' title="bbox 218 643 1515 3221">
    <p class='ocr_par' dir='ltr' id='par_1_2' title="bbox 218 643 1515 3221">
     <span class='ocr_line' id='line_1_2' title="bbox 220 643 1511 730; baseline -0.001 -15"><span class='ocrx_word' id='word_1_3' title='bbox 220 650 302 717; x_wconf 82' lang='lat' dir='ltr'>liure</span> <span class='ocrx_word' id='word_1_4' title='bbox 325 648 506 730; x_wconf 82' lang='lat' dir='ltr'>ubicunque</span> <span class='ocrx_word' id='word_1_5' title='bbox 528 647 658 715; x_wconf 88' lang='lat' dir='ltr'>situatis</span> <span class='ocrx_word' id='word_1_6' title='bbox 682 653 714 714; x_wconf 91' lang='lat' dir='ltr'>et</span> <span class='ocrx_word' id='word_1_7' title='bbox 728 648 768 714; x_wconf 88' lang='lat' dir='ltr'>ab</span> <span class='ocrx_word' id='word_1_8' title='bbox 781 649 859 715; x_wconf 92' lang='lat' dir='ltr'>olim</span> <span class='ocrx_word' id='word_1_9' title='bbox 880 648 944 714; x_wconf 85' lang='lat' dir='ltr'>rite</span> <span class='ocrx_word' id='word_1_10' title='bbox 965 665 1028 714; x_wconf 94' lang='lat' dir='ltr'>non</span> <span class='ocrx_word' id='word_1_11' title='bbox 1051 646 1191 713; x_wconf 88' lang='lat' dir='ltr'>seruatis</span> <span class='ocrx_word' id='word_1_12' title='bbox 1212 643 1254 712; x_wconf 88' lang='lat' dir='ltr'>ad</span> <span class='ocrx_word' id='word_1_13' title='bbox 1273 644 1369 712; x_wconf 86' lang='lat' dir='ltr'>villas</span> <span class='ocrx_word' id='word_1_14' title='bbox 1392 650 1427 713; x_wconf 87' lang='lat' dir='ltr'>et</span> <span class='ocrx_word' id='word_1_15' title='bbox 1446 645 1511 714; x_wconf 86' lang='lat' dir='ltr'>loca</span> 
     </span>
     <span class='ocr_line' id='line_1_3' title="bbox 220 759 1513 844; baseline 0.001 -18"><span class='ocrx_word' id='word_1_16' title='bbox 220 761 307 828; x_wconf 87' lang='lat' dir='ltr'>inira</span> <span class='ocrx_word' id='word_1_17' title='bbox 329 759 489 844; x_wconf 85' lang='lat' dir='ltr'>prelatum</span> <span class='ocrx_word' id='word_1_18' title='bbox 512 761 657 843; x_wconf 80' lang='lat' dir='ltr'>spacium</span> <span class='ocrx_word' id='word_1_19' title='bbox 687 762 825 828; x_wconf 82' lang='lat' dir='ltr'>situatas</span> <span class='ocrx_word' id='word_1_20' title='bbox 859 779 917 827; x_wconf 92' lang='lat' dir='ltr'>seu</span> <span class='ocrx_word' id='word_1_21' title='bbox 940 761 1060 827; x_wconf 90' lang='lat' dir='ltr'>situata</span> <span class='ocrx_word' id='word_1_22' title='bbox 1088 759 1232 826; x_wconf 81' lang='lat' dir='ltr'><strong>brasium</strong></span> <span class='ocrx_word' id='word_1_23' title='bbox 1262 764 1322 825; x_wconf 88' lang='lat' dir='ltr'>aut</span> <span class='ocrx_word' id='word_1_24' title='bbox 1344 760 1513 827; x_wconf 70' lang='lat' dir='ltr'>ceremiam</span> 
     </span>
     <span class='ocr_line' id='line_1_4' title="bbox 222 872 1512 958; baseline -0.004 -17"><span class='ocrx_word' id='word_1_25' title='bbox 222 875 384 942; x_wconf 75' lang='lat' dir='ltr'>adducere</span> <span class='ocrx_word' id='word_1_26' title='bbox 398 894 457 942; x_wconf 91' lang='lat' dir='ltr'>seu</span> <span class='ocrx_word' id='word_1_27' title='bbox 472 874 620 958; x_wconf 78' lang='lat' dir='ltr'><strong>cuiquam</strong></span> <span class='ocrx_word' id='word_1_28' title='bbox 636 874 755 941; x_wconf 93' lang='lat' dir='ltr'>ibidem</span> <span class='ocrx_word' id='word_1_29' title='bbox 778 875 916 941; x_wconf 89' lang='lat' dir='ltr'>vendere</span> <span class='ocrx_word' id='word_1_30' title='bbox 938 874 1121 939; x_wconf 88' lang='lat' dir='ltr'>nullatenus</span> <span class='ocrx_word' id='word_1_31' title='bbox 1143 872 1249 956; x_wconf 86' lang='lat' dir='ltr'>possit</span> <span class='ocrx_word' id='word_1_32' title='bbox 1270 876 1329 937; x_wconf 88' lang='lat' dir='ltr'>aut</span> <span class='ocrx_word' id='word_1_33' title='bbox 1351 872 1469 939; x_wconf 85' lang='lat' dir='ltr'>debeat</span> <span class='ocrx_word' id='word_1_34' title='bbox 1482 874 1512 938; x_wconf 94' lang='lat' dir='ltr'>in</span> 
     </span>
     <span class='ocr_line' id='line_1_5' title="bbox 220 984 1512 1069; baseline -0.001 -16"><span class='ocrx_word' id='word_1_35' title='bbox 220 988 379 1055; x_wconf 89' lang='lat' dir='ltr'>dictarum</span> <span class='ocrx_word' id='word_1_36' title='bbox 403 988 571 1053; x_wconf 89' lang='lat' dir='ltr'>ciuitatum</span> <span class='ocrx_word' id='word_1_37' title='bbox 604 987 818 1069; x_wconf 86' lang='lat' dir='ltr'>preludicium</span> <span class='ocrx_word' id='word_1_38' title='bbox 850 992 908 1053; x_wconf 92' lang='lat' dir='ltr'>aut</span> <span class='ocrx_word' id='word_1_39' title='bbox 929 987 1103 1064; x_wconf 86' lang='lat' dir='ltr'>iecturam;</span> <span class='ocrx_word' id='word_1_40' title='bbox 1137 984 1288 1068; x_wconf 90' lang='lat' dir='ltr'>quodque</span> <span class='ocrx_word' id='word_1_41' title='bbox 1309 985 1395 1051; x_wconf 92' lang='lat' dir='ltr'>nulli</span> <span class='ocrx_word' id='word_1_42' title='bbox 1416 984 1512 1065; x_wconf 78' lang='lat' dir='ltr'>labro,</span> 
     </span>
     <span class='ocr_line' id='line_1_6' title="bbox 223 1098 1513 1185; baseline -0.001 -19"><span class='ocrx_word' id='word_1_43' title='bbox 223 1101 349 1184; x_wconf 88' lang='lat' dir='ltr'>pistori,</span> <span class='ocrx_word' id='word_1_44' title='bbox 380 1102 492 1181; x_wconf 91' lang='lat' dir='ltr'>sutori,</span> <span class='ocrx_word' id='word_1_45' title='bbox 523 1102 639 1167; x_wconf 89' lang='lat' dir='ltr'>sartori</span> <span class='ocrx_word' id='word_1_46' title='bbox 673 1107 730 1167; x_wconf 91' lang='lat' dir='ltr'>aut</span> <span class='ocrx_word' id='word_1_47' title='bbox 757 1102 893 1167; x_wconf 87' lang='lat' dir='ltr'>alterius</span> <span class='ocrx_word' id='word_1_48' title='bbox 923 1101 1030 1185; x_wconf 90' lang='lat' dir='ltr'>operis</span> <span class='ocrx_word' id='word_1_49' title='bbox 1060 1098 1246 1167; x_wconf 81' lang='lat' dir='ltr'>mechanico</span> <span class='ocrx_word' id='word_1_50' title='bbox 1268 1116 1328 1165; x_wconf 91' lang='lat' dir='ltr'>seu</span> <span class='ocrx_word' id='word_1_51' title='bbox 1358 1100 1513 1182; x_wconf 82' lang='lat' dir='ltr'>opererio,</span> 
     </span>
     <span class='ocr_line' id='line_1_7' title="bbox 220 1209 1515 1299; baseline -0.002 -18"><span class='ocrx_word' id='word_1_52' title='bbox 220 1215 440 1299; x_wconf 91' lang='lat' dir='ltr'>cuiuscunque</span> <span class='ocrx_word' id='word_1_53' title='bbox 461 1214 663 1282; x_wconf 88' lang='lat' dir='ltr'>condicionis</span> <span class='ocrx_word' id='word_1_54' title='bbox 682 1216 810 1295; x_wconf 85' lang='lat' dir='ltr'>existat,</span> <span class='ocrx_word' id='word_1_55' title='bbox 833 1214 918 1281; x_wconf 86' lang='lat' dir='ltr'>inira</span> <span class='ocrx_word' id='word_1_56' title='bbox 933 1213 1055 1281; x_wconf 94' lang='lat' dir='ltr'>dictum</span> <span class='ocrx_word' id='word_1_57' title='bbox 1075 1212 1203 1279; x_wconf 81' lang='lat' dir='ltr'>miliare</span> <span class='ocrx_word' id='word_1_58' title='bbox 1223 1209 1402 1279; x_wconf 81' lang='lat' dir='ltr'>artificium</span> <span class='ocrx_word' id='word_1_59' title='bbox 1424 1230 1515 1278; x_wconf 91' lang='lat' dir='ltr'>suum</span> 
     </span>
     <span class='ocr_line' id='line_1_8' title="bbox 220 1324 1515 1410; baseline -0.001 -18"><span class='ocrx_word' id='word_1_60' title='bbox 220 1326 318 1393; x_wconf 89' lang='lat' dir='ltr'>liceat</span> <span class='ocrx_word' id='word_1_61' title='bbox 350 1327 385 1392; x_wconf 95' lang='lat' dir='ltr'>in</span> <span class='ocrx_word' id='word_1_62' title='bbox 407 1327 567 1392; x_wconf 90' lang='lat' dir='ltr'>dictarum</span> <span class='ocrx_word' id='word_1_63' title='bbox 589 1327 758 1393; x_wconf 88' lang='lat' dir='ltr'>ciuitatum</span> <span class='ocrx_word' id='word_1_64' title='bbox 779 1326 995 1410; x_wconf 89' lang='lat' dir='ltr'>preiudicium</span> <span class='ocrx_word' id='word_1_65' title='bbox 1017 1344 1175 1407; x_wconf 85' lang='lat' dir='ltr'>exerrare,</span> <span class='ocrx_word' id='word_1_66' title='bbox 1207 1324 1310 1392; x_wconf 79' lang='lat' dir='ltr'>labris</span> <span class='ocrx_word' id='word_1_67' title='bbox 1332 1330 1444 1392; x_wconf 87' lang='lat' dir='ltr'>tamen</span> <span class='ocrx_word' id='word_1_68' title='bbox 1465 1345 1515 1391; x_wconf 91' lang='lat' dir='ltr'>ru·</span> 
     </span>
     <span class='ocr_line' id='line_1_9' title="bbox 220 1438 1513 1523; baseline -0.002 -19"><span class='ocrx_word' id='word_1_69' title='bbox 220 1439 354 1521; x_wconf 87' lang='lat' dir='ltr'>ralibus,</span> <span class='ocrx_word' id='word_1_70' title='bbox 378 1441 449 1506; x_wconf 90' lang='lat' dir='ltr'>sine</span> <span class='ocrx_word' id='word_1_71' title='bbox 472 1439 588 1522; x_wconf 91' lang='lat' dir='ltr'>quibus</span> <span class='ocrx_word' id='word_1_72' title='bbox 611 1439 688 1506; x_wconf 87' lang='lat' dir='ltr'>ville</span> <span class='ocrx_word' id='word_1_73' title='bbox 709 1440 835 1507; x_wconf 88' lang='lat' dir='ltr'>rurales</span> <span class='ocrx_word' id='word_1_74' title='bbox 856 1459 915 1523; x_wconf 92' lang='lat' dir='ltr'>pro</span> <span class='ocrx_word' id='word_1_75' title='bbox 930 1439 1125 1506; x_wconf 80' lang='lat' dir='ltr'>necessitate</span> <span class='ocrx_word' id='word_1_76' title='bbox 1146 1456 1304 1522; x_wconf 92' lang='lat' dir='ltr'>equorum</span> <span class='ocrx_word' id='word_1_77' title='bbox 1326 1444 1361 1505; x_wconf 85' lang='lat' dir='ltr'>et</span> <span class='ocrx_word' id='word_1_78' title='bbox 1374 1438 1513 1505; x_wconf 80' lang='lat' dir='ltr'>araturis</span> 
     </span>
     <span class='ocr_line' id='line_1_10' title="bbox 222 1553 1514 1639; baseline -0.001 -20"><span class='ocrx_word' id='word_1_79' title='bbox 222 1553 400 1620; x_wconf 78' lang='lat' dir='ltr'>subsistere</span> <span class='ocrx_word' id='word_1_80' title='bbox 433 1554 596 1622; x_wconf 91' lang='lat' dir='ltr'>commode</span> <span class='ocrx_word' id='word_1_81' title='bbox 629 1574 693 1621; x_wconf 91' lang='lat' dir='ltr'>non</span> <span class='ocrx_word' id='word_1_82' title='bbox 719 1561 864 1639; x_wconf 86' lang='lat' dir='ltr'>possunt,</span> <span class='ocrx_word' id='word_1_83' title='bbox 898 1553 1051 1637; x_wconf 85' lang='lat' dir='ltr'>exceptis.</span> <span class='ocrx_word' id='word_1_84' title='bbox 1096 1554 1219 1620; x_wconf 82' lang='lat' dir='ltr'>Dentes</span> <span class='ocrx_word' id='word_1_85' title='bbox 1241 1553 1365 1619; x_wconf 83' lang='lat' dir='ltr'>virtute</span> <span class='ocrx_word' id='word_1_86' title='bbox 1387 1571 1514 1636; x_wconf 90' lang='lat' dir='ltr'>presen-</span> 
     </span>
     <span class='ocr_line' id='line_1_11' title="bbox 220 1664 1514 1750; baseline 0 -19"><span class='ocrx_word' id='word_1_87' title='bbox 220 1665 305 1732; x_wconf 91' lang='lat' dir='ltr'>cium</span> <span class='ocrx_word' id='word_1_88' title='bbox 322 1666 498 1749; x_wconf 89' lang='lat' dir='ltr'>judicibus,</span> <span class='ocrx_word' id='word_1_89' title='bbox 522 1666 673 1748; x_wconf 82' lang='lat' dir='ltr'>scabinis,</span> <span class='ocrx_word' id='word_1_90' title='bbox 699 1667 818 1749; x_wconf 90' lang='lat' dir='ltr'>juratis</span> <span class='ocrx_word' id='word_1_91' title='bbox 849 1672 882 1733; x_wconf 93' lang='lat' dir='ltr'>et</span> <span class='ocrx_word' id='word_1_92' title='bbox 903 1667 1019 1734; x_wconf 90' lang='lat' dir='ltr'>incolis</span> <span class='ocrx_word' id='word_1_93' title='bbox 1041 1664 1199 1733; x_wconf 85' lang='lat' dir='ltr'>dictarum</span> <span class='ocrx_word' id='word_1_94' title='bbox 1231 1666 1418 1746; x_wconf 85' lang='lat' dir='ltr'>ciuitatum,</span> <span class='ocrx_word' id='word_1_95' title='bbox 1447 1684 1514 1750; x_wconf 76' lang='lat' dir='ltr'>pre</span> 
     </span>
     <span class='ocr_line' id='line_1_12' title="bbox 220 1777 1512 1861; baseline -0.002 -15"><span class='ocrx_word' id='word_1_96' title='bbox 220 1779 366 1847; x_wconf 88' lang='lat' dir='ltr'>sentibus</span> <span class='ocrx_word' id='word_1_97' title='bbox 389 1784 422 1844; x_wconf 93' lang='lat' dir='ltr'>et</span> <span class='ocrx_word' id='word_1_98' title='bbox 443 1779 571 1859; x_wconf 87' lang='lat' dir='ltr'>futuris,</span> <span class='ocrx_word' id='word_1_99' title='bbox 605 1780 774 1846; x_wconf 81' lang='lat' dir='ltr'>licenciam</span> <span class='ocrx_word' id='word_1_100' title='bbox 796 1785 830 1845; x_wconf 88' lang='lat' dir='ltr'>et</span> <span class='ocrx_word' id='word_1_101' title='bbox 851 1783 1043 1861; x_wconf 89' lang='lat' dir='ltr'>potestatem</span> <span class='ocrx_word' id='word_1_102' title='bbox 1066 1777 1281 1846; x_wconf 88' lang='lat' dir='ltr'>omnimodam</span> <span class='ocrx_word' id='word_1_103' title='bbox 1310 1778 1512 1857; x_wconf 86' lang='lat' dir='ltr'>brasiatoria,</span> 
     </span>
     <span class='ocr_line' id='line_1_13' title="bbox 220 1890 1514 1975; baseline -0.002 -15"><span class='ocrx_word' id='word_1_104' title='bbox 220 1893 412 1972; x_wconf 84' lang='lat' dir='ltr'>braxatoria,</span> <span class='ocrx_word' id='word_1_105' title='bbox 435 1891 597 1972; x_wconf 87' lang='lat' dir='ltr'>tabernas,</span> <span class='ocrx_word' id='word_1_106' title='bbox 613 1892 815 1958; x_wconf 91' lang='lat' dir='ltr'>mechenices</span> <span class='ocrx_word' id='word_1_107' title='bbox 838 1897 872 1957; x_wconf 90' lang='lat' dir='ltr'>et</span> <span class='ocrx_word' id='word_1_108' title='bbox 886 1891 1050 1975; x_wconf 88' lang='lat' dir='ltr'>operarios</span> <span class='ocrx_word' id='word_1_109' title='bbox 1066 1890 1251 1957; x_wconf 88' lang='lat' dir='ltr'>huiusmodi</span> <span class='ocrx_word' id='word_1_110' title='bbox 1274 1891 1388 1958; x_wconf 88' lang='lat' dir='ltr'>statim</span> <span class='ocrx_word' id='word_1_111' title='bbox 1408 1891 1514 1974; x_wconf 89' lang='lat' dir='ltr'>elapso</span> 
     </span>
     <span class='ocr_line' id='line_1_14' title="bbox 218 2001 1511 2089; baseline -0.003 -16"><span class='ocrx_word' id='word_1_112' title='bbox 218 2007 317 2073; x_wconf 92' lang='lat' dir='ltr'>trium</span> <span class='ocrx_word' id='word_1_113' title='bbox 339 2003 589 2071; x_wconf 85' lang='lat' dir='ltr'>ebdomadarum</span> <span class='ocrx_word' id='word_1_114' title='bbox 603 2007 721 2088; x_wconf 92' lang='lat' dir='ltr'>spacio,</span> <span class='ocrx_word' id='word_1_115' title='bbox 745 2010 914 2089; x_wconf 87' lang='lat' dir='ltr'>postquam</span> <span class='ocrx_word' id='word_1_116' title='bbox 935 2006 996 2071; x_wconf 89' lang='lat' dir='ltr'>boc</span> <span class='ocrx_word' id='word_1_117' title='bbox 1018 2006 1051 2071; x_wconf 93' lang='lat' dir='ltr'>in</span> <span class='ocrx_word' id='word_1_118' title='bbox 1067 2004 1164 2071; x_wconf 91' lang='lat' dir='ltr'>dictis</span> <span class='ocrx_word' id='word_1_119' title='bbox 1180 2001 1370 2071; x_wconf 81' lang='lat' dir='ltr'>ciuitatibus</span> <span class='ocrx_word' id='word_1_120' title='bbox 1386 2010 1422 2071; x_wconf 91' lang='lat' dir='ltr'>et</span> <span class='ocrx_word' id='word_1_121' title='bbox 1435 2005 1511 2072; x_wconf 88' lang='lat' dir='ltr'>locis</span> 
     </span>
     <span class='ocr_line' id='line_1_15' title="bbox 219 2115 1512 2201; baseline -0.003 -16"><span class='ocrx_word' id='word_1_122' title='bbox 219 2118 457 2185; x_wconf 82' lang='lat' dir='ltr'>circumvicinis</span> <span class='ocrx_word' id='word_1_123' title='bbox 479 2118 606 2200; x_wconf 90' lang='lat' dir='ltr'>publice</span> <span class='ocrx_word' id='word_1_124' title='bbox 627 2120 859 2201; x_wconf 88' lang='lat' dir='ltr'>proclamatum</span> <span class='ocrx_word' id='word_1_125' title='bbox 880 2117 987 2199; x_wconf 85' lang='lat' dir='ltr'>luerit,</span> <span class='ocrx_word' id='word_1_126' title='bbox 1018 2117 1205 2185; x_wconf 91' lang='lat' dir='ltr'>remouendi</span> <span class='ocrx_word' id='word_1_127' title='bbox 1237 2122 1271 2183; x_wconf 92' lang='lat' dir='ltr'>et</span> <span class='ocrx_word' id='word_1_128' title='bbox 1300 2115 1512 2185; x_wconf 81' lang='lat' dir='ltr'>effectualiter</span> 
     </span>
     <span class='ocr_line' id='line_1_16' title="bbox 219 2230 1512 2316; baseline 0.002 -20"><span class='ocrx_word' id='word_1_129' title='bbox 219 2231 418 2315; x_wconf 91' lang='lat' dir='ltr'>probibendi.</span> <span class='ocrx_word' id='word_1_130' title='bbox 464 2231 655 2298; x_wconf 84' lang='lat' dir='ltr'>Mandemus</span> <span class='ocrx_word' id='word_1_131' title='bbox 689 2233 790 2315; x_wconf 81' lang='lat' dir='ltr'>igitur</span> <span class='ocrx_word' id='word_1_132' title='bbox 811 2233 973 2299; x_wconf 84' lang='lat' dir='ltr'>uniuersis</span> <span class='ocrx_word' id='word_1_133' title='bbox 1007 2236 1040 2298; x_wconf 92' lang='lat' dir='ltr'>et</span> <span class='ocrx_word' id='word_1_134' title='bbox 1073 2231 1211 2314; x_wconf 84' lang='lat' dir='ltr'>singulis</span> <span class='ocrx_word' id='word_1_135' title='bbox 1240 2230 1430 2316; x_wconf 81' lang='lat' dir='ltr'>baronibus,</span> <span class='ocrx_word' id='word_1_136' title='bbox 1462 2251 1512 2315; x_wconf 84' lang='lat' dir='ltr'>po</span> 
     </span>
     <span class='ocr_line' id='line_1_17' title="bbox 220 2344 1510 2429; baseline 0.001 -20"><span class='ocrx_word' id='word_1_137' title='bbox 220 2344 469 2427; x_wconf 82' lang='lat' dir='ltr'>prauczonibus,</span> <span class='ocrx_word' id='word_1_138' title='bbox 492 2346 732 2427; x_wconf 84' lang='lat' dir='ltr'>uladiconibus,</span> <span class='ocrx_word' id='word_1_139' title='bbox 754 2345 970 2429; x_wconf 81' lang='lat' dir='ltr'>burggrauiis,</span> <span class='ocrx_word' id='word_1_140' title='bbox 994 2344 1185 2412; x_wconf 88' lang='lat' dir='ltr'>officialibus</span> <span class='ocrx_word' id='word_1_141' title='bbox 1208 2350 1242 2412; x_wconf 91' lang='lat' dir='ltr'>et</span> <span class='ocrx_word' id='word_1_142' title='bbox 1255 2346 1375 2413; x_wconf 90' lang='lat' dir='ltr'>ceteris</span> <span class='ocrx_word' id='word_1_143' title='bbox 1394 2346 1510 2414; x_wconf 87' lang='lat' dir='ltr'>nostris</span> 
     </span>
     <span class='ocr_line' id='line_1_18' title="bbox 221 2457 1509 2542; baseline 0.002 -19"><span class='ocrx_word' id='word_1_144' title='bbox 221 2462 254 2523; x_wconf 93' lang='lat' dir='ltr'>et</span> <span class='ocrx_word' id='word_1_145' title='bbox 274 2459 367 2541; x_wconf 87' lang='lat' dir='ltr'>regni</span> <span class='ocrx_word' id='word_1_146' title='bbox 389 2457 523 2524; x_wconf 90' lang='lat' dir='ltr'>Boemie</span> <span class='ocrx_word' id='word_1_147' title='bbox 544 2457 703 2541; x_wconf 88' lang='lat' dir='ltr'>fidelibus,</span> <span class='ocrx_word' id='word_1_148' title='bbox 726 2478 784 2542; x_wconf 92' lang='lat' dir='ltr'>pro</span> <span class='ocrx_word' id='word_1_149' title='bbox 805 2465 949 2542; x_wconf 92' lang='lat' dir='ltr'>tempore</span> <span class='ocrx_word' id='word_1_150' title='bbox 971 2476 1029 2542; x_wconf 90' lang='lat' dir='ltr'>per</span> <span class='ocrx_word' id='word_1_151' title='bbox 1049 2457 1248 2541; x_wconf 82' lang='lat' dir='ltr'>prelatamm</span> <span class='ocrx_word' id='word_1_152' title='bbox 1270 2458 1444 2526; x_wconf 82' lang='lat' dir='ltr'>ciuitatum</span> <span class='ocrx_word' id='word_1_153' title='bbox 1465 2459 1509 2526; x_wconf 91' lang='lat' dir='ltr'>di·</span> 
     </span>
     <span class='ocr_line' id='line_1_19' title="bbox 222 2571 1509 2656; baseline 0.002 -19"><span class='ocrx_word' id='word_1_154' title='bbox 222 2573 354 2638; x_wconf 90' lang='lat' dir='ltr'>strictus</span> <span class='ocrx_word' id='word_1_155' title='bbox 388 2571 523 2639; x_wconf 84' lang='lat' dir='ltr'>ubilibet</span> <span class='ocrx_word' id='word_1_156' title='bbox 552 2574 747 2654; x_wconf 83' lang='lat' dir='ltr'>constitutis,</span> <span class='ocrx_word' id='word_1_157' title='bbox 780 2578 938 2656; x_wconf 85' lang='lat' dir='ltr'>quatenus</span> <span class='ocrx_word' id='word_1_158' title='bbox 961 2578 1073 2640; x_wconf 87' lang='lat' dir='ltr'>contra</span> <span class='ocrx_word' id='word_1_159' title='bbox 1106 2572 1337 2639; x_wconf 89' lang='lat' dir='ltr'>inhibicionem</span> <span class='ocrx_word' id='word_1_160' title='bbox 1369 2578 1509 2640; x_wconf 82' lang='lat' dir='ltr'>nostrum</span> 
     </span>
     <span class='ocr_line' id='line_1_20' title="bbox 225 2685 1512 2770; baseline 0.001 -19"><span class='ocrx_word' id='word_1_161' title='bbox 225 2685 411 2752; x_wconf 88' lang='lat' dir='ltr'>huiusmodi</span> <span class='ocrx_word' id='word_1_162' title='bbox 433 2685 533 2752; x_wconf 91' lang='lat' dir='ltr'>nichil</span> <span class='ocrx_word' id='word_1_163' title='bbox 556 2687 686 2769; x_wconf 91' lang='lat' dir='ltr'>penitus</span> <span class='ocrx_word' id='word_1_164' title='bbox 708 2691 901 2770; x_wconf 87' lang='lat' dir='ltr'>attemptare</span> <span class='ocrx_word' id='word_1_165' title='bbox 921 2691 1118 2770; x_wconf 88' lang='lat' dir='ltr'>presumant,</span> <span class='ocrx_word' id='word_1_166' title='bbox 1141 2686 1220 2770; x_wconf 92' lang='lat' dir='ltr'>quin</span> <span class='ocrx_word' id='word_1_167' title='bbox 1233 2685 1359 2769; x_wconf 89' lang='lat' dir='ltr'>pocius,</span> <span class='ocrx_word' id='word_1_168' title='bbox 1386 2686 1512 2754; x_wconf 86' lang='lat' dir='ltr'>dumet</span> 
     </span>
     <span class='ocr_line' id='line_1_21' title="bbox 223 2798 1512 2883; baseline 0 -18"><span class='ocrx_word' id='word_1_169' title='bbox 223 2800 377 2883; x_wconf 88' lang='lat' dir='ltr'>quociens</span> <span class='ocrx_word' id='word_1_170' title='bbox 392 2798 597 2882; x_wconf 87' lang='lat' dir='ltr'>presentibus</span> <span class='ocrx_word' id='word_1_171' title='bbox 613 2817 711 2882; x_wconf 92' lang='lat' dir='ltr'>super</span> <span class='ocrx_word' id='word_1_172' title='bbox 733 2818 770 2866; x_wconf 92' lang='lat' dir='ltr'>eo</span> <span class='ocrx_word' id='word_1_173' title='bbox 785 2800 936 2881; x_wconf 92' lang='lat' dir='ltr'>requisiti</span> <span class='ocrx_word' id='word_1_174' title='bbox 947 2798 1070 2866; x_wconf 87' lang='lat' dir='ltr'>luerint</span> <span class='ocrx_word' id='word_1_175' title='bbox 1083 2799 1123 2864; x_wconf 90' lang='lat' dir='ltr'>ad</span> <span class='ocrx_word' id='word_1_176' title='bbox 1135 2798 1206 2881; x_wconf 91' lang='lat' dir='ltr'>boc,</span> <span class='ocrx_word' id='word_1_177' title='bbox 1227 2803 1264 2864; x_wconf 82' lang='lat' dir='ltr'>vt</span> <span class='ocrx_word' id='word_1_178' title='bbox 1276 2798 1393 2866; x_wconf 88' lang='lat' dir='ltr'>eadem</span> <span class='ocrx_word' id='word_1_179' title='bbox 1407 2805 1512 2867; x_wconf 85' lang='lat' dir='ltr'>nostre</span> 
     </span>
     <span class='ocr_line' id='line_1_22' title="bbox 223 2909 1508 2993; baseline 0.002 -16"><span class='ocrx_word' id='word_1_180' title='bbox 223 2911 377 2979; x_wconf 91' lang='lat' dir='ltr'>inhibicio</span> <span class='ocrx_word' id='word_1_181' title='bbox 399 2911 543 2978; x_wconf 89' lang='lat' dir='ltr'>debitum</span> <span class='ocrx_word' id='word_1_182' title='bbox 566 2912 725 2978; x_wconf 89' lang='lat' dir='ltr'>sorciatur</span> <span class='ocrx_word' id='word_1_183' title='bbox 747 2909 904 2993; x_wconf 86' lang='lat' dir='ltr'>effectum,</span> <span class='ocrx_word' id='word_1_184' title='bbox 928 2911 1025 2978; x_wconf 90' lang='lat' dir='ltr'>dictis</span> <span class='ocrx_word' id='word_1_185' title='bbox 1049 2910 1237 2979; x_wconf 88' lang='lat' dir='ltr'>ciuitatibus</span> <span class='ocrx_word' id='word_1_186' title='bbox 1259 2916 1294 2978; x_wconf 89' lang='lat' dir='ltr'>et</span> <span class='ocrx_word' id='word_1_187' title='bbox 1314 2930 1430 2980; x_wconf 83' lang='lat' dir='ltr'>earum</span> <span class='ocrx_word' id='word_1_188' title='bbox 1451 2912 1508 2980; x_wconf 80' lang='lat' dir='ltr'>cui·</span> 
     </span>
     <span class='ocr_line' id='line_1_23' title="bbox 220 3023 1510 3108; baseline 0.002 -17"><span class='ocrx_word' id='word_1_189' title='bbox 220 3024 300 3091; x_wconf 89' lang='lat' dir='ltr'>libet</span> <span class='ocrx_word' id='word_1_190' title='bbox 318 3025 476 3091; x_wconf 87' lang='lat' dir='ltr'>assistant</span> <span class='ocrx_word' id='word_1_191' title='bbox 496 3023 635 3092; x_wconf 89' lang='lat' dir='ltr'>fideliter</span> <span class='ocrx_word' id='word_1_192' title='bbox 657 3025 801 3092; x_wconf 90' lang='lat' dir='ltr'>consiliis</span> <span class='ocrx_word' id='word_1_193' title='bbox 825 3030 858 3091; x_wconf 91' lang='lat' dir='ltr'>et</span> <span class='ocrx_word' id='word_1_194' title='bbox 878 3026 1009 3091; x_wconf 84' lang='lat' dir='ltr'>auxiliis</span> <span class='ocrx_word' id='word_1_195' title='bbox 1032 3024 1231 3108; x_wconf 90' lang='lat' dir='ltr'>opportunis,</span> <span class='ocrx_word' id='word_1_196' title='bbox 1253 3031 1353 3108; x_wconf 89' lang='lat' dir='ltr'>prout</span> <span class='ocrx_word' id='word_1_197' title='bbox 1374 3032 1510 3093; x_wconf 86' lang='lat' dir='ltr'>nostram</span> 
     </span>
     <span class='ocr_line' id='line_1_24' title="bbox 221 3136 1511 3221; baseline 0.002 -19"><span class='ocrx_word' id='word_1_198' title='bbox 221 3138 479 3220; x_wconf 84' lang='lat' dir='ltr'>indignacionem</span> <span class='ocrx_word' id='word_1_199' title='bbox 501 3138 727 3221; x_wconf 83' lang='lat' dir='ltr'>grauissimam</span> <span class='ocrx_word' id='word_1_200' title='bbox 749 3139 911 3203; x_wconf 87' lang='lat' dir='ltr'>voluerint</span> <span class='ocrx_word' id='word_1_201' title='bbox 933 3139 1066 3204; x_wconf 81' lang='lat' dir='ltr'>euitare.</span> <span class='ocrx_word' id='word_1_202' title='bbox 1102 3136 1311 3204; x_wconf 88' lang='lat' dir='ltr'>Presencium</span> <span class='ocrx_word' id='word_1_203' title='bbox 1334 3137 1396 3205; x_wconf 87' lang='lat' dir='ltr'>sub</span> <span class='ocrx_word' id='word_1_204' title='bbox 1419 3139 1511 3221; x_wconf 80' lang='lat' dir='ltr'>impe</span> 
     </span>
    </p>
   </div>
   <div class='ocr_carea' id='block_1_3' title="bbox 99 3250 1511 3675">
    <p class='ocr_par' dir='ltr' id='par_1_3' title="bbox 99 3250 1511 3675">
     <span class='ocr_line' id='line_1_25' title="bbox 99 3250 1510 3341; baseline 0.002 -25"><span class='ocrx_word' id='word_1_205' title='bbox 99 3334 103 3341; x_wconf 27' lang='grc' dir='ltr'>Ι</span> <span class='ocrx_word' id='word_1_206' title='bbox 220 3251 314 3317; x_wconf 88' lang='lat' dir='ltr'>rialis</span> <span class='ocrx_word' id='word_1_207' title='bbox 337 3251 517 3317; x_wconf 85' lang='lat' dir='ltr'>maiestatis</span> <span class='ocrx_word' id='word_1_208' title='bbox 535 3258 644 3318; x_wconf 87' lang='lat' dir='ltr'>nostre</span> <span class='ocrx_word' id='word_1_209' title='bbox 667 3253 774 3334; x_wconf 82' lang='lat' dir='ltr'>sigillo</span> <span class='ocrx_word' id='word_1_210' title='bbox 797 3252 982 3319; x_wconf 88' lang='lat' dir='ltr'>testimonio</span> <span class='ocrx_word' id='word_1_211' title='bbox 1005 3252 1195 3317; x_wconf 86' lang='lat' dir='ltr'>litterarum</span> <span class='ocrx_word' id='word_1_212' title='bbox 1218 3251 1340 3317; x_wconf 90' lang='lat' dir='ltr'>Detum</span> <span class='ocrx_word' id='word_1_213' title='bbox 1354 3250 1510 3319; x_wconf 83' lang='lat' dir='ltr'>Kerlsbed</span> 
     </span>
     <span class='ocr_line' id='line_1_26' title="bbox 221 3365 1511 3448; baseline -0.003 -17"><span class='ocrx_word' id='word_1_214' title='bbox 221 3383 305 3431; x_wconf 84' lang='lat' dir='ltr'>enno</span> <span class='ocrx_word' id='word_1_215' title='bbox 336 3365 458 3431; x_wconf 93' lang='lat' dir='ltr'>domini</span> <span class='ocrx_word' id='word_1_216' title='bbox 481 3366 653 3431; x_wconf 92' lang='lat' dir='ltr'>millesimo</span> <span class='ocrx_word' id='word_1_217' title='bbox 686 3365 911 3431; x_wconf 89' lang='lat' dir='ltr'>trecentesimo</span> <span class='ocrx_word' id='word_1_218' title='bbox 934 3365 1172 3448; x_wconf 82' lang='lat' dir='ltr'>septuagesimo</span> <span class='ocrx_word' id='word_1_219' title='bbox 1201 3368 1302 3444; x_wconf 84' lang='lat' dir='ltr'>sexto,</span> <span class='ocrx_word' id='word_1_220' title='bbox 1334 3365 1511 3433; x_wconf 89' lang='lat' dir='ltr'>indiccione</span> 
     </span>
     <span class='ocr_line' id='line_1_27' title="bbox 219 3478 1510 3562; baseline 0 -19"><span class='ocrx_word' id='word_1_221' title='bbox 219 3484 334 3562; x_wconf 86' lang='lat' dir='ltr'>quarta</span> <span class='ocrx_word' id='word_1_222' title='bbox 349 3479 483 3560; x_wconf 89' lang='lat' dir='ltr'>decima,</span> <span class='ocrx_word' id='word_1_223' title='bbox 505 3479 538 3543; x_wconf 93' lang='grc' dir='ltr'><strong><em>Π</em></strong></span> <span class='ocrx_word' id='word_1_224' title='bbox 553 3497 654 3546; x_wconf 92' lang='lat' dir='ltr'>nonas</span> <span class='ocrx_word' id='word_1_225' title='bbox 670 3478 829 3560; x_wconf 78' lang='lat' dir='ltr'>ianuarii,</span> <span class='ocrx_word' id='word_1_226' title='bbox 852 3497 1025 3561; x_wconf 81' lang='lat' dir='ltr'>regnorum</span> <span class='ocrx_word' id='word_1_227' title='bbox 1039 3483 1222 3545; x_wconf 86' lang='lat' dir='ltr'>nostrorum</span> <span class='ocrx_word' id='word_1_228' title='bbox 1240 3496 1326 3545; x_wconf 85' lang='lat' dir='ltr'>enno</span> <span class='ocrx_word' id='word_1_229' title='bbox 1341 3478 1510 3556; x_wconf 87' lang='lat' dir='ltr'>tricesimo,</span> 
     </span>
     <span class='ocr_line' id='line_1_28' title="bbox 220 3593 757 3675; baseline 0.002 -16"><span class='ocrx_word' id='word_1_230' title='bbox 220 3593 346 3674; x_wconf 91' lang='lat' dir='ltr'>imperii</span> <span class='ocrx_word' id='word_1_231' title='bbox 370 3611 445 3659; x_wconf 85' lang='lat' dir='ltr'>vero</span> <span class='ocrx_word' id='word_1_232' title='bbox 469 3593 622 3660; x_wconf 84' lang='lat' dir='ltr'>vicesimo</span> <span class='ocrx_word' id='word_1_233' title='bbox 645 3596 757 3675; x_wconf 90' lang='lat' dir='ltr'>primo.</span> 
     </span>
    </p>
   </div>
   <div class='ocr_carea' id='block_1_4' title="bbox 512 3781 1471 3979">
    <p class='ocr_par' dir='ltr' id='par_1_4' title="bbox 512 3781 1471 3979">
     <span class='ocr_line' id='line_1_29' title="bbox 512 3781 1471 3868; baseline 0 -17"><span class='ocrx_word' id='word_1_234' title='bbox 512 3784 578 3868; x_wconf 90' lang='lat' dir='ltr'>[Na</span> <span class='ocrx_word' id='word_1_235' title='bbox 593 3784 677 3851; x_wconf 93' lang='lat' dir='ltr'>obbu</span> <span class='ocrx_word' id='word_1_236' title='bbox 686 3783 708 3868; x_wconf 78' lang='grc' dir='ltr'>ε]</span> <span class='ocrx_word' id='word_1_237' title='bbox 724 3785 787 3851; x_wconf 88' lang='lat' dir='ltr'>Per</span> <span class='ocrx_word' id='word_1_238' title='bbox 802 3784 967 3852; x_wconf 91' lang='lat' dir='ltr'>dominum</span> <span class='ocrx_word' id='word_1_239' title='bbox 980 3783 1175 3866; x_wconf 81' lang='lat' dir='ltr'>Pragensem</span> <span class='ocrx_word' id='word_1_240' title='bbox 1190 3781 1471 3866; x_wconf 83' lang='lat' dir='ltr'>archiepiscopum</span> 
     </span>
     <span class='ocr_line' id='line_1_30' title="bbox 682 3895 1311 3979; baseline -0.003 -16"><span class='ocrx_word' id='word_1_241' title='bbox 682 3897 835 3965; x_wconf 87' lang='lat' dir='ltr'>Nicolaus</span> <span class='ocrx_word' id='word_1_242' title='bbox 860 3896 1095 3964; x_wconf 82' lang='lat' dir='ltr'>Gamericensis</span> <span class='ocrx_word' id='word_1_243' title='bbox 1117 3895 1311 3979; x_wconf 89' lang='lat' dir='ltr'>prepositus.</span> 
     </span>
    </p>
   </div>
   <div class='ocr_carea' id='block_1_5' title="bbox 326 4018 583 4104">
    <p class='ocr_par' dir='ltr' id='par_1_5' title="bbox 326 4018 583 4104">
     <span class='ocr_line' id='line_1_31' title="bbox 326 4018 583 4104; baseline 0.012 -19"><span class='ocrx_word' id='word_1_244' title='bbox 326 4018 389 4104; x_wconf 86' lang='lat' dir='ltr'>[Na</span> <span class='ocrx_word' id='word_1_245' title='bbox 411 4019 523 4104; x_wconf 85' lang='lat' dir='ltr'>rubu:]</span> <span class='ocrx_word' id='word_1_246' title='bbox 546 4020 583 4087; x_wconf 89' lang='lat' dir='ltr'>R.</span> 
     </span>
    </p>
   </div>
   <div class='ocr_carea' id='block_1_6' title="bbox 218 4205 1516 4651">
    <p class='ocr_par' dir='ltr' id='par_1_6' title="bbox 218 4205 1516 4651">
     <span class='ocr_line' id='line_1_32' title="bbox 323 4205 1513 4279; baseline -0.002 -17"><span class='ocrx_word' id='word_1_247' title='bbox 323 4208 395 4277; x_wconf 83' lang='lat' dir='ltr'>Orig.</span> <span class='ocrx_word' id='word_1_248' title='bbox 413 4225 490 4279; x_wconf 79' lang='lat' dir='ltr'>perg.</span> <span class='ocrx_word' id='word_1_249' title='bbox 508 4227 524 4263; x_wconf 89' lang='lat' dir='ltr'>r</span> <span class='ocrx_word' id='word_1_250' title='bbox 543 4210 654 4264; x_wconf 85' lang='lat' dir='ltr'>erchivu</span> <span class='ocrx_word' id='word_1_251' title='bbox 676 4226 710 4265; x_wconf 88' lang='lat' dir='ltr'>m.</span> <span class='ocrx_word' id='word_1_252' title='bbox 728 4209 846 4266; x_wconf 79' lang='lat' dir='ltr'>Kudend</span> <span class='ocrx_word' id='word_1_253' title='bbox 862 4208 934 4265; x_wconf 81' lang='lat' dir='ltr'>N⁰8</span> <span class='ocrx_word' id='word_1_254' title='bbox 953 4208 1003 4279; x_wconf 86' lang='lat' dir='ltr'>(lit</span> <span class='ocrx_word' id='word_1_255' title='bbox 1022 4208 1059 4275; x_wconf 85' lang='lat' dir='ltr'>J).</span> <span class='ocrx_word' id='word_1_256' title='bbox 1094 4206 1231 4264; x_wconf 77' lang='lat' dir='ltr'>Suellrou</span> <span class='ocrx_word' id='word_1_257' title='bbox 1255 4205 1349 4277; x_wconf 75' lang='lat' dir='ltr'>pedeti</span> <span class='ocrx_word' id='word_1_258' title='bbox 1370 4207 1513 4265; x_wconf 72' lang='lat' dir='ltr'>dseiskeu</span> 
     </span>
     <span class='ocr_line' id='line_1_33' title="bbox 220 4300 1513 4376; baseline 0.001 -19"><span class='ocrx_word' id='word_1_259' title='bbox 220 4316 258 4357; x_wconf 88' lang='lat' dir='ltr'>ne</span> <span class='ocrx_word' id='word_1_260' title='bbox 270 4319 345 4373; x_wconf 84' lang='lat' dir='ltr'>perg.</span> <span class='ocrx_word' id='word_1_261' title='bbox 357 4305 482 4374; x_wconf 75' lang='lat' dir='ltr'>pronilru</span> <span class='ocrx_word' id='word_1_262' title='bbox 492 4305 658 4360; x_wconf 75' lang='lat' dir='ltr'>sardienou.</span> <span class='ocrx_word' id='word_1_263' title='bbox 669 4335 701 4344; x_wconf 95' lang='lat'><em>-</em></span> <span class='ocrx_word' id='word_1_264' title='bbox 711 4304 783 4375; x_wconf 86' lang='lat' dir='ltr'>Kop.</span> <span class='ocrx_word' id='word_1_265' title='bbox 796 4306 968 4376; x_wconf 77' lang='lat' dir='ltr'>vregistrum</span> <span class='ocrx_word' id='word_1_266' title='bbox 977 4304 1112 4376; x_wconf 73' lang='lat' dir='ltr'>privilegii</span> <span class='ocrx_word' id='word_1_267' title='bbox 1120 4300 1311 4358; x_wconf 74' lang='lat' dir='ltr'>Kedndskelro</span> <span class='ocrx_word' id='word_1_268' title='bbox 1319 4302 1434 4359; x_wconf 75' lang='lat' dir='ltr'>archien</span> <span class='ocrx_word' id='word_1_269' title='bbox 1443 4302 1513 4358; x_wconf 65' lang='lat' dir='ltr'>m</span> 
     </span>
     <span class='ocr_line' id='line_1_34' title="bbox 220 4386 1514 4470; baseline 0 -17"><span class='ocrx_word' id='word_1_270' title='bbox 220 4398 286 4453; x_wconf 78' lang='lat' dir='ltr'>Jina</span> <span class='ocrx_word' id='word_1_271' title='bbox 303 4399 368 4470; x_wconf 83' lang='lat' dir='ltr'>kop.</span> <span class='ocrx_word' id='word_1_272' title='bbox 387 4418 404 4455; x_wconf 84' lang='lat' dir='ltr'>v</span> <span class='ocrx_word' id='word_1_273' title='bbox 421 4402 545 4470; x_wconf 73' lang='lat' dir='ltr'>pemetnl</span> <span class='ocrx_word' id='word_1_274' title='bbox 562 4400 643 4455; x_wconf 85' lang='lat' dir='ltr'>lrnize</span> <span class='ocrx_word' id='word_1_275' title='bbox 662 4417 696 4455; x_wconf 93' lang='lat' dir='ltr'>m.</span> <span class='ocrx_word' id='word_1_276' title='bbox 716 4386 801 4457; x_wconf 75' lang='lat' dir='ltr'>Zetce</span> <span class='ocrx_word' id='word_1_277' title='bbox 817 4419 833 4456; x_wconf 81' lang='lat' dir='ltr'>a</span> <span class='ocrx_word' id='word_1_278' title='bbox 851 4418 873 4454; x_wconf 91' lang='lat' dir='ltr'>r.</span> <span class='ocrx_word' id='word_1_279' title='bbox 892 4407 959 4456; x_wconf 79' lang='lat'>1883</span> <span class='ocrx_word' id='word_1_280' title='bbox 983 4416 1021 4455; x_wconf 89' lang='lat' dir='ltr'>na</span> <span class='ocrx_word' id='word_1_281' title='bbox 1038 4401 1056 4453; x_wconf 89' lang='lat' dir='ltr'>l.</span> <span class='ocrx_word' id='word_1_282' title='bbox 1076 4408 1135 4455; x_wconf 72' lang='lat'>1⁰0</span> <span class='ocrx_word' id='word_1_283' title='bbox 1157 4398 1351 4470; x_wconf 66' lang='lat' dir='ltr'>aruspicem:</span> <span class='ocrx_word' id='word_1_284' title='bbox 1378 4398 1514 4468; x_wconf 74' lang='lat' dir='ltr'>,nmine</span> 
     </span>
     <span class='ocr_line' id='line_1_35' title="bbox 219 4493 1516 4566; baseline -0.002 -12"><span class='ocrx_word' id='word_1_285' title='bbox 219 4494 369 4564; x_wconf 88' lang='lat' dir='ltr'>imperator</span> <span class='ocrx_word' id='word_1_286' title='bbox 385 4499 490 4562; x_wconf 86' lang='lat' dir='ltr'>statuit,</span> <span class='ocrx_word' id='word_1_287' title='bbox 516 4496 588 4566; x_wconf 90' lang='lat' dir='ltr'>quod</span> <span class='ocrx_word' id='word_1_288' title='bbox 607 4497 685 4553; x_wconf 88' lang='lat' dir='ltr'>nulla</span> <span class='ocrx_word' id='word_1_289' title='bbox 708 4497 852 4553; x_wconf 88' lang='lat' dir='ltr'>mechania</span> <span class='ocrx_word' id='word_1_290' title='bbox 876 4503 923 4553; x_wconf 86' lang='lat' dir='ltr'>aut</span> <span class='ocrx_word' id='word_1_291' title='bbox 940 4497 1057 4552; x_wconf 85' lang='lat' dir='ltr'>taberna</span> <span class='ocrx_word' id='word_1_292' title='bbox 1079 4493 1181 4550; x_wconf 76' lang='lat' dir='ltr'>debeas</span> <span class='ocrx_word' id='word_1_293' title='bbox 1195 4495 1256 4550; x_wconf 80' lang='lat' dir='ltr'>lore</span> <span class='ocrx_word' id='word_1_294' title='bbox 1276 4494 1350 4551; x_wconf 77' lang='lat' dir='ltr'>inire</span> <span class='ocrx_word' id='word_1_295' title='bbox 1367 4511 1451 4551; x_wconf 86' lang='lat' dir='ltr'>rnnm</span> <span class='ocrx_word' id='word_1_296' title='bbox 1468 4494 1516 4551; x_wconf 82' lang='lat' dir='ltr'>rui·</span> 
     </span>
     <span class='ocr_line' id='line_1_36' title="bbox 218 4589 1514 4651; baseline 0.004 -7"><span class='ocrx_word' id='word_1_297' title='bbox 218 4590 286 4646; x_wconf 80' lang='lat' dir='ltr'>liure</span> <span class='ocrx_word' id='word_1_298' title='bbox 298 4592 472 4649; x_wconf 84' lang='lat' dir='ltr'>circumcirca</span> <span class='ocrx_word' id='word_1_299' title='bbox 489 4593 630 4649; x_wconf 83' lang='lat' dir='ltr'>ciuitatem</span> <span class='ocrx_word' id='word_1_300' title='bbox 643 4594 798 4650; x_wconf 87' lang='lat' dir='ltr'>Secensem.</span> <span class='ocrx_word' id='word_1_301' title='bbox 818 4593 875 4649; x_wconf 85' lang='lat' dir='ltr'>llec</span> <span class='ocrx_word' id='word_1_302' title='bbox 889 4594 982 4650; x_wconf 83' lang='lat' dir='ltr'>littere</span> <span class='ocrx_word' id='word_1_303' title='bbox 992 4593 1021 4647; x_wconf 91' lang='lat' dir='ltr'>iu</span> <span class='ocrx_word' id='word_1_304' title='bbox 1034 4589 1189 4648; x_wconf 84' lang='lat' dir='ltr'>Gadencnsi</span> <span class='ocrx_word' id='word_1_305' title='bbox 1203 4590 1319 4649; x_wconf 82' lang='lat' dir='ltr'>consilio</span> <span class='ocrx_word' id='word_1_306' title='bbox 1331 4598 1514 4651; x_wconf 70' lang='lat' dir='ltr'>reseruntur.⁸</span> 
     </span>
    </p>
   </div>
   <div class='ocr_carea' id='block_1_7' title="bbox 0 0 1580 5378">
    <p class='ocr_par' dir='ltr' id='par_1_7' title="bbox 0 0 1580 5378">
     <span class='ocr_line' id='line_1_37' title="bbox 0 0 1580 5378; baseline 0 1"><span class='ocrx_word' id='word_1_307' title='bbox 0 0 1580 5378; x_wconf 95' lang='lat' dir='ltr'> </span> 
     </span>
    </p>
   </div>
  </div>
 </body>
</html>
