3150 5378
687 476 763 528 1386·
1307 470 1369 537 767

67 681 267 763 superbiis,
297 681 375 766 quid
397 681 556 765 agendum
580 683 633 764 sit,
662 683 798 751 anubis
821 683 1000 750 habueritis
1023 681 1056 747 in
1079 681 1249 763 mandatis,
1281 682 1367 748 sicut

67 795 173 860 eciam
198 796 257 862 hoc
288 797 392 877 ipsum
416 799 709 882 poprawczonibns,
738 799 945 882 burggrauiis
968 803 1001 863 et
1023 794 1215 863 officialibus
1246 796 1366 863 nostris

67 908 290 975 commisimus
319 908 512 976 iaciendum.
551 910 601 976 Ad
623 912 683 978 hec
704 912 815 978 taliter
843 911 961 978 facturi
992 909 1175 993 diligencia,
1206 914 1302 992 prout
1324 909 1365 975 de

68 1022 239 1088 fidelitatis
263 1029 296 1089 et
318 1021 506 1090 obediencie
526 1026 781 1108 promptitudine
810 1025 896 1109 apud
918 1043 978 1091 nos
1001 1023 1217 1091 commendari
1239 1028 1272 1089 et
1294 1042 1368 1106 pro-

67 1139 142 1218 pria
165 1136 337 1219 dispendia
360 1136 528 1204 volueritis
558 1139 691 1205 enitare.
737 1139 857 1213 Datum
879 1139 984 1221 Pruge
1006 1137 1060 1204 die
1082 1137 1224 1204 secunda
1245 1137 1368 1203 mensis

66 1250 173 1330 lunii,
196 1269 367 1334 regnorum
390 1255 574 1318 nostrorum
597 1269 683 1318 anno
704 1251 838 1319 Boemie
853 1248 969 1334 xxm
992 1252 1209 1319 Romanorum
1231 1268 1308 1316 nero
1323 1247 1369 1316 X⁰

66 1365 156 1447 (sic).

502 1532 563 1599 Per
585 1531 749 1599 dominum
772 1529 940 1613 Judaeum,
963 1530 1180 1597 marchionem
1203 1530 1365 1613 Morauie

743 1644 904 1713 Martinus
927 1645 1128 1712 scolasticus.

172 1832 281 1904 Rulrop.
301 1833 504 1901 „Formnlarins
522 1833 659 1890 Johaunis
678 1834 836 1890 11ιί1111111ιι
850 1853 866 1889 r
878 1834 989 1890 orchim
1008 1833 1132 1905 lrapitoly
1150 1834 1272 1889 Pradslrs
1291 1833 1360 1903 sign.

64 1932 92 1985 J.
113 1938 148 1985 1ο
169 1947 204 1985 na
222 1933 238 1985 l.
257 1938 341 1987 33512.
359 1948 394 1986 aa
411 1932 535 2002 ndpisem
555 1931 661 2003 „Super
682 1933 861 2003 colligatione
886 1932 1073 1988 societatum.“
1111 1931 1164 1985 Dls
1181 1930 1263 1985 tabol
1282 1930 1364 1986 ruho·

66 2028 132 2098 pisu
158 2044 194 2082 na
217 2029 234 2081 l.
253 2034 338 2083 3391.
357 2027 456 2082 naildil
479 2026 540 2082 lrrtl
558 2026 660 2082 Vdclar
677 2026 715 2082 tv
734 2032 768 2082 19
791 2030 870 2082 barro
889 2031 957 2080 1387
980 2025 1192 2098 podlromolimu
1217 2027 1367 2082 krdlovstul

66 2108 200 2179 Ceslreho
219 2124 347 2180 Palilrovi
365 2142 379 2178 z
398 2125 492 2192 Minio,
519 2124 572 2195 uby
600 2123 762 2181 ndaledkem
789 2125 868 2179 smrti
894 2123 1028 2194 kralorny
1052 2123 1184 2195 Johanny
1204 2126 1232 2189 (†
1251 2130 1282 2177 31
1303 2139 1365 2194 pro·

65 2222 145 2276 since
166 2224 252 2288 1386),
269 2221 349 2275 htert
362 2223 449 2276 misto
462 2219 580 2292 Klatory
593 2223 689 2276 renem
702 2221 766 2291 bylo
784 2227 942 2288 restarem,
961 2220 1018 2290 ujal
1036 2234 1067 2275 ae
1085 2218 1180 2274 tohoto
1199 2221 1287 2274 mesta
1304 2219 1366 2288 ajo

60 2318 186 2385 jmcnem
214 2316 292 2370 krdle
321 2316 467 2386 spraroral
493 2320 642 2387 (quatenns
668 2325 698 2372 ta
714 2316 750 2372 ds
768 2316 879 2372 ciuitate
897 2322 994 2372 nostra
1011 2314 1169 2383 Glathouia,
1193 2316 1365 2385 quambene

64 2413 200 2467 memorie
218 2411 396 2467 serenissima
423 2412 553 2483 princeps
580 2411 720 2482 quondam
737 2412 877 2479 debanna,
903 2411 1073 2468 conthoralis
1100 2418 1196 2466 nostra
1213 2411 1365 2479 carissima,

63 2508 213 2563 occasione
237 2507 310 2563 dotis
330 2523 380 2562 sua
398 2507 523 2562 tenuisse
540 2506 701 2573 dinoscitur,
729 2505 764 2563 ad
783 2522 880 2562 manus
910 2514 1021 2562 nostras
1048 2505 1152 2563 debeas
1179 2506 1363 2562 intromittere

63 2585 183 2658 rnacnm
210 2602 300 2673 ipsine
319 2601 496 2673 pertinenciis
514 2603 660 2670 vulnerata,
686 2601 833 2674 ipsamque
851 2609 947 2658 nostro
966 2602 1076 2658 nominc
1094 2611 1190 2658 tenere
1207 2609 1235 2658 at
1247 2601 1366 2658 fideliter

62 2701 231 2768 gnbernare.
249 2698 352 2753 Datum
378 2698 466 2768 Pragc
493 2699 537 2754 dia
556 2697 619 2753 x1x
637 2698 772 2765 ianuarii,
799 2714 945 2768 regnorum
973 2706 1130 2754 nostrorum
1158 2714 1231 2754 annu
1249 2697 1363 2753 Boemie

62 2793 178 2860 xx1v·,
196 2793 379 2849 Romanorum
391 2810 455 2849 reru
467 2793 525 2849 XF.
543 2793 596 2848 Par
607 2793 747 2850 dominum
759 2794 919 2865 Kaplarnm,
938 2795 1097 2864 magistrum
1116 2802 1234 2863 moneta,
1252 2795 1362 2850 Wlach-

61 2893 127 2946 nico
147 2889 181 2944 de
202 2891 425 2961 chtenmnele.)
444 2922 477 2931 —
495 2890 625 2961 Pulncky,
643 2878 717 2947 Uber
735 2891 948 2947 Formalhdchcr
966 2891 991 2945 11
1010 2891 1031 2945 ὲ
1052 2898 1101 2946 llo
1120 2909 1137 2947 a
1154 2897 1213 2947 116.

635 3158 699 3241 ds.
724 3177 797 3242 sor.

450 3366 551 3450 1385,
575 3368 596 3435 8
619 3368 769 3436 dervna.
791 3366 823 3435 V
847 3366 974 3436 Praze.

62 3559 150 3624 Krril
182 3557 294 3620 thelon
318 3558 371 3620 IV
387 3559 529 3640 nar²izuje
559 3557 752 3642 rociensem,
778 3557 1021 3640 purkmistrtlou
1055 3555 1216 3625 korrdaldm
1245 3557 1363 3622 iudam

60 3674 166 3737 odccm
188 3675 267 3736 uriel
288 3669 462 3737 krailocstui
484 3652 624 3752 &riccho
655 3672 717 3754 obp
740 3657 862 3748 diuam,
884 3671 1010 3738 cladrim
1040 3671 1168 3755 huncury
1190 3669 1364 3747 bulmere,

98 3785 185 3851 lteri
205 3785 283 3850 uteri
304 3786 384 3850 nimi
405 3786 500 3868 duddi,
523 3785 728 3869 dopomciboli
749 3784 792 3852 ku
809 3786 916 3870 prora
935 3787 1023 3869 proli
1044 3785 1227 3853 Muluikslm
1241 3785 1320 3869 jiclr.

170 3978 379 4045 Wenceslaus
409 3979 462 4045 dei
492 3981 602 4063 gracia
630 3981 846 4048 Romanorum
876 3999 933 4046 reu
955 3985 1015 4047 etc.
1039 3979 1210 4045 Vniuersis
1243 3985 1276 4046 et
1298 3981 1364 4046 sin·

61 4094 152 4178 gulis
171 4091 347 4176 judicibus,
370 4095 536 4176 magistris
559 4095 690 4176 ciuium,
714 4094 899 4161 consulibus
922 4100 955 4160 et
977 4093 1260 4161 communitatibus
1284 4093 1365 4160 ciui·

60 4213 168 4273 tatum
191 4207 283 4289 regni
306 4207 409 4273 nostri
433 4207 575 4288 Boemie‚
610 4205 758 4274 fidelibus
782 4209 902 4275 nostris
933 4208 1072 4290 dilectis,
1106 4209 1248 4291 graciam
1271 4227 1363 4274 suam

60 4327 95 4387 et
118 4337 215 4386 omne
236 4319 363 4386 bonum.
408 4319 538 4387 Fideles
561 4321 688 4388 dilectit
728 4320 966 4388 committimus
988 4320 1138 4388 fidelitati
1161 4327 1268 4388 vestre
1291 4340 1363 4404 pre

60 4433 212 4502 sentibus
228 4439 260 4499 et
273 4434 461 4500 mandamus
473 4436 602 4502 omnino
621 4436 776 4517 volentes,
794 4441 953 4518 quatenus
969 4434 990 4501 J
992 4435 1094 4517 udeis,
1112 4454 1238 4502 camere
1254 4441 1363 4502 nostre

62 4548 185 4627 seruis,
209 4549 242 4614 in
267 4549 383 4614 vestris
414 4549 602 4615 ciuitatibus
625 4549 843 4616 residentibus
873 4567 970 4631 super
1000 4549 1144 4632 ipsorum
1167 4549 1285 4616 debitis
1308 4549 1364 4615 ad·

60 4679 182 4730 uersus
204 4658 367 4730 debitores
391 4680 468 4730 suos
487 4663 581 4747 jnxtu
603 4662 703 4729 ritum
725 4667 759 4729 et
780 4680 901 4730 rnorem
922 4663 1015 4748 regni
1038 4664 1142 4732 nonni
1155 4662 1294 4732 Boemic·
1310 4682 1365 4731 ex·
