3098 5392
676 481 750 535 itti.
1278 479 1342 548 457

47 709 136 775 uoys
167 690 384 773 peruenerint,
417 689 551 772 nobiles,
581 689 767 758 bladicoues
798 691 869 757 siue
900 689 1079 773 terrigenas
1112 707 1171 772 pro
1203 689 1343 774 quinque

47 804 169 871 marcis
191 805 299 871 minna
328 822 391 871 rno
417 806 540 871 lottone
561 805 613 870 uel
637 803 728 889 citra,
751 805 832 871 alios
855 822 930 871 vero
953 802 1103 886 plebeyos
1125 807 1159 869 et
1180 801 1342 870 inferioris

49 917 251 984 condicionis
274 918 346 984 siue
370 922 474 983 status
501 917 676 985 secundum
706 918 787 985 iuris
817 917 1060 984 obsemauciam
1089 921 1122 982 et
1149 916 1342 1000 approbatas

49 1031 302 1098 consuetudines
324 1031 518 1099 auctoritate
538 1031 628 1114 regia
656 1048 812 1114 occuparo
834 1036 867 1096 et
889 1035 1048 1096 arrestata
1070 1047 1172 1112 nsque
1194 1030 1235 1095 ad
1258 1032 1343 1097 soln-

50 1146 155 1212 cionis
171 1144 279 1211 debite
290 1145 563 1227 complementum.
580 1145 806 1211 Interdicimus
822 1145 926 1211 eciam
942 1149 974 1210 et
988 1144 1169 1210 inhibemus
1185 1143 1341 1226 districte,

50 1276 90 1323 ne
112 1277 134 1322 a
155 1257 291 1340 prelatis
322 1257 449 1324 ciuibus
479 1257 598 1324 nostris
621 1258 655 1323 in
677 1257 836 1341 Budwoys
866 1261 899 1323 et
927 1257 1118 1340 posteritate
1143 1256 1286 1340 ipsorum
1308 1259 1342 1324 in

50 1370 238 1437 ciuitatibus
254 1375 287 1436 et
299 1370 379 1437 locis
392 1369 593 1453 subscriptis,
610 1375 703 1453 puta:
719 1370 750 1435 N
752 1370 876 1452 otalicz,
887 1368 1053 1436 Wodnano
1069 1374 1102 1435 et
1117 1370 1195 1454 Tyn,
1212 1371 1336 1438 iacente

51 1484 83 1549 in
105 1484 218 1549 littore
240 1481 414 1565 Wultauie,
446 1482 676 1565 (lhwalescbin,
699 1484 844 1566 Pukaws,
875 1483 1021 1550 Liscbaw
1043 1488 1076 1549 et
1099 1483 1248 1567 Sweyncz
1278 1483 1344 1549 exi·
1414 1499 1417 1505 ·

52 1603 146 1679 gatnr
171 1614 230 1662 sen
252 1600 417 1680 repetatur
438 1596 631 1677 theloneum,
655 1597 684 1662 si
710 1602 744 1663 et
764 1596 968 1679 inquantum
990 1597 1050 1663 hoc
1071 1596 1197 1663 indulto
1219 1597 1345 1680 pridem

54 1709 127 1776 lreti
150 1715 229 1776 sunt
245 1710 321 1793 jure
347 1728 405 1775 sen
434 1709 610 1793 approbata
640 1710 873 1777 consuetudine
902 1710 1138 1792 prescripcioue
1166 1714 1346 1793 temporum

53 1823 215 1889 diuturna.
260 1823 304 1888 Et
333 1840 374 1890 ne
403 1823 525 1890 circum
554 1822 672 1889 dictam
703 1823 868 1889 ciuitatem
899 1822 1058 1906 Budwoys
1084 1822 1125 1889 ab
1147 1823 1232 1890 omni
1255 1829 1346 1906 parte

54 1936 125 2002 siue
147 1936 250 2001 latere
272 1933 358 2000 infra
380 1935 524 2018 spacium
547 1935 641 2001 vuius
664 1934 782 2017 integri
808 1934 946 2002 miliaris
968 1935 1095 2018 aliquas
1117 1935 1268 2003 tabernas
1289 1937 1345 2003 ba·
1447 1933 1448 1936 ’

55 2046 123 2115 beri
146 2049 255 2130 liceat,
278 2053 334 2114 aut
356 2047 520 2130 pistrinus,
544 2048 696 2129 sutrinos,
719 2045 867 2130 fabricas,
891 2045 1055 2115 carnificis
1069 2054 1126 2114 aut
1143 2048 1209 2115 alia
1230 2049 1344 2133 queuis

53 2163 243 2228 mechanica
265 2160 372 2228 officia
394 2160 632 2245 quomodolibet
653 2162 802 2228 exerceri.
844 2161 1001 2228 Nolumus
1024 2162 1135 2243 eciam,
1158 2162 1242 2245 quod
1265 2162 1344 2229 dicti

52 2276 156 2357 ciues,
181 2274 316 2342 heredes
339 2280 373 2342 et
394 2293 596 2343 successores
620 2274 773 2358 ipsorum,
799 2292 960 2357 pauperes
983 2275 1054 2341 siue
1079 2274 1209 2357 diuites,
1239 2275 1346 2343 cuius·

50 2407 189 2472 cumque
222 2393 326 2455 status
349 2389 421 2456 siue
443 2388 641 2455 condicionis
672 2389 822 2470 existant,
851 2407 871 2453 a
901 2387 1017 2470 quouis
1046 2388 1183 2470 bomine,
1216 2387 1345 2470 barone,

48 2501 163 2583 nobili,
195 2501 364 2568 blcdicone
393 2503 446 2568 uel
475 2520 673 2587 quocumque
702 2503 766 2568 alio
796 2502 829 2567 in
857 2519 1055 2585 quacumque
1084 2520 1191 2583 cansa,
1223 2520 1260 2568 re
1288 2520 1347 2569 sen

49 2612 189 2696 negocio
212 2612 245 2678 in
268 2614 348 2683 locis
370 2614 445 2680 aliis
467 2615 621 2680 arrestari
643 2618 676 2680 et
697 2614 847 2697 occupari
879 2615 1005 2696 possint
1027 2633 1085 2680 seu
1107 2616 1243 2696 valeant,
1274 2635 1347 2698 ymo

50 2725 257 2792 decernimus
282 2732 316 2793 et
336 2731 427 2812 regio
449 2730 630 2796 sanccimus
654 2728 769 2809 edicta,
793 2727 877 2811 quod
899 2728 1016 2811 prefati
1039 2729 1137 2810 ciues,
1160 2729 1295 2796 heredes
1314 2735 1348 2796 et

54 2856 263 2905 successores
286 2840 431 2923 ipsorum
452 2846 607 2924 perpetuo
630 2842 663 2906 in
686 2841 833 2908 omnibus
856 2846 888 2907 et
911 2842 1048 2924 singulis
1063 2842 1181 2924 causis,
1203 2842 1346 2925 negociis
1414 2892 1417 2897 .

56 2954 129 3017 sine
152 2951 248 3019 factis
272 2953 455 3019 huiusmodi
479 2972 586 3020 coram
603 2953 714 3036 judice
736 2953 859 3036 prefate
882 2954 1026 3019 ciuitatis
1048 2959 1157 3020 nostre
1175 2954 1345 3039 Buduoys,

54 3065 111 3145 qui
134 3084 193 3146 pro
216 3068 359 3146 tempore
381 3065 489 3144 fuerit,
516 3071 686 3132 teneantur
709 3071 741 3131 et
764 3066 900 3131 debeant
923 3066 962 3131 de
980 3067 1114 3149 justicia
1142 3068 1344 3150 respondere.

52 3176 144 3242 Nulli
169 3195 246 3260 ergo
269 3179 398 3259 penitus
420 3179 584 3244 hominum
614 3180 710 3245 liceat
739 3180 820 3246 hanc
850 3185 959 3245 nostre
989 3180 1186 3263 donacionis,
1218 3200 1346 3248 conces-

53 3291 169 3369 sionis,
193 3291 411 3373 inhibiciouis,
437 3293 554 3357 indulti
582 3311 639 3357 seu
662 3292 880 3359 libertacionis
911 3294 1061 3376 paginam
1091 3293 1266 3377 iufringere
1295 3295 1346 3360 vel

55 3405 84 3469 ei
107 3422 193 3470 ausu
215 3422 413 3487 quocumque
435 3405 606 3470 temerario
629 3406 788 3471 contraire
811 3405 870 3470 sub
893 3423 976 3488 pena
995 3406 1231 3488 indignacionis
1246 3409 1345 3490 regie,

55 3535 162 3598 quarn,
186 3518 241 3599 qni
265 3536 358 3584 secus
381 3522 572 3599 attemptare
598 3519 839 3601 presumpserit,
864 3537 899 3583 se
922 3525 1115 3602 cognoscant
1134 3520 1276 3603 grauiter
1298 3519 1346 3585 in-

55 3631 205 3696 currisse.
251 3631 459 3696 Presencium
491 3631 549 3697 sub
577 3637 687 3698 nostre
716 3632 896 3697 maiestatis
928 3633 1034 3714 sigillo
1057 3634 1239 3699 testimonio
1261 3633 1347 3698 litte

57 3762 174 3808 rarum.
200 3742 320 3808 Datum
342 3744 375 3807 in
398 3743 557 3826 Budwoys
579 3762 663 3809 anno
686 3744 807 3809 domini
825 3745 995 3811 millesimo
1014 3747 1237 3813 trecentesimo
1255 3747 1347 3829 quin·

55 3857 242 3939 quagesimo
265 3857 377 3939 primo,
408 3855 590 3922 indiccione
612 3862 735 3939 quarta,
766 3855 827 3921 IV⁰
848 3876 949 3922 nonas
973 3859 1063 3939 Maii,
1097 3878 1268 3941 regnorum
1290 3880 1346 3928 no·

57 3975 196 4036 mmm
219 3988 303 4034 ⁸¹¹¹¹⁰
325 3969 446 4051 quium·
675 4021 739 4105 [Na
761 4023 876 4108 ohbu:]
905 4024 967 4089 Per
979 4024 1141 4090 dominum
1152 4043 1261 4108 regem

871 4137 1034 4204 lohannes
1067 4138 1300 4205 Nouiforensis.

728 4275 792 4359 [Na
816 4277 899 4342 ohbn
922 4282 1088 4360 rpravem
1109 4278 1220 4360 rohuz]
1264 4280 1302 4346 R.

155 4442 228 4512 Orig.
246 4457 322 4512 perg.
339 4458 356 4495 r
375 4441 486 4497 archiru
510 4460 544 4497 m.
568 4443 725 4513 Budbjoric.
761 4448 779 4502 S
798 4448 907 4504 visuton
924 4448 1026 4504 velkou
1052 4448 1141 4520 pedeti
1167 4450 1344 4507 krdlovslrou.

46 4540 91 4596 Na
108 4540 183 4595 rubu
208 4538 301 4593 rukon
325 4537 389 4592 xlv
416 4539 523 4594 atoletl:
555 4540 608 4606 ,N·
633 4546 656 4593 1.
683 4540 777 4597 Litora
805 4544 979 4614 imperatoris
1006 4546 1118 4600 racione
1145 4552 1292 4604 auctarum
1319 4555 1347 4605 et

44 4638 166 4695 aliorum
180 4635 312 4705 jnrium.“
331 4634 459 4703 Pozdbjil
475 4635 565 4692 rulrou
583 4636 729 4707 plipsdno:
750 4638 808 4705 ,Ad
822 4639 888 4697 fasc.
901 4641 949 4695 111.
961 4640 999 4695 Nl
1018 4641 1090 4713 Dep.
1103 4647 1144 4698 6.“
