3098 5392
136 441 200 509 348
762 445 836 494 rum.

137 653 229 734 regni
251 651 354 718 nostri
376 651 544 718 intendere
566 651 847 720 commoditatibus
871 656 903 717 ct
924 654 1107 717 nostrarum
1124 650 1246 717 ciuitati

138 765 284 831 cionibus
318 770 351 830 et
383 766 577 832 utilitatibus
612 766 807 848 prudencius
840 764 1004 846 insudare,
1038 783 1110 830 cum
1144 763 1246 847 deniq⁴

137 882 248 944 nostra
271 877 430 962 Budwoys
453 879 549 943 terris
584 879 745 945 extraneis
773 878 971 945 contermina
1000 896 1058 960 pro
1088 896 1137 959 co,
1172 879 1246 960 quot

137 992 297 1058 extraneis
314 991 459 1057 eiusdem
474 993 619 1058 ciuitatis
643 994 731 1059 ciues
754 998 788 1058 et
808 992 913 1058 incole
935 990 1090 1074 pecunias
1113 991 1237 1074 pluries

136 1103 297 1185 dsueriut,
320 1110 353 1170 et
364 1111 496 1187 propter
514 1105 577 1171 loci
594 1106 794 1185 distanciam,
818 1105 929 1171 habita
942 1105 1080 1187 pecunia
1096 1105 1246 1170 solucion:

136 1215 270 1283 visitare
292 1218 507 1299 nequiuerint,
531 1219 673 1284 remedio
697 1219 841 1284 eiusdem
868 1218 1013 1301 indigeat
1043 1218 1189 1299 speciali,
1221 1220 1246 1299 ip

136 1330 341 1413 indulgemus
364 1351 403 1398 ex
426 1314 534 1414 gracia
558 1351 615 1398 seu
639 1333 765 1399 ciuibus
788 1334 943 1413 eiusdem,
968 1338 1127 1414 quotenus
1151 1332 1233 1397 duos

135 1462 245 1509 eorum
266 1443 408 1511 familias
432 1445 493 1510 sibi
517 1446 550 1510 in
574 1444 694 1510 dictum
717 1446 882 1511 ciuitatem
905 1445 945 1510 ab
967 1444 1099 1510 aliunde
1114 1444 1242 1526 possint

135 1560 167 1621 ct
189 1556 319 1623 eosdem
342 1558 401 1623 sub
416 1559 582 1624 solucione
598 1559 798 1640 conpetentis
814 1577 941 1640 census,
964 1577 1059 1641 quem
1074 1558 1109 1623 iu
1126 1575 1246 1623 commu

135 1675 168 1734 et
189 1671 362 1736 utilitatem
391 1670 496 1751 ipsius
520 1670 663 1735 ciuitatis
688 1671 833 1736 conuerti
856 1672 1012 1750 volumus,
1043 1689 1152 1736 secum
1175 1687 1246 1750 poss.

132 1782 231 1848 beant
253 1783 432 1850 consonare,
456 1782 500 1848 Vt
521 1787 628 1848 autem
650 1783 671 1848 J
674 1784 772 1849 udeos
795 1784 980 1849 huiusmodi
1002 1783 1043 1849 ad
1066 1783 1187 1849 dictum
1211 1783 1246 1847 ou

133 1896 279 1977 recipere
301 1897 447 1977 delectet,
471 1898 552 1978 ipsis
575 1903 609 1962 et
630 1916 738 1962 eornm
767 1896 901 1962 familiis
932 1897 971 1962 ab
1001 1897 1165 1962 uniuersis
1195 1914 1246 1960 em

134 2007 410 2090 imposicionibus,
434 2010 562 2090 steuris,
594 2009 819 2092 peticionibus,
850 2009 1010 2076 communi
1036 2010 1088 2074 vel
1112 2008 1246 2091 speciali

136 2121 229 2186 oione
251 2121 437 2203 Judcorum,
460 2128 494 2188 et
516 2123 663 2189 omnibus
686 2123 928 2205 grsuaminibus
951 2127 983 2187 et
1006 2121 1246 2187 soluciouibusu

132 2232 214 2299 festo
236 2234 323 2300 besti
349 2236 482 2317 Georgii
505 2255 563 2317 per
584 2235 695 2302 decem
716 2255 874 2302 annorum
897 2237 1042 2318 spacium
1064 2236 1246 2301 continuum

133 2346 337 2412 concedimus
360 2348 487 2428 plenam
499 2353 532 2414 et
543 2349 758 2415 omnimodum
774 2349 963 2414 libertatem.
988 2346 1180 2413 Mandamus
1196 2348 1246 2428 igi

133 2459 264 2540 Ksrulo,
289 2461 467 2527 marchioni
490 2462 646 2543 Morouie,
666 2462 879 2544 primogenito
902 2465 1012 2528 nostro
1034 2460 1218 2541 karissimo,
1243 2487 1246 2518 ι

134 2574 329 2654 camerariis,
353 2573 600 2638 subcamerariis
623 2580 656 2638 et
678 2575 815 2657 singulis
843 2575 963 2639 nostris
994 2573 1197 2653 officialibus,
1227 2571 1246 2637 fi

135 2683 272 2767 dilectis,
305 2691 463 2767 quatenus
494 2686 655 2768 predictos
686 2687 808 2755 Judeos
831 2694 996 2753 eteorum
1024 2686 1166 2752 familias
1190 2686 1224 2750 in

131 2804 241 2864 nostre
261 2798 424 2863 libertatis
449 2800 558 2880 gracia
581 2819 644 2865 non
667 2799 855 2882 impediunt,
890 2800 947 2865 sed
977 2800 1089 2881 pocius
1119 2800 1154 2864 in
1185 2799 1246 2864 esd

133 2915 264 2977 teneant
290 2918 400 2978 nostro
430 2913 559 2977 nomine
587 2918 620 2977 et
650 2918 849 2979 conseruent.
885 2911 1007 2977 Harum
1030 2919 1213 2978 nostrarum

130 3024 305 3090 literarum.
351 3026 474 3089 Datum
502 3025 606 3106 Prage
639 3025 720 3090 feris
753 3032 867 3108 quarta
901 3031 975 3107 post
1006 3025 1200 3091 dominicum
1234 3028 1246 3091 ί

130 3138 232 3219 geniti
273 3139 418 3219 proxima
450 3158 534 3202 anno
569 3139 691 3203 domini
720 3140 890 3205 millesimo
920 3139 1147 3205 trecentesimo
1181 3158 1246 3221 qua

133 3252 245 3334 primo.

234 3387 305 3455 Orig.
324 3404 398 3457 perg.
418 3388 558 3442 varchiru
577 3404 610 3439 m.
631 3386 787 3453 Budejoric.
806 3386 849 3441 Nn
868 3387 936 3439 rnbu
955 3403 968 3439 s
988 3385 1121 3454 novdjsim
1142 3387 1246 3456 nopiser

128 3482 296 3552 11N⁰Dep.
317 3482 530 3550 15.Duplicat.“
552 3483 570 3535 S
589 3482 755 3551 porusenym
776 3482 912 3536 sekretem
932 3482 1117 3550 krolovskym.
1139 3513 1170 3520 —
1189 3482 1246 3536 Pelr

129 3578 154 3631 d.
175 3578 277 3631 Vierte.
306 3578 486 3632 Urlrundenb.
505 3576 529 3628 N
534 3579 544 3608 ⁰
561 3578 603 3630 Cl.
622 3606 654 3614 -
674 3577 774 3642 Emler,
794 3577 913 3645 Regesto
931 3576 978 3630 lV.
996 3575 1019 3630 c.
1038 3581 1097 3631 sol.

701 3844 765 3925 Cls.
790 3860 863 3923 222.

514 4015 613 4096 1341,
636 4014 657 4080 4
682 4015 833 4082 uvotno.
856 4013 889 4081 V
914 4012 1043 4082 Prone.

128 4173 211 4237 Krcil
232 4175 300 4239 ιῘαη
328 4173 485 4254 potorzogje
514 4176 643 4236 ocuoboc
667 4195 687 4235 a
709 4176 792 4238 odem
817 4173 967 4236 ostutnim
993 4170 1188 4251 obyvuteltlm
1211 4168 1246 4234 kr

128 4284 231 4350 ketske'
248 4286 365 4366 proies,
389 4285 514 4369 klcrp'ch
537 4287 576 4347 od
598 4286 740 4367 doisnpicb
762 4289 857 4349 casulo
877 4285 1004 4359 asinali,
1029 4282 1128 4349 ussok
1150 4305 1167 4347 o
1189 4285 1246 4348 nes

128 4402 236 4479 aorodny
257 4400 392 4463 collad&
407 4397 618 4479 purkrabsloi
638 4397 743 4461 brodo
766 4395 954 4460 Lobelslrc'bo
972 4395 1154 4477 pociundi.
1179 4397 1246 4460 Jsou

128 4531 145 4574 z
155 4511 338 4591 prsis-omncs
360 4511 458 4576 soodu
481 4508 639 4575 zeorsksoo
662 4533 682 4574 a
704 4510 763 4574 eud
789 4507 956 4592 lorujslcy'cb
986 4510 1067 4590 maji
1094 4509 1246 4573 sossensi

128 4621 248 4689 broilcm
264 4626 359 4688 arcebo
377 4623 568 4706 purkroblm
586 4622 778 4706 Lobetslp'rn.
804 4622 885 4687 Kru'l
900 4623 1009 4702 spatii
1022 4642 1119 4702 many
1133 4622 1214 4686 usim
1224 4644 1246 4704 p
