3098 5392
126 421 190 486 333
751 412 826 461 raso.

127 648 263 710 cumque
285 626 393 691 debito
416 624 457 689 de
480 629 587 689 cetero
610 626 794 700 euocentur,
819 619 876 684 sed
899 619 941 683 de
962 620 1107 699 ipsorum
1130 612 1273 695 quolibet
1293 630 1354 694 per
1376 614 1416 677 iu·

127 745 231 809 dicem
255 739 408 805 Vscensis
439 738 582 802 ciuitatis
606 737 640 800 in
662 736 735 817 ipsa
758 733 892 799 ciuitate
914 730 1089 810 uuicuique
1118 728 1242 810 petenti
1262 724 1317 791 fiet
1333 725 1405 809 judi·

131 858 216 922 cium
238 853 382 918 debitum
405 857 438 916 et
460 855 655 916 consuetum.
696 847 733 913 In
755 865 890 929 quorum
915 843 1057 910 omnium
1083 841 1309 924 premissorum
1328 837 1396 903 testi-

128 970 271 1037 mouium
294 973 327 1032 et
347 966 445 1033 robur
476 969 630 1045 perpetue
652 963 826 1027 valiturum
856 962 1024 1041 presentes
1053 958 1181 1024 litteras
1212 951 1391 1020 conscribict

128 1085 230 1150 nostri
253 1081 386 1147 maioris
410 1079 512 1161 sigilli
534 1077 731 1159 appensione
753 1075 908 1141 iussimus
932 1069 1135 1138 communiri.
1180 1069 1297 1133 Datum
1315 1065 1389 1144 naga

132 1194 195 1261 lV⁰
217 1194 373 1261 kalendas
396 1193 517 1258 mensis
541 1190 632 1255 Junii
655 1208 738 1255 auno
765 1189 886 1255 domini
919 1186 1090 1251 millesimo
1120 1182 1332 1248 trecentesimo
1347 1174 1387 1241 ui·

134 1310 253 1376 cesino
276 1325 369 1371 nono.

234 1478 306 1546 Orig.
334 1493 408 1546 perg.
427 1493 444 1527 v
462 1475 573 1528 archivu
598 1491 632 1527 m.
659 1456 721 1528 uso
744 1473 797 1526 nad
822 1471 927 1525 Lobem
951 1470 1008 1523 bb
1036 1467 1132 1536 (stardi
1148 1466 1172 1521 d.
1190 1472 1207 1521 3
1225 1465 1326 1529 nabore,
1345 1461 1388 1514 dois

129 1576 168 1629 N⁰
186 1576 221 1642 2).
240 1573 258 1627 S
277 1574 415 1627 dlomkem
433 1573 513 1626 vellre
533 1569 623 1640 pedeti
641 1570 790 1624 kralouske
808 1585 846 1622 na
863 1566 1066 1621 iloto-demens
1086 1563 1171 1618 iiidie
1194 1560 1347 1629 accedentu-
1360 1554 1389 1608 Νι

131 1672 201 1725 rubu
219 1670 310 1723 rukou
328 1669 404 1721 XVII
424 1669 500 1722 stoi:
522 1667 625 1736 „Super
643 1666 799 1736 praedones
819 1670 846 1717 et
864 1664 1001 1729 falsarios,
1020 1661 1092 1731 regis
1111 1659 1272 1714 dohonnis.¹⁸
1292 1654 1329 1709 Νι
1341 1652 1389 1706 ruba

131 1767 173 1836 pii
191 1765 317 1818 zarezich
334 1762 424 1832 pedeti
442 1762 485 1816 dte
504 1778 534 1816 sc
554 1760 690 1815 soubasns
707 1759 877 1830 poznsmkc:
899 1764 947 1824 „14
966 1762 994 1811 r“
1015 1755 1099 1826 epod
1112 1758 1162 1810 tim
1176 1759 1233 1820 „of
1246 1751 1389 1810 -neimec

132 1861 297 1916 Geschichoe
316 1859 365 1913 der
382 1858 485 1927 konigl.
506 1856 584 1910 Stadt
602 1856 705 1924 dussig
723 1862 772 1911 str.
791 1860 824 1908 52
842 1870 860 1908 a
878 1858 938 1907 243.
955 1883 991 1893 —
1007 1851 1111 1918 Endon,
1127 1850 1250 1920 segesta
1266 1848 1308 1902 IV.
1322 1845 1390 1900 bibl.

694 2120 758 2204 ds.
790 2137 863 2203 215.

647 2308 730 2398 [ass
752 2328 783 2376 r.
807 2307 921 2398 rasel.

134 2486 217 2551 Krcid
239 2487 317 2560 Jan,
348 2484 491 2566 oypcijc'io
512 2484 542 2548 ss'
564 2487 626 2548 120
648 2484 707 2566 kop
730 2484 770 2549 od
791 2482 972 2558 Jiodr'icha,
998 2504 1079 2566 syna
1101 2483 1222 2567 Apsoda
1241 2504 1276 2550 ze
1293 2483 1393 2550 διαδω-

134 2599 243 2673 bocbu,
274 2598 335 2680 obp
365 2597 449 2662 mobl
477 2598 627 2679 oppletas?
655 2597 850 2679 rycbtcir'stct
877 2602 978 2663 oresio
1008 2597 1124 2673 Mostu,
1154 2595 1240 2662 itero
1266 2596 1313 2678 cpi
1333 2586 1397 2676 proti

127 2711 236 2794 proca
257 2709 402 2785 scotavit,
425 2708 572 2792 obnooojc
593 2708 675 2775 broi.
692 2710 887 2795 bofrycbtc'r'i
908 2708 1065 2776 osismos·
1087 2710 1298 2775 Petermanno
1317 2728 1332 2772 s
1348 2683 1397 2768 Udi

135 2847 156 2890 a
170 2824 244 2908 jebu
268 2823 410 2888 scobem
432 2823 523 2904 scipis
544 2844 589 2886 aa
612 2828 673 2886 toto
688 2823 883 2905 rycbtcir'stos'
903 2844 924 2887 o
939 2822 1100 2905 piisssdoo'
1121 2843 1185 2898 mo,
1207 2824 1241 2888 de
1254 2820 1307 2886 md
1320 2814 1395 2902 proco

127 2941 163 3021 je
183 2937 296 3011 smodi,
319 2937 352 3000 dc
375 2957 429 2998 cna
450 2935 554 3000 adlabi
574 2937 692 3000 soccos·
713 2934 845 3017 riccbny
869 2936 1013 3018 pr'c'prady
1042 2936 1159 3001 soudnt
1178 2957 1200 3000 o
1221 2934 1305 3000 croti
1322 2925 1398 2998 codd

129 3050 260 3133 pobaty,
292 3048 400 3113 brono
425 3048 502 3124 cecc,
524 3072 542 3112 v
564 3047 690 3133 ktcry'cb
712 3048 749 3114 ke
770 3048 856 3114 crois·
876 3049 932 3116 neb
949 3047 1190 3131 pocsomorsmu
1211 3048 1280 3131 bolo
1297 3043 1398 3130 podio

135 3164 292 3239 oda-oldut,
317 3165 351 3228 Ze
372 3184 426 3226 coo
447 3162 502 3226 ηιά
517 3163 731 3244 pr'c'podoooti
752 3160 986 3245 ordinasses
1006 3162 1173 3248 soledeny'cb
1194 3184 1240 3227 sco
1255 3152 1401 3245 prescipto

136 3270 278 3342 statutio
305 3274 456 3350 obecaicb,
479 3275 512 3339 dc
520 3276 665 3357 pitsednt
677 3277 802 3340 antistiti
813 3276 933 3357 scemoji
945 3274 996 3339 bez
1009 3274 1086 3340 sebo
1101 3274 1187 3340 bra'ts'
1200 3276 1267 3342 oeci
1285 3261 1403 3340 scobat

198 3412 220 3455 o
241 3390 275 3454 ie
297 3389 372 3452 daton
386 3388 460 3471 jebo
483 3387 625 3469 rpssetns
645 3389 699 3452 ocri
721 3389 777 3453 ode
798 3387 888 3454 esech
904 3388 1018 3470 plaido
1040 3387 1179 3454 ostdoats'
1200 3388 1362 3454 osvooozco.

239 3565 306 3629 Nos
319 3563 482 3628 Johannes
495 3563 548 3627 dei
561 3563 752 3645 preciosis,
765 3564 1025 3646 recognoscimus
1039 3569 1152 3629 tenore
1162 3564 1357 3646 presencium
1368 3590 1410 3627 ·-,

137 3678 254 3743 dilecto
270 3676 362 3741 nobis
378 3673 545 3758 H[enrico]
561 3675 646 3740 dicto
662 3714 706 3721 —
721 3682 753 3741 et
768 3679 836 3741 suis
851 3676 1033 3753 heredibus,
1056 3673 1123 3742 filio
1140 3677 1301 3759 quondam
1315 3663 1412 3756 specii

137 3792 176 3855 do
193 3788 405 3867 Sussenbacb‚
433 3789 465 3851 in
490 3787 514 3852 G
538 3793 568 3852 et
591 3788 652 3853 XX
682 3789 850 3871 sexagenis
881 3807 1067 3870 grossorum
1096 3790 1305 3871 pragensium
1331 3788 1412 3853 dena·

136 3905 266 3979 riorum,
297 3918 377 3980 ouras
408 3919 465 3981 pro
489 3900 675 3966 exclusione
701 3901 818 3981 judicii
849 3901 992 3966 ciuitatis
1023 3906 1132 3966 nostre
1162 3902 1341 3981 Pontensis‚
1365 3908 1413 3981 per

140 4035 198 4079 nos
215 4014 339 4095 pridem
354 4011 488 4078 Nicolao
503 4013 707 4078 Petormanni
731 4014 771 4077 de
783 4013 863 4093 Usk,
886 4018 963 4078 tunc
981 4013 1085 4095 judici
1104 4018 1216 4079 nostre
1229 4015 1328 4095 curie,
1349 4009 1413 4077 obli·

139 4128 216 4208 goti,
252 4126 424 4208 pronubis
448 4132 480 4190 et.
510 4127 628 4190 uostris
658 4125 830 4190 heredibus
863 4128 1018 4208 erogauit,
1053 4144 1112 4191 nos
1142 4125 1213 4192 fore
1241 4132 1277 4191 et
1303 4130 1415 4192 nostros

139 4239 273 4303 heredes
297 4239 454 4303 debitoris
477 4239 642 4315 obligatos.
667 4238 703 4303 In
720 4257 784 4320 quc
800 4239 928 4320 quidem
947 4239 1082 4320 pecunie
1104 4257 1230 4304 summa
1251 4239 1419 4321 predictum

140 4353 283 4417 ciuitatis
306 4353 476 4417 Pontensis
496 4352 654 4433 judicium
682 4372 754 4417 cum
785 4351 932 4416 omnibus
964 4353 1032 4416 suis
1055 4351 1264 4433 utilitatibus,
1294 4352 1423 4435 juribus,

140 4465 307 4543 fructibus,
338 4464 588 4530 obuencionibus
615 4471 647 4527 et.
669 4465 878 4543 pertinenciis
907 4464 1151 4546 quibuscunque
1180 4464 1269 4531 dicto
1298 4464 1427 4533 Nicoleo

140 4579 180 4643 de
213 4575 310 4661 [Usk]
344 4583 378 4641 et
409 4579 478 4642 suis
512 4577 682 4642 heredibus
712 4578 806 4642 titulo
835 4578 979 4658 pignoris
1008 4576 1178 4644 locandum
1209 4578 1365 4646 duximus
1396 4598 1431 4648 ao
