3150 5378
765 447 841 499 rear.
1375 451 1436 517 115

139 657 174 721 ad
197 657 359 722 noticiam
380 656 585 739 presencium
608 660 640 721 et
673 657 859 723 memoriam
882 655 1057 722 deferimus
1081 657 1270 738 futurorum,
1294 659 1379 741 quod
1402 659 1436 724 in

138 776 248 836 nostra
270 769 469 836 constitutus
491 770 661 851 presencia
686 769 884 836 honorabilis
908 770 1118 852 daviticus,
1141 770 1324 853 prepositus
1355 773 1436 838 illel·

139 885 294 964 nicensis‚
316 888 351 949 et
385 881 562 963 Comedus,
592 883 692 966 judex
726 883 767 948 de
799 883 1034 964 Lutbomericz,
1058 883 1150 950 nobis
1173 884 1338 950 humiliter
1360 905 1435 968 sup-

138 999 354 1078 plicanermt,
385 996 471 1078 quod
493 996 676 1062 vendicioni
697 996 873 1063 molendini
896 997 976 1062 dicti
1007 995 1156 1078 conradi,
1188 996 1336 1063 habentis
1358 1016 1434 1082 qua-

138 1117 208 1176 tuor
231 1117 323 1176 rotas
347 1115 381 1175 et
403 1110 610 1176 consistentis
633 1110 666 1175 in
688 1110 761 1192 ripe
775 1108 917 1176 fluminis
941 1109 1041 1175 Albae
1057 1129 1095 1175 ex
1118 1111 1267 1192 opposito
1289 1111 1434 1178 ciuitatis

138 1223 270 1306 prefate,
295 1223 484 1306 peripsum
507 1221 690 1289 Comadum
723 1223 808 1289 lacte
830 1223 959 1290 domino
982 1223 1146 1306 preposito
1169 1242 1207 1289 nc
1228 1225 1433 1307 monasterio,

139 1356 309 1404 assensum
330 1336 466 1420 prebere
497 1339 667 1421 ipsamque
700 1343 805 1404 ratam
838 1338 1045 1421 dignaremur
1066 1336 1193 1418 habere,
1217 1343 1250 1404 el
1271 1338 1357 1420 quod
1378 1339 1433 1404 ad·

139 1455 265 1519 mittere
288 1452 478 1518 deberemus
501 1459 692 1519 memoratos
725 1453 926 1537 prepositum
947 1470 985 1517 ac
1007 1451 1238 1517 monasterium
1267 1453 1434 1534 possidere

140 1568 242 1649 ipsum
275 1566 497 1632 molendinum
518 1566 656 1632 liberum
678 1571 711 1633 et
733 1567 872 1633 solutum
895 1584 915 1631 a
936 1566 1139 1647 prestacione
1162 1583 1287 1646 census,
1311 1568 1434 1632 crucci-

141 1682 204 1745 unis
229 1685 264 1745 et
287 1679 432 1761 seruicii,
453 1679 539 1763 quod
561 1680 690 1746 nomine
700 1679 818 1763 judicii
833 1678 1028 1761 possidebat
1052 1678 1119 1743 Nos
1136 1696 1212 1744 vero
1235 1678 1274 1744 ob
1289 1678 1433 1748 fauorem

141 1794 305 1876 religionis
340 1798 373 1858 et
405 1793 602 1875 prefatorum
634 1793 792 1875 prepositi
826 1797 860 1857 et
882 1790 1023 1857 Conradi
1054 1790 1292 1872 precaminibus
1323 1811 1433 1858 eorum

142 1905 274 1990 benigno
310 1906 482 1972 annuimus
515 1924 652 1973 assensu
685 1912 719 1972 et
750 1908 854 1988 ipsam
876 1906 1098 1972 vendicionem
1131 1912 1234 1973 ratam
1267 1905 1431 1988 habentes,

144 2039 205 2086 eam
232 2026 350 2087 tenore
371 2021 532 2103 presentis
553 2020 719 2104 priuilegii
749 2020 898 2087 duximus
929 2017 1187 2101 confirmandam,
1218 2021 1372 2101 volentes,
1396 2026 1431 2086 vt

145 2135 333 2217 prepositus,
358 2135 414 2216 qui
436 2153 495 2217 pre
516 2139 660 2217 tempore
681 2134 789 2217 luerit,
813 2140 846 2200 et
868 2137 1045 2200 conuentus
1061 2134 1248 2200 monasterii
1271 2136 1429 2216 pretaxati

146 2246 241 2329 ipsum
256 2247 478 2314 molendinum
493 2249 644 2330 deinceps
661 2247 783 2332 absque
799 2249 884 2315 omni
907 2266 1033 2329 cenem,
1049 2247 1231 2314 exaccionis
1254 2253 1288 2313 et
1298 2249 1429 2314 seruicii

146 2360 254 2427 benere
287 2361 425 2427 liberum
459 2367 493 2427 et
514 2361 654 2428 solutum
686 2366 827 2444 teneant,
849 2362 991 2428 habeant
1022 2366 1055 2427 at
1075 2361 1265 2444 possideant
1296 2362 1430 2444 pacifice

148 2477 308 2559 aquiete.
333 2476 371 2540 ln
394 2476 486 2541 cuius
508 2475 556 2540 rei
588 2475 809 2540 testimonium
838 2493 876 2541 ac
899 2475 1001 2542 eciam
1030 2474 1231 2541 euidenciam
1262 2476 1430 2541 clariorem

149 2608 268 2669 presens
291 2590 502 2672 priuilegium
522 2588 594 2655 fieri
616 2594 649 2654 et
671 2589 771 2672 sigilli
801 2590 904 2656 nostri
934 2591 1110 2655 munimine
1132 2590 1356 2656 mandauimus
1377 2609 1428 2656 ro·

149 2700 251 2784 borani,
276 2704 432 2785 pretactis
447 2703 610 2785 preposito
632 2721 753 2786 suoque
768 2704 941 2769 conuentui
966 2704 1045 2769 illud
1062 2703 1239 2769 liberaliter
1260 2704 1428 2785 assignan-

150 2818 196 2879 tes.
218 2818 338 2881 Datum
360 2816 464 2897 Prage
485 2833 569 2881 anno
592 2815 714 2882 domini
736 2817 908 2883 millesimo
931 2817 1150 2883 ducentesimo
1173 2822 1206 2882 et
1228 2822 1343 2882 cetera.
1367 2817 1429 2881 Per

152 2945 248 2994 nanus
271 2935 304 2993 et
328 2933 442 2994 cetera.

240 3099 402 3154 Zdenkonis
420 3099 456 3153 de
473 3100 604 3167 Trabeam·
628 3100 711 3156 Liber
729 3118 746 3155 a
763 3101 941 3157 missionibus
959 3101 998 3155 Νθ
1017 3108 1065 3156 142
1077 3119 1094 3154 v
1113 3084 1230 3156 (beclem
1249 3117 1373 3156 miraeum
1394 3119 1429 3157 za

155 3197 272 3263 napisem:
294 3198 369 3260 „Rex
386 3195 420 3250 ad
433 3196 598 3265 peticionem
613 3197 746 3266 prepositi
757 3196 934 3252 Melnicensis
953 3199 981 3250 et
996 3197 1097 3265 judicis
1118 3197 1332 3253 biitmericonsis
1352 3215 1426 3268 emp-

155 3291 240 3346 cionem
259 3292 410 3348 molendini
429 3291 543 3347 aliamue
568 3292 685 3348 ratificat
704 3299 732 3347 et
751 3293 920 3347 conlirrnat“.
941 3325 972 3333 —
991 3294 1091 3361 Emler,
1111 3295 1232 3363 llegesta
1249 3294 1283 3349 ΙΙ.
1305 3295 1326 3350 ὁ.
1350 3301 1426 3349 2457.

711 3558 774 3642 Cis.
799 3577 850 3642 52.

630 3746 741 3836 [rien
764 3766 793 3814 r.
818 3747 929 3834 1291]

151 3921 217 3988 l'ru'l
253 3923 366 3989 l'dclao
402 3921 443 3987 ΙΙ.
461 3925 632 4006 postepmje
662 3922 879 3989 Percbtoldori
912 3945 933 3986 o
954 3921 1029 4005 jabo
1062 3922 1204 3986 deilicae
1232 3920 1428 4002 rpclrtciistei

148 4041 234 4102 oasa
257 4040 374 4111 Moatra,
390 4058 407 4101 a
429 4035 551 4102 iterabo
561 4038 667 4120 posted
690 4038 729 4101 do
745 4036 870 4118 koowrp
893 4034 1055 4100 krdlooske'
1069 4040 1112 4097 ill)
1127 4035 1235 4099 luliaco
1250 4035 1372 4099 stillare
1393 4056 1427 4100 ee

141 4149 243 4230 plata
278 4173 299 4217 a
332 4173 350 4215 a
382 4150 478 4216 nelos
513 4150 678 4216 I'ercdtold
707 4152 750 4211 :id
783 4149 892 4215 lr-r'e'cen
922 4173 943 4215 a
979 4150 1121 4214 dedicore
1142 4148 1217 4232 jabo
1252 4152 1296 4212 de
1318 4148 1426 4213 bilsen

661 4263 775 4346 prlaliii
796 4263 885 4346 maji.

234 4442 304 4507 Nos
327 4439 536 4507 Wenceslaus
571 4442 623 4506 dei
654 4440 764 4523 gracie
798 4458 854 4503 rex
885 4439 1016 4505 Boemie
1047 4444 1079 4503 et
1109 4439 1250 4504 marchio
1281 4438 1428 4503 Morauie

135 4563 242 4623 netum
267 4556 404 4621 facimus
428 4557 588 4621 uniuersis
603 4560 747 4622 tenorem
770 4555 971 4637 presencium
987 4553 1243 4637 perspecturis),
1267 4554 1351 4638 quod
1367 4571 1426 4619 nos

132 4670 376 4737 considerantes
409 4669 524 4734 merita
557 4668 666 4734 dilecti
700 4667 804 4734 fidelis
838 4669 940 4734 nostri
963 4667 1184 4749 Perchtoldi²)‚
1216 4668 1332 4751 quiibns
1363 4665 1425 4731 sibi

1237 4789 1269 4840 3*
