3098 5392
130 403 195 472 382
753 405 827 455 sese.

129 618 308 681 teneantur.
343 613 502 694 Quocirca
523 612 668 696 paternis
690 630 729 679 ac
750 614 870 680 nostris
893 613 1020 680 dilectis
1042 613 1204 700 fidelibus,
1233 617 1391 703 capitaneis,

129 728 326 808 camerariis,
348 726 530 808 pmcrauiis
545 731 578 793 et
592 725 667 791 eliis
683 724 875 794 officialibus
897 726 1153 812 quibuscunque,
1176 749 1298 798 necnon
1312 731 1392 815 jndiei

130 848 163 909 et
179 842 299 927 juratis
329 841 363 906 in
385 840 545 924 Budwoys
579 840 807 907 committimus
837 841 897 907 sub
926 847 1060 925 optentu
1088 844 1200 927 gracie
1227 843 1391 912 firmiteret

129 956 328 1036 mandamus,
358 959 516 1037 quatenus
539 954 580 1020 de
601 954 746 1038 predicta
769 954 860 1022 curia
880 974 1044 1040 nunquam
1065 957 1141 1024 sllis
1163 959 1279 1025 amodo
1297 963 1391 1043 tempe

129 1070 219 1136 ribus
242 1086 374 1137 censum
396 1073 453 1134 aut
475 1086 573 1135 onera
594 1069 733 1151 erigant,
762 1069 924 1152 recipiant
944 1075 1001 1136 aut
1022 1070 1199 1154 requirant,
1222 1077 1315 1156 prout
1332 1071 1392 1140 indi·

128 1183 318 1268 guaeionem
349 1186 493 1248 nostram
527 1182 783 1248 irremissibilem
813 1183 974 1249 voluerint
1006 1183 1139 1251 euitare
1184 1185 1224 1252 In
1253 1186 1338 1254 euius
1359 1185 1390 1251 rei

127 1296 348 1363 testimouium
370 1300 537 1378 presentes
558 1294 629 1361 sseri
651 1300 684 1361 et
706 1295 807 1378 sigilli
829 1297 932 1363 nostri
962 1298 1109 1365 volumus
1131 1301 1327 1382 appensione
1343 1317 1390 1365 mu·

128 1411 202 1476 niri.
247 1410 365 1476 Actum
387 1414 421 1474 et
442 1409 553 1474 datum
575 1409 609 1473 in
631 1408 758 1492 Ppeslra
787 1410 841 1476 dio
865 1410 959 1477 beate
988 1410 1093 1478 Marie
1123 1412 1314 1498 Magdalene
1330 1430 1389 1478 auno

128 1524 250 1591 domini
273 1523 445 1589 millesimo
468 1523 693 1588 trecentesimo
717 1523 962 1607 quadragesimo
984 1525 1095 1592 tercio.

207 1775 217 1790 .
232 1694 306 1766 Orig.
318 1694 425 1765 druhdy
436 1711 453 1749 v
465 1694 577 1749 archivo
589 1711 624 1748 m.
640 1693 790 1764 Budtjoric
807 1712 822 1751 s
839 1696 931 1766 pedeti
948 1697 1152 1768 nepornienon.
1170 1697 1245 1769 Kop.
1257 1716 1274 1753 r
1286 1698 1387 1769 diplom·

128 1793 182 1848 tadi
201 1792 328 1848 Ceskeho
346 1807 450 1846 musea
467 1820 502 1831 -
521 1790 620 1860 chyou,
638 1790 732 1846 Codex
749 1791 890 1847 Morariae
907 1792 968 1849 VII.
986 1799 1034 1850 atr.
1052 1797 1113 1849 8⁶2.
1130 1824 1166 1836 -
1182 1794 1284 1863 Emler,
1298 1796 1386 1864 Rapere

128 1889 176 1943 IV.
193 1887 216 1944 d.
236 1894 311 1944 1300.

692 2046 756 2131 css.
784 2065 858 2132 ess.

488 2218 587 2295 1343,
610 2218 630 2286 3
652 2219 856 2306 listopadu.
877 2221 910 2290 V
932 2220 1064 2292 hene.

129 2379 300 2464 Moraosky'
320 2377 487 2444 morkrabi
498 2378 607 2454 Κανά,
629 2377 726 2462 chttje
735 2380 911 2445 maronem
925 2381 1026 2445 mata
1039 2379 1230 2463 Npmbarka
1249 2374 1385 2448 meses

129 2494 234 2577 story,
263 2492 350 2558 kierc'
369 2490 516 2578 pteron
536 2492 666 2574 serpat
695 2492 808 2576 dornejo
821 2492 887 2577 jim
904 2491 1025 2576 poblite
1045 2492 1189 2560 danos
1208 2496 1333 2578 pactores
1347 2492 1385 2562 tta

261 2605 350 2691 icterp
372 2604 484 2671 matoes
505 2604 653 2689 symptits'
674 2627 696 2670 α
717 2626 762 2671 aa
783 2605 849 2672 role
869 2606 927 2672 ned
942 2606 1098 2691 postos‘ap
1113 2609 1293 2691 procace

232 2784 301 2850 Nos
322 2783 462 2849 Kerolus
485 2781 608 2847 domini
630 2781 718 2864 regis
747 2781 880 2848 Boemie
909 2783 1152 2867 primogenitus,
1186 2786 1325 2853 marchio
1342 2781 1389 2849 iio

127 2899 229 2981 rauie,
252 2903 364 2964 notum
386 2895 521 2962 iacimus
539 2900 651 2962 tenore
673 2896 875 2978 presencium
891 2897 1062 2980 uniuersis,
1083 2898 1170 2983 quod
1184 2918 1246 2967 nos
1260 2919 1300 2968 ex
1312 2897 1391 2965 auimo

128 3014 332 3096 compassiuo
365 3016 538 3093 pensantes
572 3010 686 3093 grama
719 3010 844 3092 damna,
877 3029 940 3093 que
972 3010 1084 3079 fideles
1113 3015 1243 3096 paterni
1266 3021 1299 3081 et
1316 3006 1393 3081 nostri

127 3129 217 3196 ciues
233 3125 378 3193 ciuitatis
388 3125 419 3190 N
420 3121 691 3208 eumburge[nsis]
706 3142 745 3190 ac
759 3125 831 3206 ipsa
846 3124 963 3190 ciuitas
979 3144 1043 3192 non
1058 3127 1130 3192 sine
1150 3129 1275 3211 gemitu
1285 3123 1394 3209 exiguis

127 3243 281 3326 voragine
310 3241 522 3324 pertulerunt,
555 3238 721 3321 cupientes
754 3239 863 3322 itaque
885 3239 1013 3305 ciuitati
1035 3239 1140 3308 eidem
1161 3246 1197 3309 et
1217 3241 1395 3321 cimonem

128 3362 248 3441 quanto
270 3373 326 3422 eos
348 3353 528 3436 graciosius
557 3352 804 3434 respexerimus,
833 3355 923 3418 tauto
948 3352 1065 3419 melius
1087 3353 1217 3421 valeant
1247 3351 1396 3427 emendari,

128 3470 269 3557 graciam
291 3466 399 3534 facere
420 3465 604 3548 specialem,
625 3465 706 3547 ipsis
730 3465 847 3531 siluam
862 3483 919 3531 seu
936 3465 1085 3532 rubetum
1107 3467 1207 3533 situm
1229 3487 1289 3535 seu
1306 3469 1396 3552 jacens

127 3603 227 3670 penes
249 3587 379 3666 pontem
400 3578 493 3645 fluuii
517 3578 708 3662 Conopnicz,
731 3578 915 3661 incipiendo
937 3579 1147 3662 insuperiori
1169 3586 1263 3664 parte
1277 3579 1397 3650 eiusdem

127 3700 246 3785 pontis,
279 3693 496 3763 continuando
525 3711 626 3775 esque
655 3693 695 3757 ad
729 3694 910 3760 communia
942 3711 1064 3775 pascua
1099 3694 1245 3762 ciuitatis
1268 3694 1397 3768 eiusdem

127 3818 224 3899 prout
245 3810 332 3878 idem
352 3807 503 3874 rubetum
532 3824 589 3890 per
619 3805 809 3873 arundinem
839 3825 897 3873 seu
919 3825 1048 3888 menas,
1076 3807 1163 3891 quod
1185 3827 1241 3877 ror
1261 3808 1398 3892 wlgariter

128 3928 257 4006 dicitur,
281 3925 314 3990 in
339 3941 398 3988 sua
421 3920 685 3988 circumferencia
708 3925 758 3986 est
788 3919 987 4001 distinctum,
1020 3920 1144 4002 damus,
1176 3918 1399 3991 conferimuset

128 4045 283 4111 donamus
314 4037 449 4106 eandem
478 4037 605 4119 syluam
626 4054 684 4100 seu
705 4033 854 4100 rubetum
885 4033 1012 4100 ciuitati
1037 4034 1102 4116 ipsi
1123 4052 1162 4100 ae
1185 4034 1312 4104 ciuibus
1331 4035 1396 4102 dee

127 4159 200 4225 dem
221 4157 256 4223 in
284 4156 484 4237 perpetuum,
522 4150 669 4216 veientes
699 4148 877 4228 dantesque
906 4153 940 4214 et
969 4147 1181 4215 concedentes
1211 4149 1261 4216 eis
1287 4147 1396 4217 cauden

127 4273 251 4358 spissam
275 4286 333 4335 seu
354 4265 501 4332 rubetam
526 4264 560 4329 in
582 4282 677 4346 agros
707 4261 890 4344 extirpandi
913 4266 946 4327 et
971 4260 1138 4329 excolendi
1160 4268 1194 4328 et
1216 4264 1339 4331 exculta
1356 4271 1396 4326 ses

127 4386 288 4467 extirpata
310 4383 343 4448 in
360 4378 504 4446 ciuitatis
527 4375 673 4442 eiusdem
696 4376 875 4443 communie
897 4393 1020 4458 pascua
1042 4377 1253 4443 conuertendi
1268 4372 1396 4444 seems

127 4502 168 4568 de
190 4500 262 4582 ipso
285 4495 408 4577 rubeto,
431 4496 528 4576 prout
550 4491 598 4556 eis
620 4491 736 4557 melius
759 4495 792 4556 et
811 4489 923 4556 vtiiius
945 4488 1098 4573 expedire
1118 4489 1292 4573 videbitur,
1313 4489 1397 4570 dispe

128 4613 226 4683 nendi
263 4611 391 4695 plenam
428 4613 462 4675 et
497 4604 711 4674 omnimodam
748 4605 941 4672 auctoritate
977 4603 1182 4687 presencium
1221 4607 1397 4689 pausatae
