3098 5392
191 438 254 503 740
818 438 894 488 rasa.

188 648 289 731 sibus,
297 648 488 729 redditibus
498 645 729 728 usufructibus,
740 645 1003 729 obuencionibus,
1017 647 1202 730 honoribus,
1215 648 1360 718 dominio
1373 657 1407 718 et
1418 653 1491 720 aliis

189 763 338 829 omnibus
355 761 484 846 juribus
508 767 541 828 ct
561 760 783 844 pertinenciis,
807 759 841 825 in
865 760 1111 843 quibuscunque
1127 761 1224 828 rebus
1240 765 1437 848 consistant,
1461 767 1491 832 in

189 877 297 959 ipsum
319 874 509 956 Henricum,
539 874 675 941 heredes
699 880 731 940 et
755 891 959 940 successores
990 892 1067 940 suos
1097 875 1275 944 transferre
1296 878 1492 946 hereditarie

190 991 250 1057 sub
273 990 420 1057 omnibus
452 989 519 1055 illis
542 989 637 1055 modo
659 993 692 1055 et
714 986 826 1069 forme,
860 988 989 1070 punctis
1020 994 1053 1054 et
1084 989 1243 1071 articulis,
1272 1009 1338 1075 que
1366 994 1402 1059 in
1424 1012 1492 1077 pre

191 1104 289 1171 dictis
312 1104 457 1186 antiquis
480 1103 664 1186 priuilegiis
686 1102 902 1184 continentur,
925 1104 1105 1184 graciosius
1121 1103 1348 1186 dignaremur;
1371 1107 1492 1174 idcirco

190 1237 260 1300 nos,
284 1219 340 1302 qui
362 1223 437 1283 vota
459 1216 675 1301 quorumlibet
696 1221 881 1282 nostrorum
905 1215 1051 1282 fidelium
1073 1217 1162 1283 iustu
1182 1218 1369 1300 potenciam
1386 1220 1428 1286 de
1449 1222 1493 1286 in-

191 1338 268 1398 nata
290 1332 385 1398 nobis
408 1331 569 1412 solitaque
590 1330 712 1413 pietate
735 1348 862 1412 semper
884 1330 1031 1412 graciose
1054 1330 1308 1413 complectimur,
1328 1334 1493 1416 requiren-

190 1447 278 1513 tibus
302 1447 400 1512 etiam
422 1444 558 1511 Henrici
580 1444 685 1526 ipsius
707 1443 942 1526 multiplicibus
965 1442 1040 1509 fidoi
1064 1448 1098 1509 et
1121 1445 1337 1511 seruiciorum
1360 1447 1493 1526 meritis,

192 1560 308 1644 quibus
332 1561 500 1642 hucusque
515 1557 703 1624 celsitudini
725 1563 836 1624 nostre
858 1558 1049 1624 multociens
1066 1563 1158 1641 grate
1181 1559 1387 1642 complacuit,
1411 1580 1492 1629 com-

192 1675 321 1758 placere
342 1671 472 1740 debebit
494 1678 527 1739 et
548 1673 667 1754 poterit
688 1672 818 1754 granius
840 1674 874 1737 in
897 1671 1051 1753 futurum,
1075 1672 1172 1738 iustis
1187 1677 1220 1738 et
1240 1673 1494 1742 racionabilibus

193 1785 489 1870 supplicacionibus
519 1785 693 1869 benignius
716 1787 874 1867 inclinati,
906 1786 969 1852 sibi
992 1793 1025 1852 et
1047 1786 1144 1852 dictis
1167 1786 1236 1852 suis
1266 1787 1445 1855 heredibus
1466 1795 1495 1855 et

195 1899 437 1968 successoribus
459 1899 629 1982 legittimis
652 1899 841 1981 supradicta
864 1899 1037 1982 priuilegia
1059 1900 1131 1966 siue
1153 1900 1266 1966 literas
1289 1902 1325 1966 in
1350 1903 1495 1969 omnibus

194 2015 263 2080 suis
285 2014 414 2096 punctis
437 2019 471 2079 et
491 2012 639 2080 articulis
662 2017 696 2078 et
716 2013 882 2094 clausulis,
913 2018 1009 2095 prout
1037 2012 1079 2079 de
1101 2013 1199 2080 uerbo
1221 2013 1264 2079 ad
1287 2014 1425 2081 verbum
1446 2034 1494 2081 er·

195 2130 342 2210 pressule
361 2131 446 2208 sunt,
457 2126 565 2192 animo
587 2125 775 2207 deliberato,
793 2144 935 2208 sanoque
948 2131 982 2190 et
995 2130 1122 2192 maturo
1137 2127 1331 2210 principum,
1342 2127 1495 2195 baronum

195 2247 229 2307 et
242 2259 412 2324 procerum
433 2237 579 2306 fidelium
602 2244 785 2306 nostrorum
808 2239 982 2305 accedente
1004 2239 1140 2306 consilio
1163 2239 1429 2323 approbauimus,
1451 2242 1494 2307 in·

195 2354 399 2435 nouauimus,
410 2351 655 2435 ratificauimns,
670 2351 932 2421 confirmauimus
944 2358 977 2417 et
994 2357 1108 2418 tenore
1129 2352 1335 2436 presencium
1356 2354 1397 2420 de
1413 2361 1495 2421 certa

195 2472 308 2535 nostra
318 2467 460 2534 sciencia
471 2485 594 2533 necnon
605 2467 698 2548 regia
708 2467 902 2532 auctoritate
913 2465 1046 2533 Boemie
1058 2465 1283 2549 approbamus,
1295 2466 1495 2546 innouamus,

195 2578 394 2648 ratificamus
426 2580 521 2646 etde
552 2580 704 2663 specialis
734 2579 844 2663 gracie
871 2578 1098 2646 munificencia
1127 2578 1365 2661 confirmamus,
1395 2587 1496 2648 trans

196 2693 337 2762 ferentes
367 2695 402 2760 in
424 2712 480 2760 eos
503 2698 668 2759 eteorum
692 2692 868 2776 quemlibet
889 2693 930 2759 de
953 2693 1086 2775 speciali
1120 2693 1230 2775 gracia
1261 2711 1356 2759 omne
1375 2695 1441 2777 Jus,
1471 2694 1495 2760 si

197 2808 283 2892 quod
304 2807 397 2874 nobis
420 2807 454 2873 in
476 2807 661 2873 huiusmodi
679 2806 804 2891 judicio
828 2807 961 2890 suisque
985 2805 1114 2890 juribus
1137 2811 1170 2872 et
1192 2805 1407 2888 pertinenciis
1430 2827 1497 2891 pre

197 2923 317 2989 notatis
333 2921 543 3005 competebat,
567 2920 723 2986 hactenus
739 2921 772 2985 iu
789 2921 931 3002 presenti
954 2919 1108 3001 competit
1122 2919 1175 2985 nel
1191 2924 1375 3003 competere
1391 2926 1498 3003 posset

197 3035 436 3121 quomodolibet
457 3035 491 3100 in
514 3035 669 3115 futurum,
693 3039 803 3100 nostre
818 3037 926 3099 lamen
946 3033 1066 3115 regalis
1083 3051 1208 3099 camere
1226 3033 1367 3116 Juribus,
1392 3035 1498 3115 siqua

197 3150 247 3216 illi
269 3149 304 3215 in
326 3148 434 3215 causis
457 3147 679 3214 criminalibus
702 3147 736 3212 in
759 3146 885 3229 prefata
919 3146 1055 3212 ciuitate
1088 3145 1332 3213 occurrentibus
1366 3145 1410 3212 de
1428 3148 1499 3231 Jure

197 3263 251 3329 uel
274 3261 509 3328 consuetudine
525 3261 677 3328 videntur
690 3263 881 3342 competere,
893 3259 1010 3341 quibus
1026 3259 1175 3342 derogari
1192 3260 1354 3342 nolumus,
1372 3279 1498 3343 semper

139 3379 141 3384 ’
198 3376 310 3444 saluis.
332 3375 376 3441 Et
399 3377 446 3442 sic
468 3376 571 3441 nostri
594 3373 727 3456 fauoris,
758 3372 977 3439 concessionis
1001 3377 1034 3438 ct
1055 3373 1231 3439 uoluntatis
1261 3377 1313 3439 est
1335 3372 1377 3439 de
1398 3373 1500 3456 regali

198 3495 308 3557 nostre
330 3488 541 3571 plenitudine,
576 3493 610 3553 vt
633 3487 778 3570 prelatus
801 3485 973 3567 Hernicus,
1005 3487 1056 3551 sui
1079 3484 1214 3552 heredes
1237 3491 1271 3552 et
1294 3505 1500 3554 successores

198 3602 360 3687 legittimi,
384 3606 419 3666 vt
439 3600 647 3683 premittitur,
671 3600 892 3682 supradictum
910 3599 1070 3683 judicium
1087 3617 1159 3665 cum
1178 3598 1328 3665 omnibus
1344 3601 1416 3667 suis
1432 3620 1503 3684 pre

199 3719 320 3784 notatis
354 3714 493 3800 juribus,
528 3714 748 3781 vsufructibus
786 3719 819 3781 et
855 3713 1067 3797 pertinenciis
1101 3731 1226 3779 exnunc
1259 3713 1392 3780 inantea
1431 3735 1504 3781 cum

201 3834 362 3913 potestate
392 3828 534 3895 faciendi
557 3833 589 3894 ct
612 3828 796 3894 dimittendi
826 3826 982 3893 deberent
1003 3825 1131 3908 habere,
1160 3830 1273 3892 tenere
1303 3831 1337 3892 et
1368 3825 1505 3909 pacifice

201 3943 339 4010 debeant
360 3943 527 4026 perpetuis
549 3942 748 4026 temporibus
772 3941 947 4025 possidere.
971 3939 1180 4007 Presencium
1203 3938 1263 4005 sub
1286 3941 1377 4022 regie
1393 3945 1507 4008 nostre

201 4057 381 4124 maiestatis
399 4055 506 4138 sigillo
522 4055 708 4122 testimonio
724 4057 899 4121 literarum.
924 4055 1044 4120 Datum
1060 4052 1164 4136 Prage
1185 4069 1270 4118 anno
1293 4051 1419 4119 domini
1435 4054 1508 4120 mil·

200 4171 314 4236 lesimo
336 4171 562 4236 trecentesimo
586 4171 804 4254 octuagesimo
828 4168 979 4251 secundo,
995 4167 1050 4232 die
1064 4165 1190 4233 decima
1204 4165 1328 4232 mensis
1343 4163 1508 4249 ianuarii,

201 4302 373 4367 regnorum
384 4289 566 4351 nostrorum
579 4303 662 4349 anno
675 4283 807 4349 Bocmie
822 4282 946 4349 decimo
962 4298 1056 4364 nono,
1076 4280 1294 4348 Romanomm
1309 4297 1388 4347 uero
1405 4287 1512 4360 serto,

557 4397 621 4481 [Nu
644 4396 760 4480 obbu:]
784 4397 846 4463 Per
869 4396 1035 4463 dominum
1058 4395 1257 4478 prepositum
1280 4391 1511 4465 Lubucensem

841 4503 1065 4593 camerarlius]
1088 4503 1231 4591 P[etrus]
1254 4504 1471 4596 daeren[sis]

308 4621 372 4706 [Na
393 4621 508 4704 rubuz]
532 4623 568 4686 It.
593 4621 757 4688 lohannes
781 4621 871 4687 Lust.
