3098 5392
128 436 193 503 508
752 431 827 484 raas.

126 646 266 710 nitorem
282 647 427 709 nostrum
443 641 655 722 carissimum,
679 641 873 723 claruerunt,
896 659 949 708 res
971 658 1047 707 suas
1069 639 1196 723 puriter
1217 646 1251 707 et
1270 655 1396 723 persuum

128 756 283 841 grauibus
306 755 470 839 periculis,
496 755 671 821 cuiuslibet
691 756 817 822 timoris
840 760 1027 838 postergum
1048 753 1189 822 abiectis
1209 752 1358 836 augmtiis
1373 751 1397 816 in

129 871 250 936 nostris
273 873 306 934 et
327 867 465 950 predicti
478 868 581 950 putris
603 868 706 934 nostri
729 867 894 951 obsequiis
911 872 1023 935 contra
1035 866 1252 949 Ludouicum,
1267 865 1399 951 quondm

130 984 170 1048 do
192 982 350 1061 Bouaria,
375 980 430 1062 qui
453 998 488 1044 se
511 999 569 1062 pro
592 980 785 1062 imperatore
805 981 946 1063 gerebat,
969 985 1160 1063 ceterosque
1174 980 1286 1047 hostes
1299 982 1399 1045 nosnos

130 1093 295 1177 intrepide
317 1098 350 1158 et
373 1092 510 1158 viriliter
539 1093 737 1174 exponendo,
760 1130 804 1139 —
826 1092 948 1160 eisdem
970 1092 1161 1160 ciuibus-
1181 1093 1268 1159 banc
1286 1092 1400 1176 gratim

131 1207 304 1290 specialem
337 1204 484 1286 facimus,
518 1204 722 1271 concedimus
756 1211 789 1271 et
823 1206 864 1273 de
894 1211 1004 1273 nostre
1025 1206 1237 1290 imperatorie
1258 1204 1400 1289 potestatis

130 1319 332 1403 plenitudine
363 1318 541 1384 liberaliter
570 1318 783 1400 indulgemus,
806 1320 899 1385 utin
922 1320 1061 1402 singulis
1085 1320 1289 1402 ciuitatibus,
1310 1316 1400 1403 opidis,

129 1435 219 1514 locis,
250 1433 347 1513 villis,
386 1432 511 1513 castris,
543 1431 639 1497 terris
672 1437 705 1496 et
725 1430 911 1499 fluminibus
937 1451 976 1499 ac
998 1434 1156 1515 portubus
1179 1434 1337 1501 uniuersis
1354 1430 1401 1495 llo

129 1566 224 1614 mano
255 1545 391 1628 imperio
414 1562 471 1610 seu
494 1562 596 1626 regno
620 1543 783 1625 subiectis,
807 1544 1052 1628 quibuscunque
1074 1552 1271 1614 censeantur
1291 1543 1402 1613 nomini·

132 1661 204 1741 bus,
227 1665 359 1727 cunctas
373 1676 437 1739 res,
456 1657 540 1724 bona
562 1662 595 1723 et
615 1657 825 1725 mercimonia
846 1659 999 1741 ipsorum,
1022 1659 1258 1743 cuiuscumque
1278 1656 1402 1731 nonina

133 1778 257 1855 nature,
280 1772 419 1855 generis,
455 1770 575 1853 speciei
610 1775 644 1836 et
676 1770 875 1838 condicionis
907 1772 1056 1852 existant,
1091 1774 1165 1839 sine
1199 1772 1401 1839 soluciouool

133 1889 304 1953 exaccione
320 1883 493 1951 cuiuslibet
514 1883 655 1951 thelonei
677 1888 711 1948 et
735 1883 865 1965 pedagii
891 1884 1018 1966 ducere,
1041 1884 1181 1952 educere
1205 1890 1241 1951 et
1263 1884 1402 1958 reducere7

133 2018 248 2079 emere,
272 1997 420 2077 vendere,
444 2003 634 2078 permutare,
657 1996 800 2062 alienare
821 2015 859 2064 ac
889 1997 992 2063 eciam
1015 1998 1055 2064 de
1077 1998 1201 2065 eisdem
1215 1998 1299 2065 alias
1317 1995 1403 2076 dispo·

131 2130 209 2178 uero
243 2117 276 2176 et
305 2115 455 2190 tractare,
485 2113 647 2192 tamquam
684 2111 752 2175 veri
782 2110 921 2192 exempti
943 2110 984 2176 ab
1007 2128 1104 2177 onere
1125 2111 1303 2178 solucionis
1322 2106 1402 2174 tbelo

132 2243 264 2291 neorum
295 2229 328 2289 et
357 2225 566 2306 pedagiorum
594 2231 723 2309 queant,
753 2226 879 2308 possint
900 2229 933 2290 et
959 2226 1088 2291 valeant
1110 2226 1340 2309 imperpetuum
1357 2238 1402 2305 pro

132 2340 278 2419 ipsorum
301 2337 482 2404 omnimoda
504 2342 538 2404 et
559 2337 661 2404 libera
683 2338 855 2404 voluntate.
890 2375 934 2385 —
963 2336 1097 2421 Quom
1119 2335 1315 2405 sensuam·
1328 2333 1403 2417 pria·

131 2449 215 2532 cipis
238 2454 267 2514 et
290 2448 420 2526 dontius,
444 2449 564 2516 donaiai
577 2450 702 2526 Koroli,
720 2452 936 2517 Ilomoooncm
957 2451 1163 2534 imperatoris
1180 2447 1405 2517 samosate

131 2562 354 2647 gloriosissimi
383 2563 509 2628 Boaris
539 2563 632 2646 repis.
677 2562 783 2629 Huius
816 2565 864 2631 rei
897 2569 998 2632 testes
1032 2570 1123 2631 sunt:
1155 2563 1344 2633 venerabilis
1362 2558 1404 2626 Jo

132 2678 264 2757 bannes,
283 2676 516 2758 OlomucensiS,
529 2677 723 2760 Luepoldus,
739 2677 997 2761 Bambergensis,
1014 2683 1047 2744 et
1061 2678 1258 2760 Fridericus,
1277 2677 1404 2757 Rutispo

133 2790 254 2871 nensis,
283 2791 491 2856 ecclesiarum
514 2791 694 2870 ant-istites3
729 2791 872 2857 illustres
905 2791 1067 2872 Albertus,
1100 2791 1246 2873 Austris,
1267 2788 1405 2874 Styrioet

133 2903 313 2983 Kerintbie,
334 2903 495 2986 Nycolaus
520 2903 655 2985 Opauie,
679 2903 781 2970 Bolko
801 2903 1104 2987 Falkenburgeusis,
1128 2904 1245 2984 duces3
1262 2909 1294 2970 et
1312 2899 1403 2967 Fride

132 3019 231 3096 ricus,
254 3016 396 3082 marollio
423 3017 622 3100 llysnensis3
647 3016 839 3098 spectabiles
861 3016 1036 3099 lohannes,
1065 3015 1400 3101 Nurembergensiqal

133 3127 352 3208 Burohardus,
391 3129 546 3211 magister
569 3129 658 3194 curie
687 3129 874 3211 imperialis,
897 3128 1196 3213 Mogdeburgensis,
1220 3126 1402 3213 burggrauii3

134 3241 306 3308 Heinricus
337 3240 498 3321 Holsacie,
528 3240 702 3306 Heinricus
725 3241 765 3307 de
787 3239 997 3323 Hohenstein,
1027 3240 1203 3309 Heinricus
1226 3244 1267 3310 de
1288 3242 1403 3308 Suara·

135 3354 225 3435 burg,
255 3354 405 3418 Albertus
438 3353 477 3418 de
499 3352 737 3436 Werdemberg,
765 3354 916 3419 Albertus
939 3355 979 3420 de
1003 3354 1123 3421 Anbult
1146 3360 1178 3421 et
1200 3354 1359 3424 Jobannes
1376 3350 1403 3415 do

139 3466 272 3545 lteczze,
296 3467 438 3546 comites,
463 3466 569 3530 etalii
593 3485 689 3547 quam
704 3466 813 3548 plures
825 3467 928 3532 nostri
951 3472 983 3532 et
1005 3467 1133 3549 imperii
1146 3466 1268 3535 fideles.
1292 3468 1403 3533 Proser

135 3581 220 3646 cium
251 3579 309 3644 sub
339 3579 427 3644 bulla
458 3597 557 3644 arrrea
579 3586 689 3645 nostre
711 3579 890 3646 maiestatis
913 3581 1039 3663 typario
1062 3582 1223 3663 impressa
1244 3575 1402 3648 testimonio
1441 3602 1443 3625 ι

135 3693 322 3759 litterarum.
339 3690 364 3775 1)
411 3694 529 3758 Datum
552 3693 730 3774 llatispone
751 3712 834 3759 anuo
857 3692 979 3759 domini
1001 3694 1172 3762 millesimo
1204 3693 1402 3763 uocenmsiuo

136 3806 401 3888 quinquagesimo
425 3807 547 3889 quinto,
571 3813 685 3872 octaua
697 3807 887 3888 indiccione,
910 3804 1125 3873 X⁰kalendae
1141 3808 1293 3892 Augusti,
1313 3820 1401 3888 reguo

134 3938 204 3984 rum
229 3925 410 3985 nostrorum
432 3919 648 3984 Romanorum
670 3938 753 3986 anrro
775 3920 909 4001 decimo,
933 3920 1064 3986 Boemie
1085 3938 1181 4002 nono,
1205 3922 1330 4003 imperii
1349 3930 1402 3983 reto

135 4051 247 4113 primo.

239 4171 301 4255 [Na
325 4171 439 4255 rubum]
462 4172 498 4237 lt.
524 4171 696 4255 Wlpertus

338 4307 399 4394 [Nu
423 4310 537 4393 obbu:l
570 4311 633 4376 Per
655 4312 818 4378 dominum
841 4310 1167 4399 Lutbomluslensem]
1190 4315 1377 4399 episcopum,

605 4425 840 4503 cancellarium,
863 4425 1052 4507 liudolphus
1074 4425 1115 4492 de
1136 4427 1322 4512 Frideberg.

240 4560 311 4629 Orig.
330 4577 404 4630 perg.
431 4560 576 4616 varcbiru
596 4578 629 4613 ru.
649 4561 751 4615 Cbebu.
787 4560 937 4631 Uprostled
961 4561 1055 4631 listiny
1081 4579 1252 4634 monogram.
1288 4566 1322 4621 Se
1339 4564 1413 4619 atuor

138 4654 230 4711 bullon
249 4657 393 4711 claulslrou
411 4674 447 4711 na
465 4657 608 4712 bedrubne
629 4656 712 4712 §bule
735 4657 899 4725 sardianos,
926 4675 963 4714 na
984 4658 1052 4727 jejii
1074 4658 1161 4727 jedna
1186 4662 1284 4718 struae
1306 4662 1374 4717 ciret
1387 4670 1416 4713 ut
