3098 5392
684 411 759 465 ¹⁸⁰¹·
1301 412 1372 483 cto

103 620 156 698 im,
180 614 294 701 sbydte
315 616 398 684 broli
420 636 436 684 s
458 619 602 687 knideho
623 621 709 703 proti
734 618 806 687 vnit
828 621 916 688 vuoli
938 619 1097 689 diuicieho
1117 621 1260 705 toiikrtt,
1286 622 1368 693 koli-

103 734 143 796 ret
165 729 208 814 by
230 749 267 798 se
286 733 374 816 proti
395 731 494 799 dieve
514 732 664 818 iedenim
685 735 796 801 recem
826 733 908 800 nebo
934 733 1042 818 jednej
1066 755 1084 800 z
1106 735 1183 803 nich
1212 736 1290 804 deho
1312 737 1369 804 do·

103 845 194 911 rstili.
239 845 313 912 an
335 864 356 910 ι
377 845 479 912 Prnze
499 847 567 913 lete
586 846 701 914 boiiho
723 846 875 914 tisieieho
904 845 1042 915 tileteho
1071 847 1268 932 podestteho
1290 850 1366 916 dru-

103 957 166 1039 tho‚
187 956 366 1025 krtiovstvt
388 958 508 1027 nodeho
531 961 597 1027 leto
618 958 756 1028 desteho.

177 1113 269 1200 desny
292 1129 409 1200 pieklsd
426 1131 506 1186 nXV
521 1088 623 1188 'stoleti
639 1148 656 1186 ι
666 1132 792 1205 psmdtni
814 1133 897 1188 knize
920 1150 955 1188 m.
974 1131 1122 1189 Chrudimd
1138 1150 1186 1189 ιι.
1207 1139 1274 1191 ¹480
1291 1134 1364 1190 nel.

103 1225 178 1281 'tto
196 1226 386 1282 rknihovnim
410 1226 497 1283 uisdd
522 1226 740 1285 chrudimsirdm.
766 1259 802 1269 -
827 1226 965 1300 Letinsky
988 1234 1048 1284 text
1072 1244 1104 1285 se
1124 1227 1292 1285 'chrodini
1318 1244 1366 1285 ne·

103 1320 210 1378 tchovul.

636 1484 700 1569 dn.
725 1501 798 1569 esu

442 1655 541 1736 1352,
564 1654 787 1746 [dervenecl.
808 1656 843 1727 V
856 1655 987 1726 Prone

103 1819 158 1896 ud
175 1829 274 1896 Κανά
295 1828 351 1896 IV
370 1830 516 1915 peccho'e
544 1832 722 1898 murenam
750 1852 792 1898 m.
818 1832 934 1908 Montes,
968 1830 1029 1916 uby
1050 1831 1148 1899 modii
1168 1850 1186 1898 o
1205 1832 1366 1917 op'rodetn

103 1936 185 2009 rico
207 1926 298 2010 lutei
318 1940 422 2010 oeckoo
441 1964 488 2010 oc
507 1941 589 2011 tolete
615 1942 734 2029 trojus·
755 1943 978 2028 cprcddeoti
1000 1965 1022 2011 c
1042 1944 1186 2028 conspe
1213 1942 1359 2028 meuses

201 2077 224 2122 a
239 2057 424 2142 mune„
445 2077 486 2123 m.
511 2040 613 2134 dte,
635 2055 697 2141 aoy
710 2056 775 2143 jon
796 2079 816 2120 v
836 2061 901 2125 cm
921 2056 1049 2126 nouos·
1063 2054 1230 2140 pascuo.

173 2232 313 2299 Knrolus
334 2232 388 2299 dei
410 2233 520 2316 gracie
540 2233 759 2300 Romanorum
778 2250 837 2300 rex
850 2250 978 2316 semper
998 2237 1157 2317 augustus
1179 2238 1213 2300 et
1232 2233 1366 2301 Boemie

103 2356 137 2411 u
158 2345 295 2413 Dilectis
317 2345 410 2413 nobis
426 2398 434 2412 .
451 2397 459 2413 .
477 2345 582 2431 jndici
605 2350 660 2413 et.
677 2399 685 2413 .
705 2347 824 2432 juratis
846 2346 992 2414 ciuiuus
1013 2346 1174 2430 Senensis,
1196 2346 1253 2431 qui
1275 2365 1362 2415 nuno

103 2463 147 2525 ut
167 2460 218 2526 vel
239 2478 298 2542 pro
319 2464 465 2544 tempore
489 2459 620 2543 fuerint
648 2459 798 2528 fidelibus
827 2461 948 2529 nostris
982 2460 1121 2543 dilectis,
1151 2461 1294 2545 greciam
1313 2479 1366 2529 re·

103 2571 157 2639 [nm
177 2577 212 2639 et
231 2591 327 2640 omne
354 2572 481 2641 bonum.
525 2574 619 2641 Licet
647 2574 759 2641 dilecti
780 2573 873 2641 nobis
904 2574 993 2641 ciues
1022 2574 1199 2641 Pontenses
1220 2573 1305 2643 forte
1324 2592 1365 2641 ex

103 2687 302 2755 nsuetudine
323 2687 386 2754 huc
407 2706 471 2754 non
492 2688 702 2772 perduxerint
722 2705 782 2755 nee
803 2687 952 2769 habeant,
983 2686 1069 2771 quod
1098 2688 1133 2755 in
1153 2686 1223 2757 foro
1253 2688 1363 2754 enneli

103 2800 219 2866 coensis
250 2800 395 2867 ciuitatis
424 2818 548 2884 pannos
579 2800 723 2867 incidere
745 2806 779 2867 et
799 2820 858 2883 per
879 2801 987 2867 vinnm
1009 2800 1149 2869 vendere
1176 2800 1364 2884 possintne

103 2914 207 2994 deant,
238 2919 346 2980 tamen
368 2933 480 2981 eorum
501 2914 717 2997 peticionibus
740 2913 833 2982 nobis
855 2915 1012 2997 porrectis
1033 2913 1184 2981 beniuole
1205 2913 1363 2995 inclinati,

103 3027 163 3093 >bis
185 3028 330 3094 volentes
353 3029 482 3096 omnino
504 3027 627 3095 seriose
648 3028 844 3110 precipimus
865 3032 899 3093 et
912 3027 1110 3107 mandamus,
1138 3030 1307 3110 quotenus,
1329 3030 1365 3092 vt

103 3141 132 3206 si
156 3146 189 3206 et
210 3140 348 3223 quilibet
367 3159 479 3207 eorum
500 3141 535 3207 in
550 3139 619 3208 foro
643 3141 752 3207 enneli
775 3142 861 3208 dicte
882 3140 1033 3208 Soccusis
1055 3139 1200 3206 ciuiuus
1223 3139 1362 3206 vendere

103 3274 128 3320 u
152 3253 299 3321 incidere
319 3271 453 3337 pennos,
481 3254 712 3337 cuiuscumque
742 3255 808 3321 siut
829 3255 976 3320 materiei
999 3253 1052 3319 uel
1074 3251 1282 3332 condicionis,
1305 3270 1364 3335 per

103 3385 176 3432 nom
201 3367 253 3433 uel
275 3367 371 3433 aliter
393 3366 434 3433 de
456 3371 562 3434 cetero
596 3368 723 3448 possint
744 3372 777 3432 et
799 3367 936 3447 valeant,
969 3365 1227 3433 contradiccione
1256 3365 1363 3432 cuius·

103 3498 206 3562 mque
227 3499 292 3546 non
324 3480 479 3548 obeunte.
525 3479 626 3547 Prout
654 3479 715 3546 hoc
743 3478 830 3544 idem
863 3478 1057 3544 arbitremur
1089 3477 1159 3545 fore
1184 3478 1309 3562 justum
1330 3483 1364 3546 et

105 3593 277 3674 nueniens,
300 3593 402 3659 iibere
423 3597 457 3658 et
478 3592 550 3658 sine
572 3590 800 3673 impedimento
815 3591 986 3657 admittere
1008 3591 1163 3671 debentis,
1194 3608 1258 3658 non
1281 3590 1362 3656 infe·

103 3714 173 3774 ntes
196 3725 256 3774 nec
278 3707 391 3773 inferri
413 3707 637 3789 permittentes
661 3706 782 3772 eisdem
804 3707 838 3770 in
854 3705 1021 3788 premissis
1043 3707 1151 3790 alique
1173 3704 1363 3789 manamine

103 3842 122 3887 u
145 3820 325 3900 molestias,
356 3824 452 3902 prout
473 3819 733 3901 indignacionem
754 3820 878 3902 regiam
899 3833 1008 3884 vestra
1030 3819 1169 3885 voluerit
1190 3817 1362 3900 prouiden-

103 3955 112 3999 ι
136 3933 272 4001 euitare.
308 3932 429 3998 Datum
450 3931 555 4015 Prnge
577 3952 660 3998 anno
683 3932 805 3998 domini
827 3932 997 3998 millesimo
1020 3932 1246 3998 trecentesimo
1269 3931 1363 4012 quin-

103 4048 255 4131 ngesimo
270 4046 422 4126 secundo,
444 4046 627 4113 indiccione
640 4046 763 4128 quinta,
778 4063 950 4127 regnorum
964 4050 1147 4111 nostrorum
1161 4062 1246 4110 anuo
1260 4048 1360 4111 sexto.

502 4182 567 4268 [No
589 4182 707 4266 ohbu:]
795 4181 846 4248 Ad
868 4182 1061 4248 relacionem
1082 4181 1177 4248 Pauli
1197 4182 1316 4249 notarii

854 4312 978 4362 comere
999 4295 1090 4378 regie
1110 4294 1260 4361 Michsei.

163 4436 241 4506 Orig.
265 4450 342 4506 perg.
366 4433 507 4490 verchiru
531 4430 566 4486 m.
591 4431 685 4487 Mostn
708 4431 731 4486 d.
755 4437 797 4485 35.
822 4461 856 4471 -
879 4431 1005 4486 Smenit
1027 4431 1118 4502 pedeti
1135 4431 1306 4487 krtlorskou
1323 4431 1360 4489 do

103 4532 302 4591 unhienou
321 4529 366 4585 Ns
383 4529 453 4584 rubu
471 4526 597 4598 pozddjdi
617 4527 721 4582 rukou:
749 4526 947 4596 „Pririlegium
968 4527 1034 4584 dess
1059 4527 1104 4583 die
1121 4526 1298 4585 tuchmscher
1315 4546 1358 4586 sm

103 4629 217 4689 rmsrkt
235 4645 271 4683 nu
288 4627 357 4684 sanz
375 4624 442 4681 tuch
458 4623 682 4681 vorschneiden.“
702 4654 736 4665 —
754 4622 935 4694 Schlestngm,
953 4623 1103 4682 Stcdtbnch
1120 4640 1176 4682 ron
1192 4624 1268 4683 Brdx
1279 4624 1302 4681 d.
1316 4631 1359 4683 82.
