3098 5392
213 383 277 448 555
835 376 910 426 rasa.

214 587 424 667 hereditates,
448 586 672 668 proprietates,
685 583 814 665 allodia,
838 585 918 666 agri,
934 600 1060 664 census,
1074 582 1238 664 redditus,
1255 583 1380 650 domus
1393 587 1428 648 et
1440 583 1511 649 bona

214 700 347 767 mobilia
384 704 417 767 et
454 698 640 780 immobilia,
677 698 712 764 in
749 697 993 781 quibuscunque
1025 698 1121 764 rebus
1152 697 1358 779 consistant,
1381 698 1512 764 intuset

214 820 305 882 extra
327 813 493 880 ciuitatem
511 811 732 878 Pilseneusem
748 812 925 894 predictam
947 817 1005 877 aut
1026 811 1115 894 alibi,
1138 809 1335 894 ubicunque
1357 811 1439 878 talia
1457 810 1510 877 situ

214 933 400 1008 noscuntur,
431 925 473 992 ad
499 926 709 1008 proximiores
733 930 765 991 et
787 925 1034 1009 propinquiores
1056 926 1103 992 ita
1124 924 1325 992 decedentis
1349 944 1415 993 sen.
1430 925 1510 992 deco

216 1042 365 1107 dencium
388 1039 649 1121 consanqwineos
671 1038 843 1104 masculini
866 1057 924 1104 seu
946 1038 1094 1105 feminini
1120 1055 1231 1120 sexus,
1254 1043 1342 1106 tunc
1365 1038 1509 1121 supersti-

218 1160 277 1234 tes,
299 1153 401 1219 libere
431 1158 464 1218 et
486 1154 560 1236 jure
581 1152 776 1219 hereditario
800 1153 1016 1219 deuoluantur
1037 1151 1097 1217 snb
1120 1152 1208 1218 omni
1231 1151 1346 1234 modo,
1371 1152 1507 1218 libertate

216 1272 250 1333 et
281 1266 393 1348 forma,
427 1265 543 1349 quibus
576 1266 609 1331 in
639 1265 758 1330 talibus
782 1284 859 1332 casu
882 1271 915 1332 et
936 1265 1084 1331 articulis
1108 1264 1236 1331 ciuitati
1259 1270 1381 1333 nostre
1402 1265 1506 1331 blniori

218 1381 374 1463 Pragensi
411 1380 553 1462 graciam
590 1379 710 1445 nostris
747 1378 911 1461 regalibus
950 1377 1070 1445 litteris
1106 1375 1309 1461 noscimur⁴)
1356 1396 1506 1461 erogasse,

217 1494 366 1578 graciam
382 1491 566 1558 huiusmodi
589 1491 630 1557 ad
652 1492 726 1558 illos
750 1492 916 1558 dumtaxat
938 1492 1028 1558 ciues
1051 1496 1084 1557 et
1105 1491 1229 1558 incolas
1252 1491 1348 1558 dicte
1373 1492 1505 1559 ciuitatis

217 1607 416 1675 Pilsenensis
440 1606 584 1672 volentes
608 1605 746 1685 extendi,
762 1606 817 1688 qui
839 1605 874 1671 in
897 1605 1116 1672 solucionibus
1143 1609 1268 1686 stewre,
1295 1606 1504 1682 exaccionun,

217 1723 427 1803 lozungarum
450 1724 482 1785 et
512 1719 649 1784 aliarum
672 1718 949 1786 contribucionum
972 1738 1070 1787 onera
1092 1738 1165 1785 cum
1187 1717 1361 1786 antedicta
1385 1719 1505 1785 ciuitate

216 1835 397 1902 Pilsenensi
421 1833 583 1900 sustinent
604 1837 637 1898 et
660 1832 865 1899 sustinebunt
885 1833 1083 1916 temporibus
1105 1830 1266 1899 affuturis.
1305 1833 1505 1901 Presenciun

218 1948 277 2015 sub
300 1948 477 2031 imperialis
500 1953 610 2014 nostre
632 1947 812 2014 maiestatis
836 1948 944 2030 sigillo
966 1947 1152 2014 testimonio
1174 1946 1358 2014 literarum.
1397 1949 1504 2013 Datum

215 2062 320 2143 Prage
353 2079 436 2127 anno
471 2061 592 2127 domiui
626 2060 797 2126 millesimo
830 2061 1057 2127 trecentesimo
1087 2059 1332 2142 septuagesimo
1363 2060 1503 2136 secundo,

215 2175 396 2241 indiccione
434 2175 568 2256 decima,
608 2173 702 2240 ΧΙΠ0
740 2174 895 2240 kalendas
931 2173 1091 2256 Octobris,
1122 2192 1299 2258 regnorum
1331 2180 1503 2241 nostrorum

215 2308 299 2357 anno
322 2290 476 2357 vicesimo
498 2290 647 2371 septimo,
671 2289 798 2370 imperii
822 2306 898 2354 vero
921 2288 1044 2354 decimo
1071 2293 1194 2355 octauo.

408 2429 472 2513 [Na
494 2427 611 2512 obbuz]
635 2428 685 2494 Ad
708 2428 903 2494 relacionem
926 2428 1047 2494 domini
1070 2427 1163 2494 Pauli
1185 2426 1227 2493 de
1248 2427 1467 2514 Jenzeusteyn

799 2540 967 2608 Corradus
990 2542 1030 2608 de
1053 2539 1258 2625 Gysenbeim.

320 2656 384 2741 [Na
406 2656 520 2739 rubu:]
543 2657 580 2722 R.
604 2655 768 2721 Jobannes
791 2655 832 2720 de
855 2654 1070 2737 Geylnhusen.

319 2813 390 2882 Orig.
410 2827 483 2882 perg.
503 2813 548 2877 (At
567 2827 691 2865 vmuseu
709 2811 798 2865 mbsta
813 2810 896 2863 Plznd
914 2808 936 2864 d.
955 2815 970 2863 5
989 2807 1161 2875 (attinebit).
1179 2807 1321 2863 Slsrtisnd¹
1335 2809 1502 2864 zaeborsnou

215 2910 316 2964 rellrou
343 2908 434 2978 pedeti
451 2909 594 2962 clsaiskou
613 2925 649 2961 na
666 2925 742 2977 perg.
764 2907 887 2977 prouilru
907 2904 1070 2960 zavbienou.
1105 2905 1149 2960 Na
1167 2905 1239 2959 rubu
1257 2922 1275 2958 u
1295 2906 1397 2960 adiezu
1424 2905 1502 2975 pedari

215 3006 257 3060 dte
276 3021 306 3059 se
326 3004 460 3070 ,Pilzna“.
479 3035 511 3042 —
529 3002 638 3070 Strnad,
656 3002 748 3056 Listai
766 3003 807 3056 lrr.
825 3004 914 3057 mesta
931 3002 1013 3056 Plznd
1031 3001 1053 3057 d.
1070 3008 1128 3058 110.
1147 3032 1180 3042 -
1199 3001 1224 3056 U
1243 3005 1400 3072 porovndni
1419 3002 1502 3069 sorig.

215 3101 328 3156 listinou
346 3101 390 3167 (Β)
407 3117 424 3153 v
442 3099 554 3154 archivu
572 3116 606 3152 m.
626 3098 745 3152 Krdlovd
764 3097 873 3152 Hradce
891 3097 1034 3152 chovanou
1050 3097 1117 3165 jaon
1134 3103 1194 3168 tyto
1212 3098 1355 3169 varianty:
1387 3101 1407 3166 ¹)
1424 3097 1503 3152 consi·

215 3197 344 3251 derantes
363 3197 393 3251 B.
413 3227 445 3235 —-
465 3197 485 3263 ῃ)
502 3195 673 3265 possidenda
691 3195 722 3249 B.
742 3226 774 3234 —
794 3197 814 3263 ³)
832 3195 996 3264 contingerit
1013 3195 1044 3250 B.
1064 3225 1097 3233 —
1116 3195 1136 3262 ⁴)
1154 3199 1309 3251 noscuntur
1327 3196 1359 3248 A.

770 3409 786 3444 *
811 3391 866 3473 dis
889 3407 962 3472 467.

615 3543 711 3624 1372,
737 3545 780 3613 ill
802 3541 893 3611 aaut.
916 3544 948 3612 V
969 3542 1098 3610 Prauc.

217 3684 310 3752 Ciaor'
343 3687 443 3751 Karel
474 3687 530 3751 IV
556 3685 641 3752 ἀάυά
673 3685 728 3750 lisa
751 3683 887 3768 stojne'io
921 3685 1014 3749 atadm'
1044 3704 1082 3760 „o
1103 3683 1259 3766 capuam
1280 3687 1461 3751 mdiloabm
1487 3706 1504 3747 o

620 3797 813 3879 obpootedaloo
830 3800 932 3862 mesto
954 3798 1110 3862 Berormo.

321 3937 438 3992 Zminku
465 3936 659 3991 vkonfirmaci
677 3937 812 4005 privilegii
839 3936 880 3990 lrr.
907 3933 1083 3990 Ferdinsnda
1102 3930 1123 4002 l,
1142 3933 1168 3990 d.
1195 3951 1232 3990 na
1257 3936 1347 3993 hrudll
1364 3938 1504 3994 Prnislren

213 4039 245 4087 2⁴
265 4034 321 4087 zali
341 4039 406 4087 1647
426 4050 443 4089 a
460 4034 581 4088 cherane
599 4051 616 4086 v
634 4033 743 4103 piepise
761 4050 777 4083 v
796 4032 909 4087 archiva
927 4050 961 4086 ιιι.
979 4031 1115 4086 Berouna

779 4230 843 4311 ds.
872 4245 944 4310 lca.

622 4383 718 4464 1372,
744 4384 787 4452 19
810 4379 949 4451 cdliv
972 4381 1101 4451 Prone.

217 4521 310 4589 Cisal·
342 4526 442 4590 Karai
473 4524 527 4590 IV
553 4524 637 4590 ddsri
672 4524 727 4588 list
761 4522 897 4607 stejrce'ho
930 4523 1023 4588 rodni
1053 4525 1231 4588 medianam
1262 4546 1284 4589 a
1318 4523 1506 4610 obyoalm

476 4641 578 4703 mesto
600 4637 769 4720 Baddjooio
791 4635 970 4720 (,‚ciuitatis
993 4636 1028 4702 in
1050 4634 1257 4721 Budueys“).
