3098 5392
683 435 760 487 140⁶.
1280 430 1364 497 1001

63 642 210 707 ciuitatis
234 639 501 723 Cnosslauiensis,
532 639 681 708 fidelibus
712 644 832 709 nostris
857 643 996 721 dilectis,
1020 641 1162 723 graciam
1184 640 1307 722 regiam
1330 644 1363 705 et

63 774 158 820 omne
180 755 306 821 bonum¹
352 755 480 821 Fideles
511 755 637 822 dilectit
683 756 909 823 tractantibus
940 754 1066 837 pridem
1099 772 1196 836 super
1218 754 1363 835 proxime

62 870 232 951 preteritis
262 874 399 951 quatuor
426 869 625 951 temporibus
656 869 819 936 nobilibus
850 869 943 952 regni
974 869 1077 935 nostri
1107 868 1241 933 Boemie
1270 867 1363 932 baro-

63 984 160 1048 nibus
185 983 270 1049 circa
292 982 421 1049 tubulas
444 988 530 1050 terre
553 984 593 1049 de
616 985 751 1066 speciali
784 984 935 1050 mandato
967 987 1077 1049 nostro
1107 982 1149 1047 sd
1172 981 1241 1063 hoc,
1272 985 1307 1045 vt
1330 981 1362 1046 in

62 1097 177 1163 eodem
199 1115 299 1179 regno
322 1102 432 1163 nostro
454 1098 587 1163 Boemie
606 1099 696 1180 pacis
713 1097 898 1163 stabiliatur
912 1098 1082 1177 amenitas,
1100 1096 1231 1162 iusticia
1246 1096 1363 1161 husus·-

64 1229 129 1292 que
153 1210 324 1292 concupita
354 1210 463 1275 debito
490 1211 646 1293 persistat
667 1212 701 1275 in
723 1211 838 1277 rubore
872 1216 904 1276 et
925 1210 1037 1277 fideles
1069 1210 1171 1275 nostri
1201 1209 1364 1291 regnicole

63 1324 125 1389 sub
148 1323 256 1389 debita
279 1324 514 1407 tranquillitate
536 1326 706 1406 respirent,
739 1324 867 1406 singula
898 1343 955 1405 per
989 1323 1078 1404 ipsos
1110 1322 1267 1402 ordinatu,
1298 1326 1363 1387 ste·

63 1443 136 1502 tuta
172 1442 205 1502 et
237 1437 376 1519 decreta,
408 1442 504 1518 prout
533 1439 568 1502 in
597 1437 802 1520 presentibus
841 1438 962 1520 scripta
996 1435 1133 1501 interius
1166 1435 1364 1502 articulatim

64 1551 194 1632 plenius
218 1551 435 1633 continentm,
459 1570 591 1617 seruare
621 1552 828 1634 promisimus
848 1557 881 1617 et
907 1556 1017 1617 tenere
1040 1551 1143 1617 solide
1164 1551 1363 1632 pollicemur,

63 1664 233 1730 ethorum
256 1665 298 1730 ad
320 1664 451 1730 maioris
474 1664 601 1730 roboris
623 1664 809 1731 firmitatem
832 1684 869 1730 ac
893 1663 1114 1746 exequendam
1138 1665 1364 1730 executionem

64 1776 228 1843 efficacem
252 1777 455 1845 decreuimus
478 1783 511 1843 et
533 1779 573 1844 de
588 1778 674 1845 iacto
696 1797 734 1845 ac
756 1778 889 1844 realiter
912 1779 944 1843 in
969 1783 1002 1843 et
1025 1796 1083 1860 per
1103 1781 1207 1843 totum
1229 1795 1364 1859 regnum

63 1896 211 1956 nostrum
226 1891 359 1957 Boemie
381 1897 414 1957 et
435 1892 605 1958 uniuersos
621 1893 788 1958 districtus
804 1892 908 1974 ipsius
923 1892 1126 1973 justiciarius
1142 1909 1200 1957 seu
1220 1908 1363 1973 popraw-

63 2023 180 2070 czunes
203 2011 330 2071 nostros
353 2006 529 2088 legittimus
553 2007 726 2072 statuimus
749 2026 821 2072 cum
844 2006 989 2087 plenaria
1021 2009 1190 2087 potestate,
1223 2005 1309 2069 sicut
1330 2003 1364 2068 id

63 2119 174 2199 ipsum
196 2118 291 2183 litere
325 2120 505 2186 maiestatis
536 2126 646 2186 nostre
676 2137 732 2201 per
763 2138 821 2185 nos
853 2119 934 2200 ipsis
965 2119 1104 2202 desuper
1135 2118 1210 2184 date
1244 2117 1364 2183 clarius

62 2235 268 2296 attestantur.
315 2232 439 2299 Idcirco
461 2232 611 2300 fidelitati
635 2237 742 2298 vestre
775 2234 898 2298 seriose
925 2233 1120 2314 precipimus
1143 2237 1177 2297 et
1199 2231 1258 2297 sub
1280 2231 1365 2312 regii

62 2345 188 2410 fauoris
219 2345 351 2412 obtentu
383 2366 535 2430 expresse
565 2348 754 2413 mandamus
787 2348 916 2413 omnino
951 2348 1105 2426 volentes,
1140 2351 1301 2428 quatenus
1323 2344 1365 2409 ad

62 2459 317 2540 requisitionem
338 2460 525 2527 huiusmodi
544 2460 801 2542 justiciariorum
825 2479 882 2525 seu
907 2477 1173 2542 poprawuzonum
1196 2458 1364 2524 districtus

64 2573 177 2650 vestri,
201 2573 331 2654 quocies
348 2591 428 2655 opus
445 2572 543 2638 fuerit
558 2577 591 2638 et
606 2591 663 2638 vos
679 2591 788 2654 perse
815 2572 866 2637 rel
882 2591 958 2638 snos
975 2572 1126 2638 duxerint
1141 2571 1364 2654 requirendos,

64 2685 148 2767 ipsis
181 2685 222 2749 ad
253 2686 502 2752 conculcandam
533 2692 565 2752 ct
598 2686 836 2767 reprimendam
874 2685 1099 2766 maleficorum,
1134 2691 1299 2768 raptorum
1333 2689 1365 2750 et

63 2817 292 2880 oppressorum
326 2798 405 2865 dicti
438 2800 530 2881 regui
560 2799 693 2865 Buemie
723 2803 756 2865 et
790 2799 969 2864 incolarum
1011 2800 1115 2882 ipsius
1148 2800 1365 2865 temeritatem

64 2912 279 2977 inconsultam
303 2918 412 2978 vestra
434 2914 583 2994 potencia
608 2913 685 2978 totis
705 2912 832 2978 nisibus
859 2915 1014 2978 assistere
1037 2912 1181 2979 debeatis
1204 2910 1364 2994 realiter¹)

64 3030 97 3090 et
121 3030 238 3090 astare.
273 3026 366 3105 Quod
389 3027 492 3092 eciam
515 3026 613 3091 iidem
641 3026 819 3109 justiciarii
843 3033 875 3091 et
906 3046 1151 3108 poprawczones
1183 3027 1254 3094 vice
1283 3028 1365 3093 reoi-

63 3157 162 3222 proca
185 3139 276 3205 vobis
298 3139 405 3205 lacere
436 3139 597 3205 debebunt
619 3146 652 3204 et
673 3146 833 3205 tenentur.
880 3140 924 3205 Et
946 3141 1176 3207 nichilominus
1207 3141 1365 3221 volumus,

64 3253 151 3337 quud
185 3272 258 3318 mox
291 3253 372 3317 visis
402 3251 608 3334 presentibus
640 3254 673 3316 iu
704 3253 838 3318 ciuitate
871 3258 981 3318 vestra
1014 3255 1048 3319 in
1084 3254 1165 3320 locis
1201 3253 1365 3320 consuetis

63 3365 180 3432 diebus
211 3365 392 3432 forensibus
424 3385 502 3431 voce
533 3384 672 3447 precone
702 3367 896 3447 proclamari
929 3367 1058 3449 publice
1088 3367 1227 3449 iacietis,
1270 3373 1305 3432 vt
1336 3368 1365 3433 si

63 3479 238 3561 quispiam,
263 3481 487 3560 cuiuscunque
510 3479 708 3545 condicionis
725 3499 783 3545 seu
807 3486 911 3547 status
928 3482 1055 3564 existat,
1079 3482 1265 3548 huiusmodi
1280 3481 1366 3549 ordi·

63 3595 243 3674 necionem,
275 3599 397 3658 statuta
427 3597 460 3658 et
490 3593 620 3659 decreta
650 3612 688 3658 ac
719 3594 848 3659 iusticie
880 3613 1066 3677 processum
1089 3595 1248 3678 impedire
1270 3614 1365 3661 eona·

63 3714 165 3787 retur,
190 3726 248 3771 seu
272 3707 395 3772 eisdem
419 3725 455 3772 se
477 3706 586 3771 forsan
611 3726 772 3789 opponere
796 3715 1005 3790 presumeret,
1035 3710 1121 3793 quod
1143 3714 1261 3775 extunc
1283 3709 1366 3775 sciat

62 3823 239 3888 aduersum
263 3840 298 3887 se
320 3827 482 3905 tamquam
498 3821 678 3887 maleficum
695 3828 728 3887 et
742 3822 893 3887 rebellem
917 3824 1043 3888 ulcione
1066 3824 1225 3905 condigna
1247 3822 1366 3889 acriter

62 3953 301 4019 processurum.
348 3936 506 4001 Secuntur
529 3954 605 4017 ergo
629 3937 775 4000 articuli:
807 3936 951 4000 Baronus
976 3937 1127 4002 videlicet
1153 3935 1301 4001 Bruenlm
1325 3934 1366 3999 de

65 4049 220 4132 Sophos,
251 4049 379 4113 Bocuku
403 4049 443 4114 de
466 4048 656 4127 Podiebrad
679 4048 864 4130 zdeslausb
896 4050 936 4114 dc
958 4047 1131 4131 Sternberg
1161 4049 1308 4114 residens
1331 4049 1365 4113 in

64 4162 256 4245 Zagieezicu
279 4166 311 4225 et
336 4160 509 4226 Heinricus
541 4161 581 4226 de
605 4162 824 4244 Kossemberg
853 4164 893 4229 ab
915 4163 990 4229 aliis
1022 4164 1161 4229 dominis
1191 4161 1365 4229 baronibus

62 4276 223 4359 deputati,
251 4275 417 4340 venientes
440 4275 481 4339 ad
505 4275 632 4339 tabulas
655 4277 952 4357 pronuntiauerunt
976 4277 1185 4343 inuenoiunes
1208 4276 1365 4342 baronum

62 4391 169 4458 factas
204 4390 238 4454 in
271 4390 443 4471 presencia
477 4388 600 4454 domiui
634 4389 843 4470 sigismundi,
867 4391 954 4472 regis
987 4390 1142 4473 Ungarie
1174 4395 1207 4455 et
1227 4390 1365 4455 aliorum

62 4505 241 4570 multorum
264 4504 431 4583 baronum,
455 4521 517 4584 que
541 4504 748 4568 inuenoiunes
772 4503 856 4568 lacte
887 4511 963 4570 sunt
986 4506 1018 4569 in
1041 4505 1237 4569 monasterio
1261 4503 1364 4569 sancti

57 4616 178 4685 Jacobi
214 4635 299 4681 anum
335 4616 456 4682 domini
500 4617 670 4681 millesimo
710 4618 1045 4699 quuaudringentessimo
1069 4618 1219 4699 secundo,
1254 4616 1365 4682 sabato
