3098 5392
644 428 717 480 ¹³³⁶·
1259 431 1323 497 aaa

29 632 180 700 ditatibus
198 632 280 700 dare
294 638 448 716 perpetuo
464 633 665 701 tenebuntur.
689 635 895 718 Indulgemus
911 636 1052 718 insuper,
1076 641 1111 701 vt
1132 637 1211 704 dicti
1233 639 1322 704 ciues

30 747 261 828 possessiones,
298 747 382 813 bona
420 753 453 813 et
490 747 603 830 predia
641 767 911 833 quorumcumque
948 749 1074 832 possint
1111 768 1217 817 emere
1246 769 1322 834 que

31 877 169 941 cumque,
187 861 385 926 vasallorum
399 865 432 926 et
445 861 670 944 religiosorum
685 868 866 929 nostrorum
881 862 973 929 bonis
989 863 1154 929 dumtaxat
1170 865 1321 947 exceptis,

32 971 84 1053 ipsi
106 972 217 1039 eciam
240 974 330 1039 ciues
351 992 510 1057 pauperes
527 979 560 1039 et
575 974 719 1040 homines
743 994 818 1040 suos
842 976 1028 1060 irrequisito
1046 976 1158 1059 judice
1176 979 1320 1045 ciuitatis

33 1081 91 1150 lslr
113 1092 176 1153 aut
198 1086 264 1152 alio
287 1104 345 1168 per
368 1105 403 1154 se
424 1087 569 1154 iudicare
590 1092 742 1170 poterunt
771 1088 860 1154 licite
882 1093 915 1154 et
935 1089 1064 1172 inpune.
1109 1090 1319 1157 Decemimus

32 1199 124 1265 eciam
147 1205 184 1266 et
205 1200 364 1283 volumus,
394 1219 436 1268 ne
457 1201 546 1268 ciues
568 1202 706 1284 predicti
738 1202 907 1269 occasione
927 1202 1083 1269 bonorum
1105 1203 1153 1269 sic
1175 1223 1232 1286 per
1254 1223 1319 1286 eos,

32 1321 55 1378 rt
77 1313 271 1397 predicitur,
303 1318 481 1396 emptorum
503 1334 566 1381 non
588 1315 715 1397 possint
737 1334 797 1383 nec
824 1315 961 1383 debeant
982 1316 1023 1382 ad
1046 1315 1169 1382 iudicia
1190 1317 1321 1399 prouin-

30 1427 117 1492 cialia
140 1445 203 1510 per
226 1427 409 1511 quempiam
431 1428 516 1494 trald
540 1447 597 1495 seu
613 1429 797 1511 aliqualiter
812 1430 960 1511 iudicari,
983 1448 1095 1496 verum
1117 1430 1146 1495 si
1170 1431 1320 1514 cuiquam

27 1541 165 1607 accionis
188 1540 349 1607 aduersus
372 1559 427 1608 eos
450 1546 630 1623 competere
653 1542 810 1624 videatur,
833 1542 868 1608 id
890 1561 997 1609 coram
1020 1541 1129 1609 iudice
1151 1547 1184 1609 et
1200 1543 1319 1626 juratis

24 1656 105 1725 dicte
140 1657 291 1724 ciuitatis
313 1655 382 1724 Vsk
412 1656 541 1723 studeat
563 1656 597 1723 in
620 1656 741 1723 iudicio
765 1657 913 1741 experiri.
959 1656 1009 1723 De
1032 1655 1126 1723 bonis
1148 1656 1250 1722 eciam
1273 1657 1320 1722 sic

20 1789 75 1855 per
97 1790 158 1840 eos
182 1772 300 1854 emptis
322 1770 387 1853 ipsi
410 1771 498 1837 ciues
514 1769 607 1837 nobis
623 1775 656 1835 et
671 1771 911 1839 successoribus
927 1770 1047 1836 nostris
1063 1769 1318 1836 contribuciones

18 1886 183 1969 inpositas
215 1885 342 1951 soluere
374 1883 576 1951 tenebuntur.
623 1883 774 1950 Preterea
808 1885 964 1967 volumus,
999 1884 1093 1967 quod,
1129 1883 1157 1950 si
1191 1882 1318 1950 ciuitati

16 1999 169 2082 predicte
198 2013 257 2081 per
286 2016 345 2064 nos
377 2003 434 2064 aut
463 2016 666 2066 successores
694 2003 822 2065 nostros
855 2003 997 2065 steuram
1028 2016 1085 2064 seu
1115 1998 1318 2064 exaccionom

19 2112 199 2196 aliquando
215 2111 328 2195 inponi
343 2112 518 2195 contingat,
540 2111 731 2196 quibusdam
746 2111 894 2178 fortassis
911 2110 1037 2177 ciuibus
1052 2111 1157 2194 ipsam
1176 2116 1317 2176 steuram

20 2226 129 2293 minus
152 2226 237 2292 bene
260 2224 459 2292 soluentibus
481 2226 579 2292 liceat
608 2225 713 2307 ipsius
736 2225 880 2292 ciuitatis
899 2224 1018 2307 juratis
1041 2223 1083 2289 ad
1105 2223 1316 2308 colligendam

19 2340 123 2422 ipsam
147 2345 293 2405 steuram
315 2338 477 2421 deputatis
499 2344 602 2405 totum
623 2338 667 2420 id,
701 2339 785 2422 quod
808 2343 960 2421 negatum
982 2337 1090 2419 fuerit,
1119 2342 1229 2403 nostro
1260 2356 1314 2404 no·

20 2452 104 2519 mine
135 2453 269 2536 erigere
291 2452 379 2518 etin
401 2471 479 2519 rsus
501 2452 646 2519 ciuitatis
669 2457 702 2517 et
724 2451 896 2518 vtilitatem
926 2451 1094 2518 euidenter
1114 2451 1314 2517 necessarios

24 2571 212 2632 conuertere
233 2571 343 2632 nostre
365 2565 472 2648 gracie
495 2562 555 2631 sub
578 2564 718 2631 obtentu.
764 2565 900 2647 Insuper
927 2565 1147 2632 condicionem
1169 2565 1313 2632 ciuitatis

25 2679 167 2759 predicte
188 2697 227 2745 ac
249 2683 369 2744 statum
392 2679 557 2761 cupientes
580 2677 716 2744 reddere
737 2678 897 2760 meliores,
920 2678 1032 2744 damus
1056 2683 1090 2744 et
1110 2677 1314 2746 concedimus

28 2790 85 2872 ipsi
106 2791 200 2858 vobis
224 2789 366 2859 officium
395 2796 535 2874 recture,
567 2791 651 2873 quod
673 2791 835 2873 vulgariter
858 2790 1033 2858 schrotamt
1059 2791 1187 2874 dicitur,
1219 2797 1254 2857 vt
1275 2810 1314 2856 ex

31 2904 233 2983 prouentibus
266 2905 370 2987 ipsius
393 2902 491 2970 officii
514 2903 656 2970 comodis
679 2909 712 2969 et
734 2904 953 2970 melioracioni
984 2905 1129 2970 ciuitatis
1153 2895 1312 2970 salubrius

33 3018 128 3083 caleat
148 3017 324 3100 prouideri.
368 3017 405 3082 In
429 3035 564 3098 quorum
593 3018 734 3083 omnium
763 3017 984 3082 testimonium
1006 3023 1102 3100 atque
1123 3017 1221 3082 robur
1243 3036 1313 3098 pre·

38 3135 131 3196 mutes
153 3130 313 3198 conscribi
329 3136 362 3196 et
376 3131 479 3196 nostri
495 3131 595 3213 sigilli
611 3131 789 3212 patrocinio
807 3131 961 3196 iussimus
978 3130 1175 3196 communiri.
1193 3130 1312 3195 Datum

40 3240 257 3312 inClromutow
280 3244 362 3311 feria
385 3249 475 3310 serta
498 3244 533 3309 in
560 3250 673 3310 octaua
695 3244 781 3310 beati
804 3242 917 3310 Jacobi
940 3244 1077 3327 apostoli
1093 3262 1176 3309 anno
1191 3244 1311 3309 domini

42 3355 190 3424 millesimo
212 3358 439 3425 trecentesimo
462 3357 624 3423 tricesimo
647 3360 766 3439 quinto.

126 3511 266 3569 Obouleno
285 3511 735 3606 vlronfirmacikrtleKarlalVd.
754 3510 864 3566 vPraze
882 3517 912 3564 21
933 3510 1308 3582 listopadu1349achovane

46 3606 119 3676 rorig.
134 3625 150 3662 v
166 3610 278 3664 archiru
297 3626 331 3662 m.
350 3608 413 3662 Ustl
431 3606 485 3662 nad
501 3607 605 3662 Labem
623 3608 679 3676 pod
698 3607 720 3662 d.
740 3613 764 3660 5.
783 3638 817 3647 -
835 3607 935 3674 Emler,
954 3608 1074 3677 Regcsta
1091 3607 1138 3662 IV.
1157 3608 1178 3662 d.
1200 3613 1256 3663 182.
1274 3638 1309 3646 —

44 3696 102 3756 Sror.
118 3703 246 3774 Feistner,
266 3703 430 3760 Geschichte
448 3702 498 3757 der
514 3702 616 3772 konigl.
634 3703 825 3773 Stathussig
843 3710 890 3758 str.
906 3709 947 3757 47.

584 3969 648 4051 ors.
675 3984 745 4049 rm.

420 4140 517 4220 1335,
537 4141 560 4208 6
582 4157 708 4227 srpna.
730 4139 763 4207 V
778 4136 907 4205 Prazc.

30 4298 102 4368 Krol
120 4302 197 4376 Jove,
220 4297 386 4381 ornavaje,
408 4299 441 4362 ae
463 4299 618 4380 obyoatclc‘
639 4301 740 4362 mesto
754 4294 922 4377 Baddjocc'c
940 4291 1023 4359 celici
1036 4291 1166 4376 coucy
1179 4291 1304 4375 emeda

24 4415 134 4482 aaut
152 4413 276 4488 maeoti,
293 4412 440 4495 poooltq‘e
453 4412 526 4495 jon,
549 4412 610 4493 aly
631 4410 728 4476 molli
749 4409 856 4489 obtiny
876 4406 974 4472 Ιεοίωη
989 4409 1089 4472 occsio
1106 4406 1203 4483 abac,
1223 4407 1237 4471 i
1257 4411 1302 4488 ty,

11 4531 59 4611 jer
86 4529 237 4612 oppletur·
265 4527 306 4591 od
335 4527 454 4591 ltldmo
474 4525 712 4604 aLondltcinoq
742 4522 782 4588 od
805 4519 957 4603 pozenrld
979 4520 1046 4601 pod
1074 4519 1152 4586 drot
1180 4520 1302 4604 doap'ch

14 4647 135 4713 mezemi
149 4642 287 4710 educta
307 4663 330 4707 a
343 4640 412 4724 jiclt
434 4638 575 4704 coacto
596 4640 664 4704 oboc
678 4638 806 4704 adiecti.
830 4638 946 4700 Krocrcd
960 4634 1029 4698 todo
1050 4635 1173 4718 adcqu'c
1187 4637 1298 4699 melta-
