<?xml version="1.0" encoding="UTF-8"?>
<!DOCTYPE html PUBLIC "-//W3C//DTD XHTML 1.0 Transitional//EN"
    "http://www.w3.org/TR/xhtml1/DTD/xhtml1-transitional.dtd">
<html xmlns="http://www.w3.org/1999/xhtml" xml:lang="en" lang="en">
 <head>
  <title>
</title>
<meta http-equiv="Content-Type" content="text/html;charset=utf-8" />
  <meta name='ocr-system' content='tesseract 3.04.00' />
  <meta name='ocr-capabilities' content='ocr_page ocr_carea ocr_par ocr_line ocrx_word'/>
</head>
<body>
  <div class='ocr_page' id='page_1' title='image "./sbrkapramenprva01kingoog/sbrkapramenprva01kingoog_0479.png"; bbox 0 0 3098 5392; ppageno 0'>
   <div class='ocr_carea' id='block_1_1' title="bbox 655 443 1348 534">
    <p class='ocr_par' dir='ltr' id='par_1_1' title="bbox 655 443 1348 534">
     <span class='ocr_line' id='line_1_1' title="bbox 655 443 1348 534; baseline 0 -15"><span class='ocrx_word' id='word_1_1' title='bbox 655 443 729 520; x_wconf 81' lang='lat' dir='ltr'>raso.</span> <span class='ocrx_word' id='word_1_2' title='bbox 1282 467 1348 534; x_wconf 76' lang='lat'>443</span> 
     </span>
    </p>
   </div>
   <div class='ocr_carea' id='block_1_2' title="bbox 113 670 1353 2570">
    <p class='ocr_par' dir='ltr' id='par_1_2' title="bbox 113 670 1353 2570">
     <span class='ocr_line' id='line_1_2' title="bbox 126 670 1348 745; baseline 0.002 -19"><span class='ocrx_word' id='word_1_3' title='bbox 126 675 164 726; x_wconf 87' lang='lat' dir='ltr'>ml</span> <span class='ocrx_word' id='word_1_4' title='bbox 179 672 272 726; x_wconf 84' lang='lat' dir='ltr'>takto:</span> <span class='ocrx_word' id='word_1_5' title='bbox 294 670 367 737; x_wconf 83' lang='lat' dir='ltr'>„Nos</span> <span class='ocrx_word' id='word_1_6' title='bbox 378 671 538 727; x_wconf 89' lang='lat' dir='ltr'>Thomlinus</span> <span class='ocrx_word' id='word_1_7' title='bbox 547 671 644 740; x_wconf 87' lang='lat' dir='ltr'>judex,</span> <span class='ocrx_word' id='word_1_8' title='bbox 662 672 751 729; x_wconf 88' lang='lat' dir='ltr'>dietus</span> <span class='ocrx_word' id='word_1_9' title='bbox 764 673 878 745; x_wconf 84' lang='lat' dir='ltr'>Hoppo,</span> <span class='ocrx_word' id='word_1_10' title='bbox 897 678 925 728; x_wconf 94' lang='lat' dir='ltr'>et</span> <span class='ocrx_word' id='word_1_11' title='bbox 941 673 1093 743; x_wconf 87' lang='lat' dir='ltr'>Tyrmauus</span> <span class='ocrx_word' id='word_1_12' title='bbox 1110 670 1274 744; x_wconf 71' lang='lat' dir='ltr'>Lyncestem,</span> <span class='ocrx_word' id='word_1_13' title='bbox 1292 688 1348 729; x_wconf 70' lang='lat' dir='ltr'>ma</span> 
     </span>
     <span class='ocr_line' id='line_1_3' title="bbox 114 767 1348 841; baseline 0.004 -20"><span class='ocrx_word' id='word_1_14' title='bbox 114 768 141 820; x_wconf 89' lang='lat' dir='ltr'>tri</span> <span class='ocrx_word' id='word_1_15' title='bbox 151 768 315 834; x_wconf 85' lang='lat' dir='ltr'>juratorum,</span> <span class='ocrx_word' id='word_1_16' title='bbox 333 767 486 836; x_wconf 87' lang='lat' dir='ltr'>Heynlinus</span> <span class='ocrx_word' id='word_1_17' title='bbox 499 769 594 836; x_wconf 83' lang='lat' dir='ltr'>Albus,</span> <span class='ocrx_word' id='word_1_18' title='bbox 611 768 733 824; x_wconf 78' lang='lat' dir='ltr'>lacobus</span> <span class='ocrx_word' id='word_1_19' title='bbox 745 771 879 839; x_wconf 82' lang='lat' dir='ltr'>notarius,</span> <span class='ocrx_word' id='word_1_20' title='bbox 895 769 1034 841; x_wconf 83' lang='lat' dir='ltr'>Nycolans</span> <span class='ocrx_word' id='word_1_21' title='bbox 1052 769 1179 837; x_wconf 85' lang='lat' dir='ltr'>rusticus,</span> <span class='ocrx_word' id='word_1_22' title='bbox 1197 770 1348 826; x_wconf 86' lang='lat' dir='ltr'>Henslinue</span> 
     </span>
     <span class='ocr_line' id='line_1_4' title="bbox 113 861 1349 934; baseline 0.003 -17"><span class='ocrx_word' id='word_1_23' title='bbox 113 863 177 930; x_wconf 89' lang='lat' dir='ltr'>nlini,</span> <span class='ocrx_word' id='word_1_24' title='bbox 198 863 408 919; x_wconf 84' lang='lat' dir='ltr'>Hentzmsnnus</span> <span class='ocrx_word' id='word_1_25' title='bbox 431 861 552 930; x_wconf 84' lang='lat' dir='ltr'>Schobir,</span> <span class='ocrx_word' id='word_1_26' title='bbox 579 863 679 920; x_wconf 88' lang='lat' dir='ltr'>Petrus</span> <span class='ocrx_word' id='word_1_27' title='bbox 696 865 917 933; x_wconf 82' lang='lat' dir='ltr'>Weneschower,</span> <span class='ocrx_word' id='word_1_28' title='bbox 940 864 1028 921; x_wconf 83' lang='lat' dir='ltr'>Jesko</span> <span class='ocrx_word' id='word_1_29' title='bbox 1054 864 1181 934; x_wconf 75' lang='lat' dir='ltr'>Oswaldi,</span> <span class='ocrx_word' id='word_1_30' title='bbox 1207 866 1349 922; x_wconf 78' lang='lat' dir='ltr'>lohannes</span> 
     </span>
     <span class='ocr_line' id='line_1_5' title="bbox 114 959 1349 1032; baseline 0.003 -20"><span class='ocrx_word' id='word_1_31' title='bbox 114 959 214 1028; x_wconf 82' lang='lat' dir='ltr'>kriczer,</span> <span class='ocrx_word' id='word_1_32' title='bbox 240 961 383 1015; x_wconf 70' lang='lat' dir='ltr'>(tristanus</span> <span class='ocrx_word' id='word_1_33' title='bbox 408 959 544 1030; x_wconf 84' lang='lat' dir='ltr'>Popplini,</span> <span class='ocrx_word' id='word_1_34' title='bbox 568 959 688 1017; x_wconf 88' lang='lat' dir='ltr'>Ditricue</span> <span class='ocrx_word' id='word_1_35' title='bbox 713 961 844 1032; x_wconf 83' lang='lat' dir='ltr'>Resscbo‚</span> <span class='ocrx_word' id='word_1_36' title='bbox 867 961 994 1016; x_wconf 87' lang='lat' dir='ltr'>Elblinus</span> <span class='ocrx_word' id='word_1_37' title='bbox 1012 960 1046 1016; x_wconf 87' lang='lat' dir='ltr'>de</span> <span class='ocrx_word' id='word_1_38' title='bbox 1063 961 1157 1030; x_wconf 79' lang='lat' dir='ltr'>Piska,</span> <span class='ocrx_word' id='word_1_39' title='bbox 1182 961 1349 1017; x_wconf 85' lang='lat' dir='ltr'>Hencalinus</span> 
     </span>
     <span class='ocr_line' id='line_1_6' title="bbox 113 1056 1348 1126; baseline 0.004 -17"><span class='ocrx_word' id='word_1_40' title='bbox 113 1070 186 1111; x_wconf 87' lang='lat' dir='ltr'>unner</span> <span class='ocrx_word' id='word_1_41' title='bbox 203 1063 231 1111; x_wconf 91' lang='lat' dir='ltr'>et</span> <span class='ocrx_word' id='word_1_42' title='bbox 249 1056 393 1112; x_wconf 89' lang='lat' dir='ltr'>Johannes</span> <span class='ocrx_word' id='word_1_43' title='bbox 412 1057 556 1111; x_wconf 82' lang='lat' dir='ltr'>Sittanwer</span> <span class='ocrx_word' id='word_1_44' title='bbox 570 1057 656 1126; x_wconf 87' lang='lat' dir='ltr'>jurati</span> <span class='ocrx_word' id='word_1_45' title='bbox 674 1062 702 1111; x_wconf 88' lang='lat' dir='ltr'>et</span> <span class='ocrx_word' id='word_1_46' title='bbox 720 1058 886 1114; x_wconf 80' lang='lat' dir='ltr'>uniuersitas</span> <span class='ocrx_word' id='word_1_47' title='bbox 904 1057 1005 1112; x_wconf 92' lang='lat' dir='ltr'>ciuium</span> <span class='ocrx_word' id='word_1_48' title='bbox 1022 1057 1125 1114; x_wconf 80' lang='lat' dir='ltr'>Montis</span> <span class='ocrx_word' id='word_1_49' title='bbox 1144 1058 1251 1113; x_wconf 83' lang='lat' dir='ltr'>Obntne</span> <span class='ocrx_word' id='word_1_50' title='bbox 1273 1075 1348 1114; x_wconf 88' lang='lat' dir='ltr'>reco-</span> 
     </span>
     <span class='ocr_line' id='line_1_7' title="bbox 113 1152 1349 1225; baseline 0.004 -21"><span class='ocrx_word' id='word_1_51' title='bbox 113 1152 216 1208; x_wconf 85' lang='lat' dir='ltr'>oscimns</span> <span class='ocrx_word' id='word_1_52' title='bbox 242 1159 339 1207; x_wconf 88' lang='lat' dir='ltr'>tenore</span> <span class='ocrx_word' id='word_1_53' title='bbox 362 1153 536 1223; x_wconf 88' lang='lat' dir='ltr'>presencium</span> <span class='ocrx_word' id='word_1_54' title='bbox 554 1160 582 1208; x_wconf 89' lang='lat' dir='ltr'>et</span> <span class='ocrx_word' id='word_1_55' title='bbox 600 1153 634 1209; x_wconf 86' lang='lat' dir='ltr'>ed</span> <span class='ocrx_word' id='word_1_56' title='bbox 652 1154 788 1224; x_wconf 77' lang='lat' dir='ltr'>publicam</span> <span class='ocrx_word' id='word_1_57' title='bbox 813 1161 869 1209; x_wconf 87' lang='lat' dir='ltr'>tam</span> <span class='ocrx_word' id='word_1_58' title='bbox 893 1154 1066 1225; x_wconf 85' lang='lat' dir='ltr'>presencium</span> <span class='ocrx_word' id='word_1_59' title='bbox 1090 1171 1171 1224; x_wconf 85' lang='lat' dir='ltr'>quam</span> <span class='ocrx_word' id='word_1_60' title='bbox 1194 1154 1349 1210; x_wconf 83' lang='lat' dir='ltr'>futurorum</span> 
     </span>
     <span class='ocr_line' id='line_1_8' title="bbox 113 1244 1348 1322; baseline 0.003 -21"><span class='ocrx_word' id='word_1_61' title='bbox 113 1244 205 1303; x_wconf 77' lang='lat' dir='ltr'>bnmns</span> <span class='ocrx_word' id='word_1_62' title='bbox 223 1249 376 1317; x_wconf 84' lang='lat' dir='ltr'>nocionem,</span> <span class='ocrx_word' id='word_1_63' title='bbox 394 1250 467 1319; x_wconf 91' lang='lat' dir='ltr'>qnod</span> <span class='ocrx_word' id='word_1_64' title='bbox 486 1255 593 1307; x_wconf 86' lang='lat' dir='ltr'>mature</span> <span class='ocrx_word' id='word_1_65' title='bbox 610 1251 683 1305; x_wconf 85' lang='lat' dir='ltr'>inter</span> <span class='ocrx_word' id='word_1_66' title='bbox 700 1267 752 1306; x_wconf 92' lang='lat' dir='ltr'>nos</span> <span class='ocrx_word' id='word_1_67' title='bbox 771 1252 975 1308; x_wconf 75' lang='lat' dir='ltr'>deliberacione</span> <span class='ocrx_word' id='word_1_68' title='bbox 993 1252 1188 1322; x_wconf 80' lang='lat' dir='ltr'>superrmone</span> <span class='ocrx_word' id='word_1_69' title='bbox 1206 1257 1303 1307; x_wconf 87' lang='lat' dir='ltr'>nostra</span> <span class='ocrx_word' id='word_1_70' title='bbox 1315 1266 1348 1306; x_wconf 92' lang='lat' dir='ltr'>ac</span> 
     </span>
     <span class='ocr_line' id='line_1_9' title="bbox 113 1346 1347 1418; baseline 0.003 -21"><span class='ocrx_word' id='word_1_71' title='bbox 113 1352 238 1400; x_wconf 81' lang='lat' dir='ltr'>ueterum</span> <span class='ocrx_word' id='word_1_72' title='bbox 262 1346 382 1401; x_wconf 78' lang='lat' dir='ltr'>virorum</span> <span class='ocrx_word' id='word_1_73' title='bbox 407 1347 554 1402; x_wconf 87' lang='lat' dir='ltr'>amicorum</span> <span class='ocrx_word' id='word_1_74' title='bbox 581 1354 738 1403; x_wconf 85' lang='lat' dir='ltr'>nostrorum</span> <span class='ocrx_word' id='word_1_75' title='bbox 762 1349 862 1403; x_wconf 91' lang='lat' dir='ltr'>ciuium</span> <span class='ocrx_word' id='word_1_76' title='bbox 880 1349 1001 1404; x_wconf 87' lang='lat' dir='ltr'>ciuitatis</span> <span class='ocrx_word' id='word_1_77' title='bbox 1023 1348 1170 1418; x_wconf 80' lang='lat' dir='ltr'>Pragensis</span> <span class='ocrx_word' id='word_1_78' title='bbox 1194 1347 1347 1418; x_wconf 79' lang='lat' dir='ltr'>prehabito,</span> 
     </span>
     <span class='ocr_line' id='line_1_10' title="bbox 113 1441 1349 1516; baseline 0.004 -24"><span class='ocrx_word' id='word_1_79' title='bbox 113 1454 144 1493; x_wconf 89' lang='lat' dir='ltr'>an</span> <span class='ocrx_word' id='word_1_80' title='bbox 164 1441 289 1497; x_wconf 87' lang='lat' dir='ltr'>beniuole</span> <span class='ocrx_word' id='word_1_81' title='bbox 313 1442 441 1499; x_wconf 88' lang='lat' dir='ltr'>duximus</span> <span class='ocrx_word' id='word_1_82' title='bbox 464 1443 536 1498; x_wconf 89' lang='lat' dir='ltr'>inter</span> <span class='ocrx_word' id='word_1_83' title='bbox 553 1460 605 1500; x_wconf 90' lang='lat' dir='ltr'>nos</span> <span class='ocrx_word' id='word_1_84' title='bbox 624 1444 777 1513; x_wconf 79' lang='lat' dir='ltr'>uniendam,</span> <span class='ocrx_word' id='word_1_85' title='bbox 804 1461 857 1516; x_wconf 88' lang='lat' dir='ltr'>que</span> <span class='ocrx_word' id='word_1_86' title='bbox 874 1445 986 1516; x_wconf 88' lang='lat' dir='ltr'>inquam</span> <span class='ocrx_word' id='word_1_87' title='bbox 1004 1445 1066 1499; x_wconf 78' lang='lat' dir='ltr'>vnio</span> <span class='ocrx_word' id='word_1_88' title='bbox 1091 1445 1165 1500; x_wconf 87' lang='lat' dir='ltr'>inter</span> <span class='ocrx_word' id='word_1_89' title='bbox 1187 1460 1239 1499; x_wconf 89' lang='lat' dir='ltr'>nos</span> <span class='ocrx_word' id='word_1_90' title='bbox 1256 1443 1349 1498; x_wconf 86' lang='lat' dir='ltr'>taliter</span> 
     </span>
     <span class='ocr_line' id='line_1_11' title="bbox 113 1537 1348 1611; baseline 0.005 -22"><span class='ocrx_word' id='word_1_91' title='bbox 113 1537 264 1605; x_wconf 79' lang='lat' dir='ltr'>;conducts‚</span> <span class='ocrx_word' id='word_1_92' title='bbox 281 1544 311 1592; x_wconf 80' lang='lat' dir='ltr'>vt</span> <span class='ocrx_word' id='word_1_93' title='bbox 329 1555 424 1594; x_wconf 89' lang='lat' dir='ltr'>omnes</span> <span class='ocrx_word' id='word_1_94' title='bbox 444 1546 471 1593; x_wconf 90' lang='lat' dir='ltr'>et</span> <span class='ocrx_word' id='word_1_95' title='bbox 490 1540 590 1609; x_wconf 79' lang='lat' dir='ltr'>singuli</span> <span class='ocrx_word' id='word_1_96' title='bbox 608 1541 728 1597; x_wconf 87' lang='lat' dir='ltr'>ciuitatis</span> <span class='ocrx_word' id='word_1_97' title='bbox 752 1541 876 1611; x_wconf 87' lang='lat' dir='ltr'>predicte</span> <span class='ocrx_word' id='word_1_98' title='bbox 900 1542 1002 1597; x_wconf 87' lang='lat' dir='ltr'>debent</span> <span class='ocrx_word' id='word_1_99' title='bbox 1019 1548 1047 1596; x_wconf 88' lang='lat' dir='ltr'>et</span> <span class='ocrx_word' id='word_1_100' title='bbox 1064 1546 1184 1611; x_wconf 75' lang='lat' dir='ltr'><strong>possunt</strong></span> <span class='ocrx_word' id='word_1_101' title='bbox 1204 1539 1279 1610; x_wconf 87' lang='lat' dir='ltr'>apud</span> <span class='ocrx_word' id='word_1_102' title='bbox 1297 1554 1348 1595; x_wconf 86' lang='lat' dir='ltr'>nos</span> 
     </span>
     <span class='ocr_line' id='line_1_12' title="bbox 113 1632 1353 1706; baseline 0.002 -19"><span class='ocrx_word' id='word_1_103' title='bbox 113 1632 209 1688; x_wconf 82' lang='lat' dir='ltr'>ciuitate</span> <span class='ocrx_word' id='word_1_104' title='bbox 222 1640 319 1688; x_wconf 85' lang='lat' dir='ltr'>nostra</span> <span class='ocrx_word' id='word_1_105' title='bbox 332 1650 381 1688; x_wconf 88' lang='lat' dir='ltr'>seu</span> <span class='ocrx_word' id='word_1_106' title='bbox 394 1641 486 1689; x_wconf 89' lang='lat' dir='ltr'>monte</span> <span class='ocrx_word' id='word_1_107' title='bbox 498 1642 594 1691; x_wconf 85' lang='lat' dir='ltr'>nostro</span> <span class='ocrx_word' id='word_1_108' title='bbox 612 1635 736 1705; x_wconf 88' lang='lat' dir='ltr'>predicto</span> <span class='ocrx_word' id='word_1_109' title='bbox 749 1636 813 1691; x_wconf 84' lang='lat' dir='ltr'>vina</span> <span class='ocrx_word' id='word_1_110' title='bbox 830 1636 953 1706; x_wconf 90' lang='lat' dir='ltr'>ipsorum</span> <span class='ocrx_word' id='word_1_111' title='bbox 972 1650 1143 1706; x_wconf 90' lang='lat' dir='ltr'>quecumque</span> <span class='ocrx_word' id='word_1_112' title='bbox 1161 1635 1313 1705; x_wconf 88' lang='lat' dir='ltr'>propinare</span> <span class='ocrx_word' id='word_1_113' title='bbox 1325 1640 1353 1689; x_wconf 89' lang='lat' dir='ltr'>et</span> 
     </span>
     <span class='ocr_line' id='line_1_13' title="bbox 113 1729 1349 1801; baseline 0.002 -20"><span class='ocrx_word' id='word_1_114' title='bbox 113 1729 172 1795; x_wconf 68' lang='lat' dir='ltr'>socia</span> <span class='ocrx_word' id='word_1_115' title='bbox 187 1730 311 1799; x_wconf 85' lang='lat' dir='ltr'>ipsorum</span> <span class='ocrx_word' id='word_1_116' title='bbox 329 1735 447 1784; x_wconf 84' lang='lat' dir='ltr'>tractare</span> <span class='ocrx_word' id='word_1_117' title='bbox 459 1730 541 1785; x_wconf 84' lang='lat' dir='ltr'>velud</span> <span class='ocrx_word' id='word_1_118' title='bbox 559 1737 683 1786; x_wconf 88' lang='lat' dir='ltr'>nostrum</span> <span class='ocrx_word' id='word_1_119' title='bbox 696 1747 765 1787; x_wconf 76' lang='lat' dir='ltr'>nnus</span> <span class='ocrx_word' id='word_1_120' title='bbox 778 1732 807 1787; x_wconf 92' lang='lat' dir='ltr'>in</span> <span class='ocrx_word' id='word_1_121' title='bbox 819 1731 954 1787; x_wconf 81' lang='lat' dir='ltr'>mercibus</span> <span class='ocrx_word' id='word_1_122' title='bbox 972 1731 1198 1801; x_wconf 84' lang='lat' dir='ltr'>quibuscumque,</span> <span class='ocrx_word' id='word_1_123' title='bbox 1218 1729 1349 1800; x_wconf 90' lang='lat' dir='ltr'>idipsum</span> 
     </span>
     <span class='ocr_line' id='line_1_14' title="bbox 113 1826 1350 1898; baseline 0.003 -22"><span class='ocrx_word' id='word_1_124' title='bbox 113 1832 158 1880; x_wconf 85' lang='lat' dir='ltr'>set</span> <span class='ocrx_word' id='word_1_125' title='bbox 174 1826 302 1881; x_wconf 79' lang='lat' dir='ltr'>concines</span> <span class='ocrx_word' id='word_1_126' title='bbox 320 1828 409 1881; x_wconf 88' lang='lat' dir='ltr'>nostri</span> <span class='ocrx_word' id='word_1_127' title='bbox 427 1842 521 1882; x_wconf 87' lang='lat' dir='ltr'>omnes</span> <span class='ocrx_word' id='word_1_128' title='bbox 541 1833 569 1882; x_wconf 84' lang='lat' dir='ltr'>et</span> <span class='ocrx_word' id='word_1_129' title='bbox 586 1828 686 1898; x_wconf 78' lang='lat' dir='ltr'>singuli</span> <span class='ocrx_word' id='word_1_130' title='bbox 704 1833 834 1883; x_wconf 89' lang='lat' dir='ltr'>tenentur</span> <span class='ocrx_word' id='word_1_131' title='bbox 845 1834 873 1882; x_wconf 87' lang='lat' dir='ltr'>et</span> <span class='ocrx_word' id='word_1_132' title='bbox 886 1826 987 1882; x_wconf 85' lang='lat' dir='ltr'>debent</span> <span class='ocrx_word' id='word_1_133' title='bbox 1003 1826 1076 1897; x_wconf 84' lang='lat' dir='ltr'>apud</span> <span class='ocrx_word' id='word_1_134' title='bbox 1094 1827 1171 1897; x_wconf 90' lang='lat' dir='ltr'>ipsos</span> <span class='ocrx_word' id='word_1_135' title='bbox 1190 1826 1218 1881; x_wconf 93' lang='lat' dir='ltr'>in</span> <span class='ocrx_word' id='word_1_136' title='bbox 1237 1826 1350 1882; x_wconf 83' lang='lat' dir='ltr'>ciuitate</span> 
     </span>
     <span class='ocr_line' id='line_1_15' title="bbox 113 1921 1350 1994; baseline 0.002 -20"><span class='ocrx_word' id='word_1_137' title='bbox 113 1935 154 1974; x_wconf 82' lang='lat' dir='ltr'>rum</span> <span class='ocrx_word' id='word_1_138' title='bbox 170 1921 279 1992; x_wconf 85' lang='lat' dir='ltr'>prefata</span> <span class='ocrx_word' id='word_1_139' title='bbox 290 1922 355 1976; x_wconf 86' lang='lat' dir='ltr'>vina</span> <span class='ocrx_word' id='word_1_140' title='bbox 365 1923 488 1992; x_wconf 89' lang='lat' dir='ltr'>ipsorum</span> <span class='ocrx_word' id='word_1_141' title='bbox 505 1939 675 1993; x_wconf 87' lang='lat' dir='ltr'>quecumque</span> <span class='ocrx_word' id='word_1_142' title='bbox 693 1922 876 1994; x_wconf 85' lang='lat' dir='ltr'>propinando,</span> <span class='ocrx_word' id='word_1_143' title='bbox 894 1939 998 1978; x_wconf 87' lang='lat' dir='ltr'>merces</span> <span class='ocrx_word' id='word_1_144' title='bbox 1016 1923 1140 1994; x_wconf 85' lang='lat' dir='ltr'>ipsorum</span> <span class='ocrx_word' id='word_1_145' title='bbox 1165 1936 1350 1993; x_wconf 87' lang='lat' dir='ltr'>quascumque</span> 
     </span>
     <span class='ocr_line' id='line_1_16' title="bbox 113 2014 1350 2090; baseline 0.003 -21"><span class='ocrx_word' id='word_1_146' title='bbox 113 2014 199 2072; x_wconf 78' lang='lat' dir='ltr'>dendo</span> <span class='ocrx_word' id='word_1_147' title='bbox 219 2024 247 2072; x_wconf 85' lang='lat' dir='ltr'>et</span> <span class='ocrx_word' id='word_1_148' title='bbox 265 2018 380 2073; x_wconf 88' lang='lat' dir='ltr'>emendo</span> <span class='ocrx_word' id='word_1_149' title='bbox 405 2018 493 2075; x_wconf 85' lang='lat' dir='ltr'>lacere</span> <span class='ocrx_word' id='word_1_150' title='bbox 511 2020 662 2088; x_wconf 80' lang='lat' dir='ltr'>viceuersa,</span> <span class='ocrx_word' id='word_1_151' title='bbox 681 2027 709 2075; x_wconf 85' lang='lat' dir='ltr'>et</span> <span class='ocrx_word' id='word_1_152' title='bbox 726 2020 811 2075; x_wconf 88' lang='lat' dir='ltr'>eciam</span> <span class='ocrx_word' id='word_1_153' title='bbox 830 2034 863 2074; x_wconf 92' lang='lat' dir='ltr'>eo</span> <span class='ocrx_word' id='word_1_154' title='bbox 881 2019 942 2074; x_wconf 88' lang='lat' dir='ltr'>inre</span> <span class='ocrx_word' id='word_1_155' title='bbox 962 2019 1048 2090; x_wconf 88' lang='lat' dir='ltr'>potiri</span> <span class='ocrx_word' id='word_1_156' title='bbox 1072 2019 1146 2090; x_wconf 90' lang='lat' dir='ltr'>apud</span> <span class='ocrx_word' id='word_1_157' title='bbox 1168 2035 1220 2074; x_wconf 89' lang='lat' dir='ltr'>nos</span> <span class='ocrx_word' id='word_1_158' title='bbox 1238 2017 1350 2084; x_wconf 88' lang='lat' dir='ltr'>debent,</span> 
     </span>
     <span class='ocr_line' id='line_1_17' title="bbox 113 2114 1346 2186; baseline 0.002 -21"><span class='ocrx_word' id='word_1_159' title='bbox 113 2126 122 2165; x_wconf 84' lang='lat' dir='ltr'>o</span> <span class='ocrx_word' id='word_1_160' title='bbox 134 2115 257 2171; x_wconf 87' lang='lat' dir='ltr'>concines</span> <span class='ocrx_word' id='word_1_161' title='bbox 270 2116 368 2182; x_wconf 87' lang='lat' dir='ltr'>nostri,</span> <span class='ocrx_word' id='word_1_162' title='bbox 387 2122 503 2186; x_wconf 82' lang='lat' dir='ltr'>excepta</span> <span class='ocrx_word' id='word_1_163' title='bbox 514 2117 629 2172; x_wconf 85' lang='lat' dir='ltr'>collecta</span> <span class='ocrx_word' id='word_1_164' title='bbox 646 2117 766 2172; x_wconf 87' lang='lat' dir='ltr'>ciuitatis</span> <span class='ocrx_word' id='word_1_165' title='bbox 780 2132 830 2171; x_wconf 90' lang='lat' dir='ltr'>seu</span> <span class='ocrx_word' id='word_1_166' title='bbox 843 2115 944 2171; x_wconf 85' lang='lat' dir='ltr'>montis</span> <span class='ocrx_word' id='word_1_167' title='bbox 962 2115 1060 2182; x_wconf 88' lang='lat' dir='ltr'>nostri,</span> <span class='ocrx_word' id='word_1_168' title='bbox 1078 2115 1186 2171; x_wconf 81' lang='lat' dir='ltr'>accius</span> <span class='ocrx_word' id='word_1_169' title='bbox 1205 2114 1346 2171; x_wconf 86' lang='lat' dir='ltr'>solucione</span> 
     </span>
     <span class='ocr_line' id='line_1_18' title="bbox 113 2210 1347 2282; baseline 0.004 -20"><span class='ocrx_word' id='word_1_170' title='bbox 113 2223 139 2265; x_wconf 89' lang='lat' dir='ltr'>os</span> <span class='ocrx_word' id='word_1_171' title='bbox 159 2217 338 2282; x_wconf 83' lang='lat' dir='ltr'>supportatos</span> <span class='ocrx_word' id='word_1_172' title='bbox 357 2211 415 2265; x_wconf 85' lang='lat' dir='ltr'>lore</span> <span class='ocrx_word' id='word_1_173' title='bbox 433 2213 559 2268; x_wconf 82' lang='lat' dir='ltr'>volumus</span> <span class='ocrx_word' id='word_1_174' title='bbox 583 2212 695 2282; x_wconf 89' lang='lat' dir='ltr'>penitus</span> <span class='ocrx_word' id='word_1_175' title='bbox 714 2218 742 2266; x_wconf 88' lang='lat' dir='ltr'>ot</span> <span class='ocrx_word' id='word_1_176' title='bbox 759 2217 911 2281; x_wconf 89' lang='lat' dir='ltr'>exemptos.</span> <span class='ocrx_word' id='word_1_177' title='bbox 946 2212 978 2266; x_wconf 90' lang='lat' dir='ltr'>In</span> <span class='ocrx_word' id='word_1_178' title='bbox 996 2211 1073 2266; x_wconf 86' lang='lat' dir='ltr'>cuius</span> <span class='ocrx_word' id='word_1_179' title='bbox 1091 2210 1200 2266; x_wconf 66' lang='lat' dir='ltr'>unionis</span> <span class='ocrx_word' id='word_1_180' title='bbox 1224 2211 1347 2267; x_wconf 85' lang='lat' dir='ltr'>testimo·</span> 
     </span>
     <span class='ocr_line' id='line_1_19' title="bbox 113 2306 1347 2377; baseline 0.003 -19"><span class='ocrx_word' id='word_1_181' title='bbox 113 2319 136 2358; x_wconf 90' lang='lat' dir='ltr'>un</span> <span class='ocrx_word' id='word_1_182' title='bbox 156 2315 300 2377; x_wconf 85' lang='lat' dir='ltr'>presentes</span> <span class='ocrx_word' id='word_1_183' title='bbox 325 2308 420 2362; x_wconf 86' lang='lat' dir='ltr'>literas</span> <span class='ocrx_word' id='word_1_184' title='bbox 438 2306 498 2362; x_wconf 84' lang='lat' dir='ltr'>fieri</span> <span class='ocrx_word' id='word_1_185' title='bbox 516 2315 544 2361; x_wconf 88' lang='lat' dir='ltr'>et</span> <span class='ocrx_word' id='word_1_186' title='bbox 563 2308 653 2376; x_wconf 80' lang='lat' dir='ltr'>sigillo</span> <span class='ocrx_word' id='word_1_187' title='bbox 678 2308 799 2364; x_wconf 86' lang='lat' dir='ltr'>ciuitatis</span> <span class='ocrx_word' id='word_1_188' title='bbox 818 2309 877 2364; x_wconf 90' lang='lat' dir='ltr'>sine</span> <span class='ocrx_word' id='word_1_189' title='bbox 895 2308 997 2362; x_wconf 87' lang='lat' dir='ltr'>montis</span> <span class='ocrx_word' id='word_1_190' title='bbox 1017 2307 1106 2363; x_wconf 86' lang='lat' dir='ltr'>nostri</span> <span class='ocrx_word' id='word_1_191' title='bbox 1129 2307 1248 2376; x_wconf 86' lang='lat' dir='ltr'>predicti</span> <span class='ocrx_word' id='word_1_192' title='bbox 1265 2308 1347 2362; x_wconf 88' lang='lat' dir='ltr'>iussi·</span> 
     </span>
     <span class='ocr_line' id='line_1_20' title="bbox 113 2402 1347 2459; baseline 0.003 -4"><span class='ocrx_word' id='word_1_193' title='bbox 113 2417 126 2455; x_wconf 83' lang='lat' dir='ltr'>s</span> <span class='ocrx_word' id='word_1_194' title='bbox 140 2405 304 2459; x_wconf 81' lang='lat' dir='ltr'>communiri.</span> <span class='ocrx_word' id='word_1_195' title='bbox 341 2404 439 2458; x_wconf 86' lang='lat' dir='ltr'>Actum</span> <span class='ocrx_word' id='word_1_196' title='bbox 465 2410 492 2457; x_wconf 81' lang='lat' dir='ltr'>et</span> <span class='ocrx_word' id='word_1_197' title='bbox 511 2402 605 2458; x_wconf 86' lang='lat' dir='ltr'>datum</span> <span class='ocrx_word' id='word_1_198' title='bbox 630 2403 738 2459; x_wconf 84' lang='lat' dir='ltr'>Cbutne</span> <span class='ocrx_word' id='word_1_199' title='bbox 758 2419 831 2459; x_wconf 85' lang='lat' dir='ltr'>anno</span> <span class='ocrx_word' id='word_1_200' title='bbox 856 2403 959 2459; x_wconf 89' lang='lat' dir='ltr'>domini</span> <span class='ocrx_word' id='word_1_201' title='bbox 983 2403 1125 2459; x_wconf 92' lang='lat' dir='ltr'>millesimo</span> <span class='ocrx_word' id='word_1_202' title='bbox 1153 2404 1347 2459; x_wconf 86' lang='lat' dir='ltr'>trecentesimo</span> 
     </span>
     <span class='ocr_line' id='line_1_21' title="bbox 113 2498 1200 2570; baseline 0.001 -18"><span class='ocrx_word' id='word_1_203' title='bbox 113 2499 192 2556; x_wconf 88' lang='lat' dir='ltr'>:esimo</span> <span class='ocrx_word' id='word_1_204' title='bbox 210 2507 320 2569; x_wconf 84' lang='lat' dir='ltr'>octauo,</span> <span class='ocrx_word' id='word_1_205' title='bbox 338 2499 418 2555; x_wconf 82' lang='lat' dir='ltr'>vm·</span> <span class='ocrx_word' id='word_1_206' title='bbox 434 2499 504 2569; x_wconf 83' lang='lat' dir='ltr'>ydus</span> <span class='ocrx_word' id='word_1_207' title='bbox 522 2499 709 2556; x_wconf 86' lang='lat' dir='ltr'>Decembris“.</span> <span class='ocrx_word' id='word_1_208' title='bbox 727 2531 762 2543; x_wconf 94' lang='lat'><em>-</em></span> <span class='ocrx_word' id='word_1_209' title='bbox 778 2499 880 2569; x_wconf 87' lang='lat' dir='ltr'>Emler,</span> <span class='ocrx_word' id='word_1_210' title='bbox 897 2499 1018 2570; x_wconf 80' lang='lat' dir='ltr'>Regesta</span> <span class='ocrx_word' id='word_1_211' title='bbox 1034 2498 1081 2556; x_wconf 88' lang='lat' dir='ltr'>IV.</span> <span class='ocrx_word' id='word_1_212' title='bbox 1099 2498 1122 2555; x_wconf 81' lang='lat' dir='ltr'>b.</span> <span class='ocrx_word' id='word_1_213' title='bbox 1141 2504 1200 2554; x_wconf 71' lang='lat'><strong>627.</strong></span> 
     </span>
    </p>
   </div>
   <div class='ocr_carea' id='block_1_3' title="bbox 625 2765 788 2849">
    <p class='ocr_par' dir='ltr' id='par_1_3' title="bbox 625 2765 788 2849">
     <span class='ocr_line' id='line_1_22' title="bbox 625 2765 788 2849; baseline 0.006 -2"><span class='ocrx_word' id='word_1_214' title='bbox 625 2765 690 2849; x_wconf 80' lang='lat' dir='ltr'>bo.</span> <span class='ocrx_word' id='word_1_215' title='bbox 714 2782 788 2849; x_wconf 78' lang='lat'><strong>302.</strong></span> 
     </span>
    </p>
   </div>
   <div class='ocr_carea' id='block_1_4' title="bbox 370 2954 1037 3035">
    <p class='ocr_par' dir='ltr' id='par_1_4' title="bbox 370 2954 1037 3035">
     <span class='ocr_line' id='line_1_23' title="bbox 370 2954 1037 3035; baseline 0.001 -12"><span class='ocrx_word' id='word_1_216' title='bbox 370 2955 469 3035; x_wconf 81' lang='lat'>1350,</span> <span class='ocrx_word' id='word_1_217' title='bbox 492 2954 534 3022; x_wconf 87' lang='grc'>18</span> <span class='ocrx_word' id='word_1_218' title='bbox 555 2954 708 3025; x_wconf 76' lang='lat' dir='ltr'>lrvbtna.</span> <span class='ocrx_word' id='word_1_219' title='bbox 735 2956 769 3025; x_wconf 86' lang='lat' dir='ltr'><strong>V</strong></span> <span class='ocrx_word' id='word_1_220' title='bbox 783 2954 1037 3026; x_wconf 83' lang='lat' dir='ltr'>Nonimbence.</span> 
     </span>
    </p>
   </div>
   <div class='ocr_carea' id='block_1_5' title="bbox 113 3109 1351 3535">
    <p class='ocr_par' dir='ltr' id='par_1_5' title="bbox 113 3109 1350 3197">
     <span class='ocr_line' id='line_1_24' title="bbox 113 3109 1350 3197; baseline -0.002 -20"><span class='ocrx_word' id='word_1_221' title='bbox 113 3111 144 3177; x_wconf 77' lang='lat' dir='ltr'>&#39;dl</span> <span class='ocrx_word' id='word_1_222' title='bbox 161 3114 260 3179; x_wconf 83' lang='lat' dir='ltr'>Karel</span> <span class='ocrx_word' id='word_1_223' title='bbox 279 3115 302 3177; x_wconf 86' lang='lat' dir='ltr'><strong><em>I</em></strong></span> <span class='ocrx_word' id='word_1_224' title='bbox 305 3113 333 3175; x_wconf 90' lang='lat' dir='ltr'><em>V</em></span> <span class='ocrx_word' id='word_1_225' title='bbox 349 3112 501 3195; x_wconf 72' lang='lat' dir='ltr'>opandvci,</span> <span class='ocrx_word' id='word_1_226' title='bbox 524 3114 557 3179; x_wconf 69' lang='lat' dir='ltr'>ie</span> <span class='ocrx_word' id='word_1_227' title='bbox 579 3114 641 3179; x_wconf 77' lang='lat' dir='ltr'>sc&#39;ce</span> <span class='ocrx_word' id='word_1_228' title='bbox 662 3113 772 3197; x_wconf 82' lang='lat' dir='ltr'>obceny&#39;</span> <span class='ocrx_word' id='word_1_229' title='bbox 794 3113 841 3179; x_wconf 76' lang='lat' dir='ltr'>lid</span> <span class='ocrx_word' id='word_1_230' title='bbox 862 3135 880 3177; x_wconf 84' lang='lat' dir='ltr'>o</span> <span class='ocrx_word' id='word_1_231' title='bbox 898 3109 1002 3178; x_wconf 79' lang='lat' dir='ltr'>Cbebu</span> <span class='ocrx_word' id='word_1_232' title='bbox 1022 3112 1106 3178; x_wconf 72' lang='lat' dir='ltr'>aebli</span> <span class='ocrx_word' id='word_1_233' title='bbox 1127 3131 1202 3177; x_wconf 78' lang='lat' dir='ltr'>secu</span> <span class='ocrx_word' id='word_1_234' title='bbox 1218 3110 1350 3194; x_wconf 77' lang='lat' dir='ltr'>procedi</span> 
     </span>
    </p>

    <p class='ocr_par' dir='ltr' id='par_1_6' title="bbox 113 3217 1347 3310">
     <span class='ocr_line' id='line_1_25' title="bbox 113 3217 1347 3310; baseline 0 -22"><span class='ocrx_word' id='word_1_235' title='bbox 113 3225 289 3310; x_wconf 22' lang='lat' dir='ltr'>*tamtjttct</span> <span class='ocrx_word' id='word_1_236' title='bbox 311 3226 426 3300; x_wconf 70' lang='lat' dir='ltr'>biderla,</span> <span class='ocrx_word' id='word_1_237' title='bbox 449 3225 566 3292; x_wconf 72' lang='lat' dir='ltr'>slueicb</span> <span class='ocrx_word' id='word_1_238' title='bbox 588 3231 618 3292; x_wconf 85' lang='lat' dir='ltr'>lo</span> <span class='ocrx_word' id='word_1_239' title='bbox 637 3226 764 3309; x_wconf 73' lang='lat' dir='ltr'>laomorp</span> <span class='ocrx_word' id='word_1_240' title='bbox 778 3217 950 3302; x_wconf 63' lang='lat' dir='ltr'>tramete,</span> <span class='ocrx_word' id='word_1_241' title='bbox 974 3224 1072 3292; x_wconf 67' lang='lat' dir='ltr'>aveat</span> <span class='ocrx_word' id='word_1_242' title='bbox 1093 3229 1127 3291; x_wconf 72' lang='lat' dir='ltr'>ic</span> <span class='ocrx_word' id='word_1_243' title='bbox 1148 3223 1256 3290; x_wconf 68' lang='lat' dir='ltr'>tatae</span> <span class='ocrx_word' id='word_1_244' title='bbox 1274 3244 1347 3306; x_wconf 89' lang='lat' dir='ltr'>pro·</span> 
     </span>
    </p>

    <p class='ocr_par' dir='ltr' id='par_1_7' title="bbox 113 3336 1351 3535">
     <span class='ocr_line' id='line_1_26' title="bbox 113 3336 1351 3422; baseline -0.001 -22"><span class='ocrx_word' id='word_1_245' title='bbox 113 3342 164 3406; x_wconf 66' lang='lat' dir='ltr'>arnt</span> <span class='ocrx_word' id='word_1_246' title='bbox 183 3343 361 3406; x_wconf 69' lang='lat' dir='ltr'>mesconem</span> <span class='ocrx_word' id='word_1_247' title='bbox 384 3362 404 3404; x_wconf 87' lang='lat' dir='ltr'>a</span> <span class='ocrx_word' id='word_1_248' title='bbox 427 3340 492 3405; x_wconf 74' lang='lat' dir='ltr'>otei</span> <span class='ocrx_word' id='word_1_249' title='bbox 516 3338 651 3405; x_wconf 75' lang='lat' dir='ltr'>Chebslte&#39;</span> <span class='ocrx_word' id='word_1_250' title='bbox 672 3340 828 3421; x_wconf 72' lang='lat' dir='ltr'>odpoatt,</span> <span class='ocrx_word' id='word_1_251' title='bbox 844 3340 1008 3422; x_wconf 64' lang='lat' dir='ltr'>paneade</span> <span class='ocrx_word' id='word_1_252' title='bbox 1025 3339 1190 3422; x_wconf 69' lang='lat' dir='ltr'>piedae&#39;jll</span> <span class='ocrx_word' id='word_1_253' title='bbox 1210 3336 1351 3402; x_wconf 66' lang='lat' dir='ltr'>mediani</span> 
     </span>
     <span class='ocr_line' id='line_1_27' title="bbox 543 3453 857 3535; baseline -0.01 -17"><span class='ocrx_word' id='word_1_254' title='bbox 543 3455 633 3535; x_wconf 70' lang='lat' dir='ltr'>jemla</span> <span class='ocrx_word' id='word_1_255' title='bbox 654 3453 857 3519; x_wconf 77' lang='lat' dir='ltr'>dostiee&#39;inili.</span> 
     </span>
    </p>
   </div>
   <div class='ocr_carea' id='block_1_6' title="bbox 113 3626 1351 4736">
    <p class='ocr_par' dir='ltr' id='par_1_8' title="bbox 113 3626 1351 4736">
     <span class='ocr_line' id='line_1_28' title="bbox 162 3626 1351 3711; baseline -0.003 -16"><span class='ocrx_word' id='word_1_256' title='bbox 162 3629 301 3696; x_wconf 82' lang='lat' dir='ltr'>Ksrolus</span> <span class='ocrx_word' id='word_1_257' title='bbox 325 3629 377 3694; x_wconf 88' lang='lat' dir='ltr'>dci</span> <span class='ocrx_word' id='word_1_258' title='bbox 400 3630 508 3711; x_wconf 83' lang='lat' dir='ltr'>grecie</span> <span class='ocrx_word' id='word_1_259' title='bbox 530 3629 745 3694; x_wconf 88' lang='lat' dir='ltr'>Romanorum</span> <span class='ocrx_word' id='word_1_260' title='bbox 768 3648 823 3694; x_wconf 84' lang='lat' dir='ltr'>rex</span> <span class='ocrx_word' id='word_1_261' title='bbox 847 3648 973 3711; x_wconf 90' lang='lat' dir='ltr'>semper</span> <span class='ocrx_word' id='word_1_262' title='bbox 996 3632 1152 3710; x_wconf 77' lang='lat' dir='ltr'>atrgustus</span> <span class='ocrx_word' id='word_1_263' title='bbox 1173 3631 1205 3692; x_wconf 86' lang='lat' dir='ltr'>et</span> <span class='ocrx_word' id='word_1_264' title='bbox 1220 3626 1351 3692; x_wconf 89' lang='lat' dir='ltr'>Bocmie</span> 
     </span>
     <span class='ocr_line' id='line_1_29' title="bbox 113 3736 1349 3825; baseline -0.002 -17"><span class='ocrx_word' id='word_1_265' title='bbox 113 3757 132 3804; x_wconf 79' lang='lat' dir='ltr'>l.</span> <span class='ocrx_word' id='word_1_266' title='bbox 168 3744 288 3810; x_wconf 88' lang='lat' dir='ltr'>Notum</span> <span class='ocrx_word' id='word_1_267' title='bbox 322 3743 457 3808; x_wconf 87' lang='lat' dir='ltr'>iacimus</span> <span class='ocrx_word' id='word_1_268' title='bbox 480 3743 650 3823; x_wconf 70' lang='lat' dir='ltr'>uniuersis</span> <span class='ocrx_word' id='word_1_269' title='bbox 686 3744 780 3824; x_wconf 88' lang='lat' dir='ltr'>quod,</span> <span class='ocrx_word' id='word_1_270' title='bbox 811 3743 887 3808; x_wconf 87' lang='lat' dir='ltr'>licet</span> <span class='ocrx_word' id='word_1_271' title='bbox 920 3736 1001 3807; x_wconf 88' lang='lat' dir='ltr'>alias</span> <span class='ocrx_word' id='word_1_272' title='bbox 1035 3742 1172 3825; x_wconf 92' lang='lat' dir='ltr'>populus</span> <span class='ocrx_word' id='word_1_273' title='bbox 1206 3740 1349 3806; x_wconf 88' lang='lat' dir='ltr'>ciuitatis</span> 
     </span>
     <span class='ocr_line' id='line_1_30' title="bbox 113 3854 1350 3938; baseline -0.001 -19"><span class='ocrx_word' id='word_1_274' title='bbox 113 3859 213 3931; x_wconf 68' lang='lat' dir='ltr'>tressis</span> <span class='ocrx_word' id='word_1_275' title='bbox 243 3874 353 3923; x_wconf 85' lang='lat' dir='ltr'>errore</span> <span class='ocrx_word' id='word_1_276' title='bbox 377 3856 510 3938; x_wconf 80' lang='lat' dir='ltr'>wulgari</span> <span class='ocrx_word' id='word_1_277' title='bbox 534 3855 676 3920; x_wconf 85' lang='lat' dir='ltr'>concitus</span> <span class='ocrx_word' id='word_1_278' title='bbox 700 3861 733 3920; x_wconf 89' lang='lat' dir='ltr'>et</span> <span class='ocrx_word' id='word_1_279' title='bbox 755 3856 920 3921; x_wconf 85' lang='lat' dir='ltr'>insaniens</span> <span class='ocrx_word' id='word_1_280' title='bbox 951 3854 1162 3921; x_wconf 86' lang='lat' dir='ltr'>indeliberate</span> <span class='ocrx_word' id='word_1_281' title='bbox 1192 3857 1224 3919; x_wconf 89' lang='lat' dir='ltr'>ct</span> <span class='ocrx_word' id='word_1_282' title='bbox 1252 3872 1350 3919; x_wconf 90' lang='lat' dir='ltr'>sensu</span> 
     </span>
     <span class='ocr_line' id='line_1_31' title="bbox 113 3967 1349 4050; baseline 0.001 -19"><span class='ocrx_word' id='word_1_283' title='bbox 113 3969 192 4047; x_wconf 85' lang='lat' dir='ltr'>probo</span> <span class='ocrx_word' id='word_1_284' title='bbox 223 3969 346 4036; x_wconf 88' lang='lat' dir='ltr'>Judeos</span> <span class='ocrx_word' id='word_1_285' title='bbox 376 3969 504 4050; x_wconf 82' lang='lat' dir='ltr'>ibidem,</span> <span class='ocrx_word' id='word_1_286' title='bbox 537 3987 661 4034; x_wconf 87' lang='lat' dir='ltr'>camere</span> <span class='ocrx_word' id='word_1_287' title='bbox 691 3975 800 4034; x_wconf 89' lang='lat' dir='ltr'>nostre</span> <span class='ocrx_word' id='word_1_288' title='bbox 823 3988 944 4049; x_wconf 80' lang='lat' dir='ltr'>seruos,</span> <span class='ocrx_word' id='word_1_289' title='bbox 978 3968 1066 4034; x_wconf 84' lang='lat' dir='ltr'>fatus</span> <span class='ocrx_word' id='word_1_290' title='bbox 1094 3967 1349 4050; x_wconf 87' lang='lat' dir='ltr'>presumpcionis</span> 
     </span>
     <span class='ocr_line' id='line_1_32' title="bbox 113 4079 1350 4166; baseline 0.001 -22"><span class='ocrx_word' id='word_1_291' title='bbox 113 4080 192 4150; x_wconf 86' lang='lat' dir='ltr'>dacia</span> <span class='ocrx_word' id='word_1_292' title='bbox 214 4104 279 4150; x_wconf 91' lang='lat' dir='ltr'>non</span> <span class='ocrx_word' id='word_1_293' title='bbox 302 4083 423 4166; x_wconf 88' lang='lat' dir='ltr'>absque</span> <span class='ocrx_word' id='word_1_294' title='bbox 446 4084 538 4165; x_wconf 81' lang='lat' dir='ltr'>graui</span> <span class='ocrx_word' id='word_1_295' title='bbox 561 4088 669 4148; x_wconf 87' lang='lat' dir='ltr'>nostre</span> <span class='ocrx_word' id='word_1_296' title='bbox 691 4084 811 4166; x_wconf 83' lang='lat' dir='ltr'>regalis</span> <span class='ocrx_word' id='word_1_297' title='bbox 834 4101 959 4149; x_wconf 88' lang='lat' dir='ltr'>camere</span> <span class='ocrx_word' id='word_1_298' title='bbox 980 4081 1159 4164; x_wconf 89' lang='lat' dir='ltr'>prciudicio</span> <span class='ocrx_word' id='word_1_299' title='bbox 1177 4079 1350 4164; x_wconf 85' lang='lat' dir='ltr'>peremerit</span> 
     </span>
     <span class='ocr_line' id='line_1_33' title="bbox 113 4194 1349 4280; baseline 0.002 -21"><span class='ocrx_word' id='word_1_300' title='bbox 113 4214 172 4280; x_wconf 70' lang='lat' dir='ltr'>sque</span> <span class='ocrx_word' id='word_1_301' title='bbox 194 4205 227 4264; x_wconf 90' lang='lat' dir='ltr'>et</span> <span class='ocrx_word' id='word_1_302' title='bbox 249 4198 467 4263; x_wconf 78' lang='lat' dir='ltr'>substanciam</span> <span class='ocrx_word' id='word_1_303' title='bbox 491 4199 634 4279; x_wconf 89' lang='lat' dir='ltr'>ipsorum</span> <span class='ocrx_word' id='word_1_304' title='bbox 656 4197 754 4263; x_wconf 84' lang='lat' dir='ltr'>luerit</span> <span class='ocrx_word' id='word_1_305' title='bbox 776 4196 959 4276; x_wconf 84' lang='lat' dir='ltr'>demolitus,</span> <span class='ocrx_word' id='word_1_306' title='bbox 981 4201 1087 4261; x_wconf 86' lang='lat' dir='ltr'>tamen</span> <span class='ocrx_word' id='word_1_307' title='bbox 1108 4194 1246 4260; x_wconf 85' lang='lat' dir='ltr'>maiores</span> <span class='ocrx_word' id='word_1_308' title='bbox 1268 4194 1349 4261; x_wconf 91' lang='lat' dir='ltr'>ciui·</span> 
     </span>
     <span class='ocr_line' id='line_1_34' title="bbox 114 4308 1347 4397; baseline -0.001 -22"><span class='ocrx_word' id='word_1_309' title='bbox 114 4311 146 4393; x_wconf 81' lang='lat' dir='ltr'>is,</span> <span class='ocrx_word' id='word_1_310' title='bbox 166 4315 222 4397; x_wconf 88' lang='lat' dir='ltr'>qui</span> <span class='ocrx_word' id='word_1_311' title='bbox 245 4313 285 4379; x_wconf 90' lang='lat' dir='ltr'>de</span> <span class='ocrx_word' id='word_1_312' title='bbox 308 4311 492 4377; x_wconf 89' lang='lat' dir='ltr'>huiusmodi</span> <span class='ocrx_word' id='word_1_313' title='bbox 515 4317 641 4392; x_wconf 85' lang='lat' dir='ltr'>patrato</span> <span class='ocrx_word' id='word_1_314' title='bbox 665 4329 807 4391; x_wconf 77' lang='lat' dir='ltr'>excessu,</span> <span class='ocrx_word' id='word_1_315' title='bbox 839 4312 925 4375; x_wconf 89' lang='lat' dir='ltr'>sicut</span> <span class='ocrx_word' id='word_1_316' title='bbox 945 4308 1115 4375; x_wconf 86' lang='lat' dir='ltr'>manifeste</span> <span class='ocrx_word' id='word_1_317' title='bbox 1136 4309 1347 4391; x_wconf 83' lang='lat' dir='ltr'>percepimus,</span> 
     </span>
     <span class='ocr_line' id='line_1_35' title="bbox 113 4423 1348 4506; baseline 0 -18"><span class='ocrx_word' id='word_1_318' title='bbox 113 4427 207 4493; x_wconf 79' lang='lat' dir='ltr'>ttinuo</span> <span class='ocrx_word' id='word_1_319' title='bbox 229 4427 411 4505; x_wconf 85' lang='lat' dir='ltr'>doluerunt,</span> <span class='ocrx_word' id='word_1_320' title='bbox 434 4430 468 4491; x_wconf 81' lang='lat' dir='ltr'>vt</span> <span class='ocrx_word' id='word_1_321' title='bbox 491 4426 672 4490; x_wconf 84' lang='lat' dir='ltr'>maiestatis</span> <span class='ocrx_word' id='word_1_322' title='bbox 696 4430 804 4490; x_wconf 87' lang='lat' dir='ltr'>nostre</span> <span class='ocrx_word' id='word_1_323' title='bbox 830 4425 971 4506; x_wconf 81' lang='lat' dir='ltr'>graciam</span> <span class='ocrx_word' id='word_1_324' title='bbox 992 4440 1183 4505; x_wconf 87' lang='lat' dir='ltr'>recuperare</span> <span class='ocrx_word' id='word_1_325' title='bbox 1204 4423 1348 4488; x_wconf 86' lang='lat' dir='ltr'>valerent</span> 
     </span>
     <span class='ocr_line' id='line_1_36' title="bbox 113 4536 1345 4620; baseline -0.002 -16"><span class='ocrx_word' id='word_1_326' title='bbox 113 4541 213 4606; x_wconf 89' lang='lat' dir='ltr'>eidem</span> <span class='ocrx_word' id='word_1_327' title='bbox 235 4540 357 4605; x_wconf 85' lang='lat' dir='ltr'>erranti</span> <span class='ocrx_word' id='word_1_328' title='bbox 379 4539 497 4620; x_wconf 92' lang='lat' dir='ltr'>populo</span> <span class='ocrx_word' id='word_1_329' title='bbox 520 4544 629 4604; x_wconf 88' lang='lat' dir='ltr'>nostre</span> <span class='ocrx_word' id='word_1_330' title='bbox 651 4537 898 4620; x_wconf 82' lang='lat' dir='ltr'>propiciacionis</span> <span class='ocrx_word' id='word_1_331' title='bbox 922 4537 1044 4602; x_wconf 87' lang='lat' dir='ltr'>editum</span> <span class='ocrx_word' id='word_1_332' title='bbox 1066 4537 1222 4618; x_wconf 89' lang='lat' dir='ltr'>inuenire,</span> <span class='ocrx_word' id='word_1_333' title='bbox 1253 4536 1345 4602; x_wconf 91' lang='lat' dir='ltr'>nobis</span> 
     </span>
     <span class='ocr_line' id='line_1_37' title="bbox 113 4650 1346 4736; baseline -0.004 -16"><span class='ocrx_word' id='word_1_334' title='bbox 113 4673 201 4721; x_wconf 87' lang='lat' dir='ltr'>sacro</span> <span class='ocrx_word' id='word_1_335' title='bbox 223 4655 360 4736; x_wconf 89' lang='lat' dir='ltr'>imperio</span> <span class='ocrx_word' id='word_1_336' title='bbox 382 4672 440 4734; x_wconf 92' lang='lat' dir='ltr'>pro</span> <span class='ocrx_word' id='word_1_337' title='bbox 464 4652 647 4718; x_wconf 92' lang='lat' dir='ltr'>huiusmodi</span> <span class='ocrx_word' id='word_1_338' title='bbox 671 4652 718 4717; x_wconf 91' lang='lat' dir='ltr'>sic</span> <span class='ocrx_word' id='word_1_339' title='bbox 739 4655 866 4733; x_wconf 87' lang='lat' dir='ltr'>patrato</span> <span class='ocrx_word' id='word_1_340' title='bbox 889 4669 1021 4717; x_wconf 80' lang='lat' dir='ltr'>excessu</span> <span class='ocrx_word' id='word_1_341' title='bbox 1045 4650 1272 4717; x_wconf 83' lang='lat' dir='ltr'>satisfecerunt</span> <span class='ocrx_word' id='word_1_342' title='bbox 1304 4650 1346 4715; x_wconf 92' lang='lat' dir='ltr'>ad</span> 
     </span>
    </p>
   </div>
   <div class='ocr_carea' id='block_1_7' title="bbox 0 0 1555 5392">
    <p class='ocr_par' dir='ltr' id='par_1_9' title="bbox 0 0 1555 5392">
     <span class='ocr_line' id='line_1_38' title="bbox 0 0 1555 5392; baseline 0 0"><span class='ocrx_word' id='word_1_343' title='bbox 0 0 1555 5392; x_wconf 95' lang='lat' dir='ltr'> </span> 
     </span>
    </p>
   </div>
  </div>
 </body>
</html>
