3098 5392
673 437 747 485 1³³1.
994 446 998 455 ·
1303 432 1366 498 269

68 639 120 704 cia
155 639 364 705 concedimus
398 645 431 705 et
460 640 699 708 concedendum
722 643 870 708 duximus
904 642 1058 722 graciose,
1089 641 1248 720 videlicet,
1283 641 1367 723 quod

70 753 159 817 ciues
182 752 288 817 nostri
319 753 463 818 ciuitatis
487 753 708 822 Chadanensis
742 756 888 838 predicti,
912 755 1056 820 uniuersi
1086 760 1118 818 et
1148 753 1277 835 singuli,
1312 760 1368 820 aut

71 884 182 930 eorum
205 865 354 949 quilibet,
379 867 555 933 secundum
577 869 662 951 quod
685 870 896 948 decreuerint,
920 868 1130 933 communiter
1151 868 1203 932 rel
1224 867 1366 948 diuisim,

73 997 131 1058 res,
155 978 354 1044 hereditates
378 997 415 1044 ao
437 979 522 1044 bona
543 998 751 1063 quecumque,
773 982 875 1046 libera
897 986 1031 1046 autnon
1053 980 1163 1061 libera,
1187 981 1272 1045 dicte
1287 981 1367 1046 ciui-

76 1091 129 1155 tati
151 1097 274 1172 nostre,
298 1097 334 1155 vt
356 1094 563 1175 premittitur,
588 1115 650 1161 non
673 1101 936 1175 commensurata,
960 1113 1019 1160 nec
1038 1095 1197 1176 adipeam
1220 1099 1366 1176 spectan-

81 1205 121 1269 ria
151 1205 192 1270 ab
223 1207 368 1287 antiquo,
402 1207 594 1292 ubicumque
626 1211 715 1275 iuxta
749 1211 915 1275 ciuitatem
948 1209 1052 1291 ipsam
1086 1209 1204 1273 situata
1236 1207 1365 1288 luerint,

82 1335 258 1400 comparare
281 1319 410 1385 valeant
440 1325 473 1386 et
504 1340 619 1402 omero,
653 1323 788 1404 ipsaque
818 1341 875 1404 pro
898 1327 989 1404 parte
1023 1320 1137 1401 media,
1172 1338 1234 1401 que
1265 1319 1366 1384 libere

85 1436 301 1512 compararunt
331 1433 475 1514 anobis,
504 1434 677 1501 heredibus
700 1440 733 1501 et
756 1435 977 1501 succesoribus
1010 1433 1140 1513 nostris,
1163 1433 1295 1498 Boemie
1316 1451 1366 1498 ro-

86 1544 174 1624 uuus,
208 1545 313 1611 libera
350 1551 461 1612 tenere
482 1552 637 1629 perpetuo
668 1553 700 1613 et
729 1548 855 1628 habere,
890 1547 930 1612 de
953 1552 1043 1629 parte
1065 1565 1142 1611 uero
1171 1545 1273 1610 altera
1295 1564 1366 1611 cum

86 1656 198 1723 ciuibus
223 1658 298 1724 aliis
323 1659 475 1725 achonis
497 1660 643 1742 ipsorum
665 1661 933 1740 contribuciones,
957 1660 1147 1739 solutiones,
1171 1659 1365 1737 inraciones,

86 1774 203 1836 denras
237 1776 271 1836 et
291 1773 400 1837 tallias
433 1779 556 1838 remota
590 1774 847 1840 contradiccione
880 1774 1023 1856 qualibet
1055 1773 1161 1838 facero
1187 1777 1219 1836 et
1241 1772 1366 1837 soluere

87 1883 220 1964 ipsorum
242 1884 378 1965 quilibet
398 1891 556 1966 teneatur,
579 1891 614 1950 vt
629 1887 676 1952 sic
691 1904 748 1968 per
764 1887 845 1952 hanc
860 1891 1002 1952 nostram
1024 1885 1242 1968 prouisionem
1262 1885 1367 1950 muni-

85 1994 166 2063 ficam
198 2016 383 2064 communes
417 1999 505 2063 ciues
537 1998 680 2064 ciuitatis
714 1998 898 2080 supradicte
928 2017 985 2081 per
1014 1998 1133 2064 diuites
1155 2017 1193 2064 ac
1215 2016 1233 2063 a
1256 2001 1366 2063 contra

87 2107 193 2175 diuites
222 2130 280 2193 per
311 2129 493 2178 communes
525 2116 637 2177 mutuo
660 2113 789 2177 valeant
816 2115 849 2177 et
876 2112 992 2177 molius
1015 2131 1050 2177 se
1075 2112 1201 2194 juuaro,
1232 2109 1366 2176 firmiter

89 2227 262 2304 statuentes,
292 2224 378 2306 quod
401 2224 484 2289 bona
501 2225 690 2291 huiusmodi
718 2225 820 2290 libera
842 2244 899 2307 por
922 2226 1010 2291 ciues
1033 2225 1153 2290 ibidem
1175 2243 1260 2289 nuno
1282 2242 1364 2289 com-

92 2341 197 2415 parata,
220 2342 278 2401 aut
292 2355 355 2418 que
369 2337 403 2401 in
419 2336 563 2430 futurum
585 2337 736 2403 duxerint
759 2339 972 2420 comparanda
991 2339 1041 2404 vel
1064 2339 1206 2418 emenda,
1230 2337 1367 2402 debeant

95 2462 153 2510 cun
172 2449 303 2515 ciuitate
333 2451 406 2532 ipsa
435 2451 641 2533 perhenniter
675 2469 848 2517 remanere.
894 2452 931 2516 ln
954 2452 1045 2517 cuius
1068 2452 1116 2516 rei
1147 2451 1366 2515 testimonium

98 2566 240 2634 presentes
272 2562 384 2628 literas
413 2562 484 2628 lieri
507 2569 539 2629 et
568 2564 676 2646 sigillo
705 2570 816 2629 nostro
849 2565 963 2630 maiori
998 2564 1132 2630 lecimus
1166 2563 1363 2630 communiri.

100 2666 194 2738 Datum
214 2675 329 2740 Parme
351 2694 434 2740 anno
457 2695 477 2740 a
497 2676 670 2741 natiuitate
692 2675 813 2742 domini
844 2677 1014 2743 millesimo
1044 2677 1286 2742 trecentessimo
1308 2676 1365 2741 tri-

103 2785 196 2851 cesimo
216 2788 321 2869 primo
345 2788 477 2853 sabatho
500 2793 575 2853 anto
598 2789 792 2855 dominicam
815 2789 992 2856 trinitatis.

182 2958 251 3028 Kop.
270 2959 445 3027 vregistrum
464 2960 601 3029 privilegii
620 2961 731 3014 archiru
749 2962 937 3017 Kadahslreho
949 2960 988 3015 N⁰
999 2968 1022 3015 2.
1035 2979 1068 3016 aa
1086 2962 1223 3030 napiscm:
1245 2960 1367 3025 ,Littera

106 3050 156 3114 regis
172 3053 309 3121 iohannis,
329 3054 402 3123 quod
415 3071 469 3120 res,
487 3055 656 3109 hereditates
671 3063 697 3109 et
711 3057 783 3110 bona
802 3058 895 3123 libera,
914 3075 965 3127 quc
984 3064 1143 3126 comparata
1161 3056 1269 3122 iruerint,
1285 3056 1367 3122 juxta

10 3199 20 3227 x
108 3142 213 3202 ciuitatem
231 3167 290 3203 cum
311 3150 417 3204 ciuibus
436 3151 496 3204 aliis
516 3167 547 3204 ac
566 3151 687 3220 ipsorum
712 3152 791 3206 bonis
818 3153 905 3206 solum
924 3153 958 3206 de
978 3159 1056 3222 parte
1076 3152 1166 3206 rnodia
1183 3153 1211 3204 in
1229 3152 1365 3205 contribu-

109 3237 208 3306 donibus,
226 3247 349 3314 losungis
364 3251 391 3301 et
404 3247 502 3300 ceteris
516 3247 708 3301 exactionibus
721 3247 840 3301 (labeant
852 3248 1002 3315 deseruiro,
1020 3255 1048 3301 vt
1061 3249 1088 3301 in
1107 3247 1264 3316 precedenti
1279 3248 1366 3301 forma

20 3336 24 3337 ⁷
50 3388 54 3397 ,
111 3329 215 3394 burlun
234 3350 275 3396 est
296 3347 483 3411 expressum.“
503 3373 537 3380 —
555 3342 656 3407 Emlor,
675 3342 795 3411 Regosta
813 3344 859 3399 ΙΙΙ.
877 3343 899 3397 ὗ.
921 3351 994 3397 rtur.

641 3610 704 3692 Cis.
732 3627 801 3690 157.

368 3797 465 3876 1331,
489 3799 530 3864 21
557 3799 751 3866 terrenae.
788 3801 819 3867 V
843 3798 1069 3865 handshuth.

10 3952 21 3962 ’Δ
47 3992 52 3997 ·
110 3961 164 4031 ha
181 3970 252 4047 dors,
274 3994 395 4052 capsae
417 3975 513 4036 ariasto
537 3973 714 4037 Dorrraalice
747 3971 1053 4038 botariano-satura
1074 3973 1219 4037 occationi
1240 3972 1365 4037 Ja'adr'i-

41 4094 45 4099 '
102 4075 166 4145 dui
183 4087 344 4159 stardimu,
366 4087 561 4168 astarroauje,
591 4087 624 4150 ie
647 4085 757 4150 taratra
780 4089 879 4150 irrisio
900 4085 993 4150 nemci
1015 4087 1053 4150 od
1075 4088 1221 4149 miliani
1250 4085 1366 4150 udis'a‘cb

25 4238 28 4243 -
92 4191 269 4277 obaerati,
294 4199 350 4262 aea'
365 4196 443 4279 julad
465 4197 503 4261 do
519 4196 646 4279 bernero
666 4196 829 4262 bauloosbc‘
851 4198 915 4279 opta·
931 4199 1064 4279 potarunt
1085 4199 1227 4281 obyc'ejaa'
1242 4199 1365 4281 placiti,

88 4309 310 4375 aieme's‘tanc‘
332 4311 416 4375 sami
438 4313 520 4387 aruit
539 4333 556 4376 a
573 4310 764 4393 prostradita
786 4311 876 4375 sst‘c'bo
898 4312 987 4376 soliti
1016 4312 1161 4393 rostram
1182 4311 1364 4378 aristskc‘bo.

175 4486 229 4568 hly
252 4485 317 4549 Jan
341 4507 357 4549 z
381 4486 451 4552 boii
474 4487 595 4552 milosti
620 4470 734 4569 Cesky',
758 4487 875 4568 Polslry'
898 4487 977 4567 krol,
1005 4487 1244 4571 Lucembursky'
1265 4488 1364 4556 hrabb

71 4607 139 4679 etc,
164 4605 254 4663 tomu
277 4599 416 4679 obcenae,
440 4599 500 4682 uby
515 4597 686 4664 viecknbrn
708 4605 800 4663 tlmto
823 4598 927 4664 uailm
949 4600 1056 4664 listorn
1077 4607 1190 4667 zndmo
1211 4602 1294 4684 bylo,
1318 4605 1364 4678 ie,
