3098 5392
668 469 745 524 raes.
1288 465 1352 532 bei

164 676 305 742 Karolus
326 681 459 759 quadus
482 677 596 742 diuina
610 676 741 742 fauente
757 675 933 741 clemencia
948 675 1165 741 Romanorum
1180 675 1354 756 imperator

55 805 189 870 semper
211 793 369 870 augustus
401 794 434 854 et
463 789 595 856 Boemie
616 807 682 855 rex.
713 789 833 856 Notum
854 787 990 854 iacimus
1016 791 1129 853 tenore
1150 787 1354 869 presencium

56 901 233 980 vniuersis,
248 900 334 984 quod
345 900 502 983 inspectis
519 899 668 968 fidelibus
683 901 858 983 obsequiis,
873 900 966 966 nobis
980 916 1038 982 per
1053 898 1188 965 dilectos
1204 898 1353 979 iudicem,

56 1016 183 1080 iuratos
206 1018 239 1079 et
261 1015 350 1081 ciues
373 1015 518 1081 ciuitatis
541 1015 714 1082 Grecensis
736 1015 847 1097 sepius
869 1012 1021 1080 exhibitis
1042 1013 1219 1078 stimantes
1241 1012 1353 1078 vtilics

57 1126 263 1207 exhibendis,
287 1127 335 1193 eis
357 1126 440 1193 hanc
463 1128 605 1210 graciam
620 1127 771 1193 duximus
786 1126 977 1207 faciendam,
1001 1124 1086 1208 quod
1108 1124 1172 1207 ipsi
1195 1124 1235 1190 de
1258 1142 1354 1190 curru

57 1259 179 1322 magno
203 1239 284 1305 duos
306 1239 456 1307 balenses
480 1245 513 1306 et
535 1240 576 1306 de
597 1259 698 1323 paruo
722 1257 818 1306 curru
840 1258 938 1306 vnum
952 1239 1117 1305 belensem
1138 1237 1180 1303 od
1201 1237 1354 1304 refercio-

57 1372 131 1419 nem
161 1355 246 1419 muri
278 1353 422 1420 ciuitatis
446 1354 628 1435 (imoensis,
662 1355 735 1420 siue
767 1354 952 1420 huiusmodi
987 1368 1099 1419 currus
1133 1352 1255 1418 intrent
1283 1352 1355 1418 siue

59 1467 180 1546 exiam,
211 1466 356 1548 recipere
382 1467 511 1533 valeant
533 1473 566 1533 et
588 1468 697 1534 leuare
718 1467 922 1551 presentibus
945 1465 986 1532 ad
1008 1470 1151 1532 rosham
1171 1465 1353 1532 reuocacio-

60 1597 136 1644 nem
159 1578 357 1644 duraturum.
382 1579 590 1647 Prosencium
612 1580 672 1646 sub
694 1580 872 1663 imperialis
897 1583 1008 1645 nostra
1035 1579 1217 1645 maiestatis
1247 1578 1354 1661 sigillo

63 1692 254 1758 testimonio
277 1693 451 1759 literarum.
496 1693 616 1759 Datum
639 1692 765 1760 Gerlicn
787 1711 871 1759 anno
894 1691 1016 1758 domini
1039 1690 1210 1757 millesimo
1231 1695 1356 1758 trecen

59 1807 179 1871 tesimo
211 1805 410 1887 sexagesimo
444 1810 569 1888 quarto,
599 1806 780 1873 indiccione
803 1806 954 1886 secunda,
983 1804 1171 1871 duodecimo
1201 1804 1355 1871 kalendas

55 1916 79 1984 J
86 1918 169 1998 unii,
193 1936 366 2000 regnorum
388 1924 570 1986 nostrorum
592 1938 676 1987 anno
699 1924 813 1986 octauo
828 1918 962 1999 decimo,
985 1918 1113 2001 imperii
1129 1936 1205 1984 vero
1221 1918 1353 1985 decimo.

170 2070 222 2125 Ille
252 2072 416 2127 ztraceneho
442 2076 509 2144 nynt
541 2072 724 2128 Hradeclrehn
748 2073 830 2140 „ced
864 2071 929 2143 dipl.
953 2071 1065 2127 membr.
1096 2071 1168 2127 MS!
1201 2087 1257 2126 nr.
1289 2077 1357 2128 1406

57 2167 248 2236 Bieneuberg,
266 2167 430 2222 Geschichte
447 2166 497 2222 der
514 2165 592 2222 Stadt
610 2166 778 2237 Kbniggrttz
797 2173 845 2222 str.
864 2173 922 2220 lot.

624 2431 689 2515 Cis.
713 2448 786 2515 411.

410 2600 508 2684 mos,
533 2601 576 2670 18
599 2603 793 2672 dervense.
825 2603 859 2672 V
879 2601 1010 2673 Proca.

60 2773 163 2842 Oieco‘
184 2775 285 2841 Κανά
304 2774 359 2838 IV
383 2774 468 2842 ddoci
496 2774 650 2860 rycbtoidt',
679 2775 840 2844 bodan
861 2777 875 2841 i
894 2778 947 2844 odi
971 2776 1039 2844 obsi
1066 2779 1169 2844 meets
1188 2776 1358 2863 Respecto

53 2889 174 2971 proioo,
197 2888 258 2971 adp
272 2886 370 2954 owhli
383 2888 428 2953 tr's'
442 2889 515 2973 sida
530 2890 569 2957 do
583 2891 684 2957 mesta
697 2890 876 2974 pr'ijmeats',
898 2887 981 2956 tres
999 2890 1040 2973 hp
1057 2890 1204 2958 hiantem
1217 2889 1358 2957 mistskci

52 2999 239 3085 podailcolt
268 3023 290 3067 c
322 3001 499 3086 osooboasie
523 3007 616 3085 proto
649 3006 714 3085 tyto
743 3002 817 3085 iios
844 3023 889 3069 ao
913 3005 969 3085 po
1000 3003 1042 3071 let
1070 3004 1127 3071 ode
1155 3002 1246 3073 oswii
1269 3004 1361 3073 berti

643 3138 665 3181 a
684 3117 790 3200 plaid.

170 3287 310 3356 Karolus
332 3294 466 3374 quartus
489 3290 601 3357 diuina
616 3290 747 3358 fauente
762 3292 936 3359 clemencia
951 3291 1167 3360 Romanorum
1183 3293 1359 3376 imperator

60 3420 190 3487 semper
212 3408 371 3487 auguratus
393 3410 427 3471 et
448 3405 581 3472 Boemie
602 3424 667 3472 rex.
698 3405 818 3473 Notum
848 3405 984 3473 iacimus
1014 3411 1126 3474 tenore
1156 3408 1358 3490 presencium

63 3517 240 3599 rniuersis,
264 3516 350 3599 quod
370 3516 481 3585 habito
502 3523 651 3602 respectu
674 3517 716 3584 ad
738 3520 841 3585 multa
863 3517 1032 3586 fidelitatis
1054 3518 1217 3602 obsequia,
1240 3520 1358 3602 quibus

61 3630 164 3713 judex
178 3630 324 3713 etjnrati
346 3634 478 3714 totaque
501 3632 712 3698 communitas
739 3632 885 3699 ciuitatis
908 3631 1095 3716 Budeweys,
1118 3631 1229 3700 fideles
1255 3634 1358 3700 nerui

64 3743 187 3824 dilecti,
220 3749 332 3810 nostre
360 3744 545 3811 celsitudini
579 3746 776 3828 complacere
806 3745 1000 3811 studuerunt
1029 3746 1146 3812 animis
1175 3744 1358 3827 indefessis,

65 3856 309 3924 considerantes
331 3857 560 3925 nichilominus
576 3857 652 3925 fidei
669 3859 813 3942 ipsorum
828 3860 1047 3927 constanciam
1062 3864 1095 3926 et
1109 3857 1360 3927 sollicitudinem

65 3969 264 4052 diligentem,
287 3969 404 4051 quibus
428 3970 637 4054 vigilantibus
660 3972 777 4038 animis
800 3972 842 4038 ad
865 3971 1124 4039 emendacionem
1144 3977 1177 4038 et
1193 3990 1359 4041 commuue

64 4082 185 4149 bonum
208 4082 353 4149 ciuitatis
375 4083 521 4166 predicte
542 4083 690 4150 laborant
712 4085 832 4167 iugiter
856 4090 888 4152 et
907 4085 1062 4168 aspirant,
1085 4085 1167 4169 ipsis
1182 4084 1359 4154 deliberato

64 4197 175 4263 animo
199 4200 292 4262 etex
315 4200 404 4262 certa
434 4197 575 4263 sciencie
604 4198 751 4281 graciose
782 4199 986 4265 concedimus
1008 4203 1042 4265 et
1062 4199 1240 4266 liberaliter
1262 4199 1360 4267 dona·

61 4328 148 4392 mus,
172 4309 258 4392 quod
280 4310 408 4392 possint
437 4310 565 4393 habere,
594 4311 740 4394 recipere
762 4316 796 4376 et
816 4317 927 4377 tenere
948 4317 1015 4378 tres
1037 4311 1161 4379 Judeos
1183 4330 1256 4379 cum
1277 4310 1360 4396 ipsis

60 4441 167 4493 onera
189 4422 335 4490 ciuitatis
359 4429 596 4508 supportantes,
621 4443 701 4507 quos
723 4444 781 4508 pro
805 4425 949 4492 subsidio
973 4423 1116 4492 ciuitatis
1135 4425 1281 4493 eiusdem
1301 4444 1361 4510 per

55 4538 212 4624 quinque
242 4554 343 4604 anuos
374 4538 552 4618 continuos,
583 4538 767 4620 incipiendo
790 4556 810 4603 a
831 4537 914 4605 festo
947 4537 1052 4605 sancti
1080 4537 1194 4606 Jacobi
1222 4538 1361 4623 apostoli

50 4654 176 4724 futuro
205 4651 359 4732 proxime,
393 4651 434 4717 ab
463 4651 549 4718 omni
579 4652 758 4734 exaccione,
795 4657 913 4735 staura,
948 4652 1083 4720 collecta
1111 4656 1146 4720 et
1173 4650 1361 4737 grauamius
