3150 5378
727 443 804 507 lm
1383 436 1427 515 86

133 652 1423 743 hnmvttwmstoolmdttiatotakabypetkopkotsaacto

129 770 274 838 wora
303 769 412 857 &reip
440 770 493 853 byl
520 791 537 837 s
566 770 646 838 obm
673 776 767 839 circa
794 770 927 838 οὸσιάέη
955 790 977 837 c
1006 768 1068 853 uby
1094 768 1174 835 lieni
1200 768 1260 833 aad
1284 764 1425 835 membri

186 880 444 967 iapcrkdaem
463 883 538 967 tyla
558 884 649 971 rog‘cl
666 886 712 951 20
725 882 807 953 lokct
828 904 851 951 o
872 882 1058 951 coeam
1076 881 1180 949 tlcstd
1200 902 1223 948 o
1242 879 1361 950 cirola.

229 1110 302 1178 Nos
315 1110 501 1178 Othakarus
512 1109 565 1179 dei
576 1112 686 1195 gracia
699 1130 757 1180 rex
769 1111 904 1180 Bosmie
919 1116 953 1179 st
966 1108 1109 1177 marchio
1124 1106 1301 1192 Morauie¹)
1316 1112 1428 1175 notum

129 1224 195 1291 fieri
220 1224 373 1292 volumus
395 1225 557 1292 uniuersis
585 1231 730 1294 tenorem
759 1225 964 1309 presencium
985 1219 1243 1308 perspecturisb,
1265 1220 1351 1306 quod
1372 1239 1428 1289 ro·

129 1338 242 1419 lentes,
278 1342 316 1403 rt
343 1336 461 1404 ciuitas
490 1342 602 1405 nostra
634 1336 769 1406 colonie
801 1338 895 1406 fortis
929 1337 1006 1404 valli
1039 1335 1218 1405 munimine
1249 1334 1427 1415 roboretur,

133 1452 237 1535 ipsius
261 1449 411 1516 ciuitatis
433 1450 560 1517 ciuibus
580 1470 602 1517 a
623 1451 707 1519 festo
727 1450 815 1519 beati
837 1450 927 1518 Petri
949 1447 1081 1534 primo³)
1103 1449 1213 1516 loturo
1235 1444 1364 1533 usque⁴)
1385 1446 1428 1512 ad

130 1572 269 1648 quatuor
291 1581 449 1630 annorum
471 1563 618 1647 spacium
631 1566 885 1650 percomplstum
905 1563 1085 1648 plenariam
1099 1562 1317 1630 concessimus
1332 1558 1429 1626 liber·

131 1684 237 1759 ntem,
262 1678 313 1743 ita
333 1676 419 1761 quod
448 1676 533 1744 inira
564 1679 745 1762 predictum
764 1684 904 1765 quatuor
924 1695 1082 1746 annorum
1115 1681 1243 1759 tempus
1271 1675 1313 1741 ab
1341 1672 1429 1740 omni

132 1789 340 1858 exsolucione
358 1789 495 1856 collecte
515 1808 575 1857 scu
608 1795 726 1873 steuro,
749 1810 866 1859 causus
887 1795 985 1877 atqua
1005 1789 1147 1858 thelonei
1176 1790 1244 1856 sint
1271 1787 1367 1855 liberi
1396 1791 1430 1853 ot

132 1904 292 1984 inmunes,
314 1921 374 1969 nec
396 1902 438 1969 ad
459 1903 697 1971 exsolucionem
719 1903 854 1972 collecte
882 1922 941 1971 seu
963 1907 1081 1984 steure,
1103 1920 1221 1969 census
1243 1904 1339 1985 atquc
1360 1898 1430 1966 the·

132 2017 212 2083 lonei
235 2012 474 2099 aliquatenusb
495 2034 555 2100 per
575 2016 718 2101 aliquem
738 2017 982 2101 compellantur,
1005 2016 1063 2083 sod
1085 2015 1314 2099 permittantur
1332 2012 1430 2114 libori

133 2138 158 2196 et
180 2130 296 2211 soluti,
311 2112 502 2197 mandantes
520 2134 634 2198 tenore
647 2131 809 2214 presentis
824 2130 1030 2197 instrumenti
1050 2128 1212 2195 uniuersis
1236 2127 1429 2210 purcrauiis,

133 2241 317 2323 baronibus,
350 2242 509 2310 militibus
531 2249 566 2311 et
585 2244 769 2328 clientibus,
791 2244 936 2312 thelonia
968 2242 1220 2327 possidentibus,
1250 2259 1290 2307 ac
1312 2240 1429 2307 ceteris

135 2357 344 2424 theloneariis
373 2375 432 2440 per
461 2357 630 2425 districtus
652 2358 757 2426 nostri
785 2358 921 2425 dominii
943 2356 1138 2439 constitutis,
1161 2374 1203 2421 ne
1223 2373 1245 2421 a
1265 2353 1363 2420 dictis
1385 2352 1431 2419 ci·

135 2471 225 2537 uibus
249 2469 500 2537 (boloniensibus
513 2468 540 2550 ⁶)
569 2491 645 2540 cum
672 2471 891 2539 mercimoniis
913 2476 947 2540 ot
967 2470 1065 2539 rebus
1092 2466 1291 2553 quibuslibet
1319 2484 1432 2550 proce·

136 2582 285 2650 dentibus
306 2584 430 2668 aliquid
451 2584 583 2652 racione
614 2584 756 2652 thelonei
778 2585 919 2669 exigant,
941 2584 1000 2652 sed
1022 2602 1077 2651 eos
1107 2582 1248 2650 transire
1268 2580 1370 2647 libere
1397 2584 1432 2645 et

138 2699 238 2764 solute
260 2696 460 2780 pemittant
483 2698 551 2781 Ipsi
573 2702 682 2765 autem
708 2698 799 2766 ciues
819 2696 907 2765 inire
920 2697 1063 2781 prelatos
1084 2701 1222 2781 quatuor
1243 2712 1345 2761 annos
1366 2693 1432 2761 los·

138 2818 239 2876 satum
262 2806 379 2894 circc')
408 2810 575 2878 ciuitatem
604 2810 715 2879 fodent
743 2810 777 2878 in
800 2830 840 2877 ea
860 2810 1090 2895 profunditate,
1114 2807 1199 2892 quod
1221 2824 1343 2887 murus,
1375 2804 1432 2889 qul

136 2923 170 2988 ab
190 2943 269 3009 ymo
302 2923 407 3005 ipsius
440 2923 584 2991 ciuitatis
617 2922 762 3010 fossati&
795 2943 896 3009 usque
925 2924 1076 3008 superius
1109 2923 1254 2989 alaterc
1285 2918 1431 2986 ciuitatis

137 3039 288 3120 erigetur,
311 3034 384 3117 sit⁹l
407 3037 524 3120 viginti
539 3039 687 3105 rlnarum
709 3043 894 3121 computato
908 3039 1079 3119 berchano,
1102 3036 1159 3119 qui
1182 3032 1433 3118 supereuudum

136 3169 260 3216 nurum
283 3150 357 3229 erit,
392 3169 487 3233 quem
515 3153 619 3219 eciam
640 3172 768 3219 murum
801 3172 874 3220 cum
895 3152 1058 3218 berchano
1091 3148 1213 3216 hiidem
1244 3148 1334 3214 ciues
1357 3164 1432 3211 con·

137 3261 304 3343 struent¹⁰i
327 3262 584 3349 circumquaque,
606 3267 734 3350 erigent
754 3267 857 3333 ocium
886 3284 1014 3332 murum
1035 3264 1076 3330 ab
1097 3264 1155 3330 illa
1183 3268 1275 3345 parte
1304 3259 1430 3338 fossati,

137 3375 238 3458 quen)
273 3377 415 3442 occurrit
447 3378 597 3460 primitus
630 3376 769 3461 obuiam)
811 3378 977 3444 ciuitatem
1007 3376 1189 3443 volentibus
1218 3373 1355 3458 ingredi,
1389 3372 1429 3438 ab

139 3507 207 3571 >mo
229 3489 347 3554 irrssati
377 3508 477 3573 rsquc
505 3490 547 3556 ad
581 3492 789 3572 equalitatem
811 3496 897 3556 terre
919 3489 1068 3572 superius
1102 3487 1284 3568 eminentis,
1313 3485 1435 3552 facient

140 3603 239 3668 eciam
250 3599 292 3683 ¹¹)
323 3601 481 3669 fossatum
509 3603 617 3686 ipsum
648 3609 715 3670 tam
740 3604 892 3686 amplum,
924 3603 1009 3685 quod
1031 3599 1093 3683 arr)
1117 3600 1290 3684 supercilio
1312 3599 1434 3680 lateris,

141 3715 188 3780 rbi
210 3712 439 3796 barchanus¹⁵l
461 3716 533 3798 erit,
549 3735 652 3799 usque
670 3717 704 3783 in
727 3718 862 3783 alterius
878 3717 990 3783 lateris
1006 3715 1224 3798 supercilium,
1248 3713 1301 3780 vbi
1323 3731 1434 3779 murus

141 3829 198 3893 erit
219 3835 308 3895 terre
340 3829 561 3897 tantummodo
590 3835 777 3913 exequutus,
801 3830 867 3896 sint
897 3829 1014 3912 viginti
1037 3829 1112 3894 vlne
1144 3829 1178 3893 in
1200 3833 1433 3906 mansuersum,

142 3951 171 4007 et
192 3944 252 4010 hoc
275 3963 295 4008 a
317 3948 409 4025 parte
432 3943 592 4026 superiori
626 3943 764 4010 deducta
786 3962 844 4026 per
866 3960 1003 4008 vacuum
1025 3941 1112 4007 linea
1140 3940 1362 4020 transuersali,
1386 3939 1436 4004 in·

142 4054 236 4122 lerina
258 4075 336 4122 vero
358 4056 392 4121 in
424 4055 525 4122 fundo
546 4055 650 4140 ipsius
676 4055 790 4123 fossati
813 4060 862 4122 tot
883 4055 1030 4120 ulnarum
1055 4054 1201 4137 spacium
1223 4054 1372 4122 intererit
1396 4070 1436 4120 ex

143 4176 334 4252 transuerso,
357 4169 443 4252 quod
455 4168 632 4236 secundum
653 4169 921 4253 equipollenciem
933 4165 1136 4251 superiori¹⁰)
1158 4167 1435 4250 proporcionatam

145 4282 344 4367 amplitudini
354 4278 395 4365 Ὅ
419 4282 581 4351 ridebitur
603 4283 765 4367 expedire.
791 4281 878 4349 Huic
899 4288 1008 4349 nutem
1030 4281 1120 4363 operi
1143 4281 1192 4346 sic
1214 4284 1309 4347 erunt
1330 4280 1436 4347 seduli

146 4402 175 4462 et
194 4397 320 4476 intenti,
344 4399 378 4461 vt
399 4395 484 4463 inira
505 4396 666 4480 prelatum
688 4401 826 4480 quatuor
848 4415 1005 4464 annorum
1028 4394 1173 4478 specium
1189 4394 1275 4461 idem
1286 4413 1368 4478 opus
1392 4394 1436 4460 eit

148 4507 336 4592 polioeno,
359 4516 456 4593 prout
477 4509 632 4591 decuerit,
655 4511 913 4593 percompletum
960 4510 1003 4575 ut
1026 4515 1060 4574 rt
1090 4508 1124 4574 id
1153 4506 1287 4589 tanto¹⁹l
1319 4507 1435 4574 melius

150 4620 341 4703 deducere'b
365 4624 494 4691 valeant
514 4624 557 4691 ad
567 4623 729 4707 eflectum,
746 4623 859 4691 danum
873 4626 924 4692 eis
938 4629 1115 4709 prouentus
1130 4641 1189 4689 nos
1212 4622 1435 4704 contingentes
