3098 5392
204 401 290 467 1000
822 405 898 456 1405.

205 610 328 692 stricte,
358 615 516 692 quatenus
548 610 611 692 ipsi
634 609 675 676 de
697 611 858 679 uniuersis
882 617 915 679 et
936 613 1074 695 singulis
1096 609 1201 693 bonis,
1234 612 1407 695 censibus,
1443 615 1515 680 red,

202 723 334 805 ditibus,
369 723 584 789 emolimentis
616 729 649 789 ot
682 724 935 792 obnencionibus
969 725 1215 810 quibuscunque
1245 727 1288 792 ad
1325 728 1512 810 predictum

201 837 362 919 hospitale
377 837 615 918 pertinentibus
635 839 780 920 predicto
795 840 825 904 N
827 841 930 906 icolao
946 841 1133 922 cappellano
1149 845 1260 906 nostro
1276 843 1513 924 respondeant

202 971 325 1017 necnon
347 951 442 1033 bona,
479 969 595 1017 census
619 951 691 1016 siue
713 952 861 1018 redditus
892 972 930 1047 ac
962 953 1065 1018 eciam
1088 952 1192 1035 ipsius
1214 950 1396 1035 hospitalis
1422 974 1513 1021 orno·

201 1070 308 1130 menta
332 1066 402 1131 siue
425 1065 573 1131 clenodia
603 1085 793 1149 quecunque
823 1067 857 1131 in
888 1067 992 1149 ipsius
1029 1046 1156 1133 Nicolai
1192 1067 1511 1163 cappellani'nostri

198 1179 339 1259 tradant,
363 1179 440 1245 dent
463 1184 496 1244 et
518 1181 687 1262 assignent
715 1185 917 1262 potestatem.
942 1179 1128 1247 Inhibemus
1145 1181 1249 1247 eciam
1264 1179 1511 1255 subcamerario

199 1295 291 1376 regni
314 1294 417 1358 nostri
442 1293 573 1359 Boemie
597 1331 639 1340 -
662 1294 819 1375 districte,
856 1297 984 1361 omnino
1008 1296 1163 1375 volentes,
1185 1312 1226 1360 ne
1249 1295 1325 1375 ipse
1349 1295 1512 1377 prefatum

200 1406 372 1472 Nicolaum
403 1407 626 1489 cappellanum
656 1411 802 1472 nostrum
832 1407 918 1472 cirea
948 1407 1110 1490 prefatum
1144 1406 1308 1488 hospitale
1339 1408 1509 1490 impediat,

202 1520 259 1586 sed
281 1525 393 1586 contra
416 1524 448 1585 et
470 1520 628 1585 aduersus
651 1520 814 1602 predictos
831 1522 920 1586 ciues
936 1526 1064 1586 nostros
1089 1519 1301 1586 bolonienses
1325 1528 1509 1603 conseruet

202 1639 312 1700 nostro
335 1633 464 1699 nomine
487 1633 619 1698 realiter
648 1632 864 1714 ot'delendat,
899 1652 1023 1699 necnon
1056 1652 1128 1698 oum
1159 1632 1286 1699 ciuibus
1322 1638 1357 1700 et
1392 1636 1508 1702 incolis

202 1746 347 1830 predicte
377 1747 521 1812 ciuitatis
554 1744 758 1812 Coloniensis
788 1744 918 1826 efficiat,
954 1746 1082 1812 ordinet
1103 1744 1245 1812 finaliter
1274 1754 1309 1812 et
1346 1726 1508 1832 disponat,

201 1861 288 1944 quod
310 1861 373 1943 ipsi
397 1878 433 1925 se
455 1859 496 1924 de
517 1859 677 1940 regimine
700 1864 733 1924 et
755 1858 994 1941 gubernacione
1021 1861 1093 1926 siue
1114 1860 1258 1926 tuicione
1282 1861 1429 1941 predicti
1453 1862 1506 1927 ho

202 1974 329 2056 spitalis
353 1977 528 2039 exonerent
550 1979 582 2038 et
605 1973 759 2038 uniuersa
782 1978 814 2037 et
837 1974 965 2055 singula
993 1973 1097 2055 ipsius
1120 1972 1294 2053 hospitalis
1320 1972 1410 2040 bona
1434 1993 1504 2040 curn

203 2088 271 2152 suis
294 2087 505 2169 pertinenciis
537 2087 709 2165 uniuersis,
742 2092 837 2168 prout
871 2087 934 2168 ipsi
957 2086 1069 2151 eadem
1091 2087 1175 2152 bona
1201 2086 1374 2170 bucusque
1396 2094 1506 2154 tenne

202 2205 286 2280 runt,
318 2199 499 2265 habuerunt
530 2205 562 2265 et
595 2199 804 2282 possiderunt
835 2201 867 2264 in
892 2199 1009 2280 prelati
1031 2199 1158 2265 Nicolai
1192 2200 1380 2282 cappellani
1403 2202 1505 2267 nostri

200 2319 364 2397 umquam
386 2314 610 2396 gubernatoris
633 2333 811 2396 pauperum
834 2313 962 2402 inipso
985 2313 1149 2394 hospitali,
1183 2313 1504 2396 sicut'premittitur.

202 2427 390 2509 degencium
423 2426 510 2508 dent,
543 2427 689 2493 tribuant
728 2428 859 2493 realiter
889 2431 922 2492 et
955 2428 1132 2508 assignent,
1167 2445 1292 2492 necnon
1330 2428 1366 2494 in
1401 2429 1502 2511 ipsius

201 2540 328 2607 Nicolai
350 2540 480 2605 tradant
502 2540 715 2606 omnimodam
739 2545 942 2623 potestatem,
967 2544 1062 2621 prout
1084 2538 1350 2621 indignacionem
1376 2549 1437 2608 etc.

305 2746 392 2817 Vipis
411 2766 426 2801 z
444 2748 562 2816 register·
574 2747 642 2800 kral.
661 2746 864 2816 v„Copiariruu
876 2745 942 2816 dipl.
960 2746 1191 2800 Praemislaeuw
1211 2747 1259 2801 fol.
1276 2753 1336 2802 140.
1357 2749 1500 2803 vunirers.

200 2842 341 2896 knihornd
371 2844 492 2897 Prorsus
519 2861 553 2897 za
580 2843 719 2912 napisem:
764 2841 886 2909 „Nicolai
916 2840 951 2894 de
978 2840 1173 2909 Mnusterborg
1200 2857 1286 2910 super
1314 2842 1450 2913 hospitali
1476 2845 1500 2896 in

203 2939 343 2994 Colonin“.

772 3204 835 3285 Cis.
862 3221 932 3285 til.

556 3410 653 3491 roos,
683 3411 850 3479 areuna.
890 3412 945 3479 ua
968 3393 1142 3477 denisce.

203 3604 289 3670 Krul
320 3603 433 3669 Vdoloo
448 3603 502 3666 IV
518 3603 683 3685 vplrlaooje
704 3601 815 3685 noleep
832 3601 956 3683 ponske'
977 3625 995 3666 o
1015 3602 1200 3685 postedobb
1222 3601 1321 3669 letech
1338 3604 1428 3688 proti
1445 3622 1490 3666 ae·

196 3720 360 3802 pr'cilelslm
382 3740 403 3783 a
425 3717 575 3782 studeam
598 3716 752 3800 coraskpm
775 3718 908 3799 sydoni,
932 3739 953 3781 o
974 3717 1118 3799 aaiimje
1142 3715 1362 3799 purbnristra,
1392 3715 1491 3780 borab-

200 3834 266 3898 lrim
282 3834 465 3916 prisodny'm
489 3855 509 3896 o
532 3833 583 3896 usi
603 3832 669 3895 oboc'
690 3835 792 3896 oie'sto
817 3810 959 3904 &ostend
977 3829 1074 3912 jaboc*
1102 3830 1115 3892 i
1139 3829 1253 3914 jinp'cls
1274 3836 1357 3896 orest
1379 3827 1495 3894 trodov-

200 3946 305 4031 stepen,
329 3947 389 4028 obp
406 3946 614 4028 podporocoli
637 3967 795 4028 popl-once
824 3944 952 4027 bonlo
980 3967 999 4007 c
1021 3943 1150 4009 siibcini
1174 3943 1334 4009 alodlncdo·
1365 3967 1387 4008 o
1418 3940 1495 4008 sorni

200 4059 301 4141 sjicl
317 4062 443 4142 poorocr'
462 4059 528 4124 nod
544 4059 678 4144 loidp'm
696 4058 915 4142 popelli-ali,
940 4058 1018 4122 soor
1036 4059 1076 4138 by
1096 4058 1174 4123 serni
1196 4058 1277 4122 drile·
1291 4057 1392 4132 outo,
1405 4054 1494 4139 julo?

201 4175 212 4237 i
242 4175 307 4237 nod
337 4175 421 4250 lonlei,
451 4173 528 4238 loto}
554 4176 720 4257 plijo'moy'r'
749 4197 769 4239 a
798 4173 911 4256 lerpaecji
939 4174 1004 4237 adri
1032 4171 1175 4238 ardlkome'
1208 4173 1266 4236 orb
1297 4162 1492 4254 lophos-onim

775 4288 926 4369 polirone.

309 4482 517 4548 Wenoeslous
548 4482 599 4546 dei
632 4483 740 4564 gracia
771 4484 988 4547 Romanorum
1022 4499 1078 4546 rex
1109 4498 1237 4561 semper
1271 4485 1434 4561 ougrrstus
1467 4482 1495 4542 et

200 4593 331 4661 Iloernie
361 4617 424 4662 rex.
481 4598 640 4679 Magistro
672 4598 801 4675 ciuium,
834 4596 1019 4662 oonsulibus
1054 4594 1174 4676 juratis
1204 4599 1238 4658 et
1273 4591 1494 4660 communitati
