3098 5392
229 427 314 491 1034
842 419 919 469 1407.

221 650 362 712 mouere,
395 648 562 695 remouere
592 634 624 693 et
656 628 825 692 destruere
847 627 977 692 valeant
997 633 1097 710 atquo
1120 632 1267 712 possint,
1304 631 1526 712 sartagineset

224 743 368 809 caldaria
391 743 648 809 braxatoriorom
664 741 704 805 ad
722 759 923 806 communem
940 759 1031 806 vsum
1053 723 1287 823 predictarum
1314 746 1487 813 ciuitatum
1503 742 1526 807 ir

225 857 352 940 pixides
385 858 581 939 redigentes,
616 873 729 920 currus
761 874 833 920 cum
865 855 942 934 sale,
972 856 1111 922 annonis
1144 862 1178 923 et
1211 860 1294 927 aliis
1326 857 1526 927 mercibusin

227 971 339 1036 stratis
372 971 571 1036 inconsuetis
604 974 637 1034 et
666 969 699 1032 in
732 969 819 1033 villis
850 969 953 1033 eciam
979 973 1190 1051 arrestantes‚
1228 991 1367 1041 necnon
1390 976 1527 1041 moabia

228 1085 261 1149 in
297 1084 563 1150 reformacionem
600 1088 632 1147 et
666 1081 845 1147 munimina
878 1081 1052 1147 earundem
1088 1083 1270 1152 ciuitatum
1307 1093 1527 1154 conuerteotca

228 1197 309 1262 Item
334 1196 418 1276 quod
443 1197 475 1260 iu
500 1195 588 1278 Egra
610 1193 743 1258 flumine
765 1193 963 1258 inconsueta
985 1193 1136 1260 thelonea
1158 1215 1222 1278 per
1247 1199 1527 1284 dominumrcgen

227 1311 382 1377 hactenus
406 1328 469 1375 non
493 1306 679 1374 confirmata
703 1304 917 1372 effectualiter
933 1307 1155 1374 obmittantur.
1186 1310 1426 1382 Reseruamus
1440 1320 1526 1381 aotm

230 1425 322 1490 nobis
353 1428 547 1506 potestatem
579 1420 833 1503 pronuucciandi
864 1420 905 1485 de
935 1419 1083 1502 dampnis
1115 1423 1205 1488 inter
1240 1434 1362 1507 partes
1386 1429 1526 1514 predictis

227 1537 382 1603 hincinde
411 1543 555 1617 ternpore
586 1534 800 1600 dissensionis
831 1551 942 1600 earum
973 1536 1160 1603 contractis.
1208 1539 1288 1619 Que
1315 1543 1454 1626 quidem
1472 1560 1525 1626 pto

229 1651 420 1715 nuncciacio
444 1668 516 1715 cum
539 1647 797 1713 consiliariorum
820 1646 942 1712 domini
965 1648 1053 1729 regis
1076 1649 1218 1716 consilio
1249 1673 1313 1735 per
1339 1675 1403 1723 nos
1424 1655 1525 1723 floriet

230 1763 399 1851 terminari
423 1762 519 1827 debet
542 1778 640 1842 super
661 1765 799 1842 quatuor
818 1760 1018 1842 temporibus
1033 1763 1182 1843 proxime
1198 1769 1361 1837 venturis
1377 1769 1524 1836 inclusina

232 1877 307 1942 Alia
338 1895 413 1942 vero
449 1876 556 1941 omnia
586 1874 817 1955 suprascripta,
851 1873 996 1939 clausule
1026 1880 1059 1939 et
1088 1875 1225 1943 articuli
1263 1881 1401 1963 plenam
1433 1883 1524 1949 debat

231 1990 351 2055 babere
374 1989 498 2055 roboris
521 1986 715 2067 firmitatem,
739 2005 777 2051 eo
800 1992 907 2053 tamen
929 1988 1095 2069 signanter
1110 1997 1267 2073 excepto,
1284 1995 1388 2078 quod,
1406 1997 1435 2062 si
1448 1993 1525 2075 aliqui

231 2104 379 2183 barones,
402 2103 523 2167 milites
545 2108 578 2166 et
594 2101 728 2166 clientes
744 2099 913 2166 districtus
928 2101 1083 2166 Zaoensis
1099 2103 1245 2183 predicti
1263 2106 1385 2175 literas
1400 2111 1525 2190 antiquas

231 2224 264 2282 et
285 2217 360 2281 date
382 2216 500 2298 prioris
522 2215 599 2280 huic
622 2213 906 2296 pronuucciacioni
929 2215 1144 2281 contrariosa
1159 2215 1310 2287 ducibus
1339 2241 1401 2288 seu
1418 2221 1525 2304 regibus

233 2331 323 2411 regni
349 2329 481 2394 Boemio
503 2327 660 2393 baberent
682 2331 715 2391 et
737 2326 929 2409 obtinerent,
954 2327 1071 2408 quibus
1094 2329 1128 2394 in
1143 2329 1277 2399 nichilo
1295 2336 1421 2402 virtute
1434 2335 1525 2401 liniue

233 2442 319 2509 modi
343 2447 454 2508 nostre
477 2439 777 2522 pronuucciacionis
800 2441 949 2506 volumus
963 2441 1093 2522 penitus
1110 2440 1290 2526 derogare.
1314 2447 1360 2513 Et
1376 2450 1411 2515 in
1426 2464 1525 2522 cason

230 2576 292 2639 quo
308 2556 418 2636 aliqua
433 2554 651 2637 predictarum
673 2554 819 2634 parcium
834 2558 1018 2634 presentem
1036 2559 1183 2621 nostram
1200 2562 1525 2639 pronuucciacioucu

233 2669 523 2735 auctorisacionem
539 2672 571 2732 et
587 2666 727 2731 edictum
746 2671 859 2733 tenero
873 2667 973 2732 nollet
987 2685 1025 2733 ac
1040 2668 1165 2734 eisdem
1181 2673 1410 2753 quouismodo
1423 2679 1526 2740 conba-

234 2785 306 2863 iret,
339 2788 456 2849 extunc
485 2800 559 2863 pars
590 2799 653 2845 non
679 2785 793 2845 tenens
817 2799 875 2845 seu
898 2781 1123 2848 contradicens
1152 2784 1190 2847 in
1213 2802 1342 2866 penam
1364 2794 1399 2853 et
1419 2786 1525 2851 radiun

236 2897 325 2962 mille
358 2914 590 2977 sexagenarum
620 2912 805 2975 grossorum
836 2895 1043 2976 pragensium
1074 2894 1202 2962 incidat
1226 2898 1306 2981 ipso
1330 2901 1427 2980 tacto,
1452 2899 1525 2966 omn

235 3011 364 3092 quidem
400 3028 482 3090 pene
513 3028 570 3074 sen
601 3007 687 3072 vadii
718 3008 804 3089 parti
834 3009 957 3072 tenenti
992 3013 1025 3073 et
1055 3013 1161 3073 ratum
1187 3010 1331 3080 habenti
1353 3016 1524 3097 quingentas

236 3141 414 3205 sexagenas
440 3140 624 3205 grossorum
648 3120 856 3202 pragensium
880 3127 913 3186 et
936 3121 1129 3203 quingentas
1153 3140 1346 3208 sexagenas
1361 3143 1524 3211 grossorum

235 3236 275 3301 ad
299 3255 458 3301 cameram
488 3236 613 3316 regiam
643 3233 728 3298 inira
752 3235 847 3298 vuius
870 3234 992 3300 mensis
1016 3235 1163 3316 spacium
1189 3237 1273 3305 dare
1301 3247 1337 3307 et
1359 3242 1523 3326 persoluere

235 3351 330 3416 debet
364 3357 396 3414 et
425 3354 563 3428 tenetur,
587 3348 756 3414 occasione
779 3355 811 3412 et
839 3348 1020 3413 renitenoia
1054 3348 1258 3430 quibuslibet
1299 3357 1415 3438 procul
1436 3352 1521 3420 motis

236 3465 272 3528 lo
303 3465 395 3529 cuius
427 3465 473 3528 rei
504 3463 725 3527 testimonium
761 3462 869 3544 sigilla
900 3466 1011 3528 nostra
1041 3463 1251 3543 presentibus
1286 3475 1365 3534 sunt
1391 3482 1520 3551 appensa

237 3579 354 3642 Datum
377 3575 587 3657 Wissegrado
602 3594 686 3639 anuo
705 3574 827 3640 domini
850 3575 1022 3641 millesimo
1043 3575 1373 3658 quadringentesimo
1394 3581 1518 3662 septimo

237 3690 290 3754 die
321 3691 490 3754 undecima
523 3688 682 3754 Octobris.
708 3724 749 3732 —
779 3688 846 3752 Nos
879 3690 987 3769 igitur,
1021 3689 1076 3770 qui
1108 3695 1185 3755 vota
1213 3696 1434 3774 quorumlibet
1454 3695 1519 3756 iuste

238 3806 418 3885 petencium
444 3803 580 3868 libenter
603 3802 835 3883 amplectimur,
865 3804 1036 3884 presertim
1058 3823 1131 3869 cum
1155 3805 1245 3872 iuste
1268 3809 1452 3888 petentibus
1471 3822 1517 3868 ooo

239 3917 282 3982 sit
306 3916 515 3998 denegandus
539 3936 706 3998 assensus,
730 3937 792 3981 non
816 3936 872 3998 per
895 3935 1036 3983 errorem
1058 3923 1116 3982 aut
1138 3919 1340 4002 improuide,
1364 3922 1417 3988 sed
1432 3921 1517 3985 anino

238 4030 426 4111 deliberato,
451 4049 529 4096 sano
553 4031 718 4111 nobilium,
744 4050 911 4112 procerum
935 4034 968 4095 et
989 4028 1134 4096 fidelium
1156 4039 1348 4101 nostrorum
1370 4033 1516 4102 accedente

238 4144 373 4209 consilio
408 4151 441 4209 et
471 4145 511 4208 de
543 4152 630 4209 certa
661 4152 771 4209 nostra
802 4145 944 4209 sciencia
971 4143 1150 4226 predictam
1173 4147 1471 4227 pronuucciacionis
1488 4143 1513 4206 ll·

238 4264 340 4321 teram
375 4257 636 4339 approbabimus
671 4256 905 4322 ratificauimus
941 4262 974 4322 et
1007 4257 1285 4342 confirmauimus,
1317 4262 1514 4347 approbamu-

239 4371 436 4436 ratifioamus
468 4378 501 4435 et
522 4373 717 4436 auctoritate
740 4372 831 4452 regia
854 4371 988 4436 Boemie
1009 4373 1192 4453 graciosius
1216 4375 1449 4465 confirmamus,
1473 4369 1511 4433 dt·

240 4491 407 4549 cernentes
431 4490 463 4548 et.
486 4504 637 4565 expresse
660 4485 806 4549 volentes
830 4485 935 4565 ipsam
957 4484 1086 4551 literam
1104 4486 1138 4550 in
1155 4488 1299 4570 singulis
1317 4492 1387 4556 suis
1401 4482 1512 4572 punctis

240 4599 397 4676 articulis,
429 4599 584 4663 clausulis
615 4605 648 4663 et
671 4598 855 4673 sentenciis,
883 4603 980 4680 prout
1001 4598 1042 4664 de
1063 4598 1164 4666 uerbo
1187 4603 1229 4666 ad
1255 4603 1388 4668 verbum
1410 4611 1510 4681 explet·
