3098 5392
244 435 329 499 1120
860 433 935 486 ltro.

240 641 427 708 huiusmodi
456 642 586 709 omnino
615 643 769 709 recedere
799 643 953 724 illamque
981 640 1148 709 amicabili
1182 647 1437 725 composicione
1460 642 1529 709 finiri.

241 775 338 837 super
368 757 428 822 hoc
452 759 485 822 in
508 758 662 822 dilectum
687 756 789 823 filium
812 756 997 823 Gonradum
1019 757 1161 822 eloctum
1187 757 1460 838 olomucensem
1478 763 1532 822 tam

239 870 440 950 prepositum
470 871 607 936 ecclesie
637 873 670 936 in
702 871 833 950 licinio,
857 871 944 937 dicte
965 870 1107 937 diocesis
1138 875 1312 953 tanquam
1338 874 1374 939 in
1398 871 1535 941 arbitrum

240 982 466 1049 arbitratorem
489 990 522 1049 et
543 985 745 1050 amicabilem
766 985 1012 1066 compositorem
1033 990 1131 1066 super
1147 985 1338 1067 premissis
1362 985 1537 1053 omnibuset

242 1096 381 1177 singulis
404 1104 669 1178 composuerunt;
694 1099 750 1178 qui
774 1098 959 1163 huiusmodi
982 1097 1118 1162 arbitrio
1141 1099 1177 1162 in
1206 1116 1246 1163 se
1271 1106 1400 1182 sponte
1414 1106 1538 1179 suscepte

243 1215 277 1274 et
299 1210 369 1275 eius
394 1210 495 1276 torma
523 1218 653 1276 seruata
675 1230 793 1295 equum
815 1212 892 1277 tulit
913 1211 1083 1277 arbitrium
1113 1213 1205 1278 inter
1229 1221 1365 1295 partes,
1396 1213 1479 1297 quod
1496 1211 1540 1276 iuit

242 1322 283 1386 ab
313 1329 449 1404 uhaque
479 1330 573 1404 perte
608 1330 723 1406 sponte
754 1331 949 1406 susceptum,
985 1329 1081 1407 prout
1109 1325 1145 1389 iu
1169 1326 1408 1393 instrumento
1437 1326 1542 1409 publice

243 1434 320 1499 inde
344 1434 498 1515 coniecto,
530 1437 623 1503 cuius
647 1444 741 1504 tenor
766 1438 806 1502 de
830 1437 928 1503 uerbo
950 1438 991 1504 ad
1016 1436 1151 1502 uerbum
1176 1438 1330 1506 inferius
1355 1439 1542 1513 describite,

240 1548 368 1629 plenius
400 1549 592 1615 continetur.
638 1553 746 1631 Quare
769 1570 827 1633 pro
850 1557 942 1633 parte
965 1549 1091 1616 abbatis
1115 1556 1149 1616 et
1172 1559 1383 1635 conuentus,
1412 1549 1541 1619 conradi,

239 1663 399 1728 Leonardi
424 1669 457 1729 et
479 1665 764 1745 parrochianorum
788 1665 1005 1748 predictorum
1030 1663 1124 1731 uobis
1146 1664 1216 1731 fuit
1240 1665 1422 1733 humiliter
1437 1664 1540 1747 suppli·

242 1781 359 1860 catum,
390 1782 426 1841 ut
449 1778 554 1842 eidem
585 1777 720 1844 arbitrio
746 1777 844 1845 robur
866 1778 1043 1859 apostolice
1065 1775 1343 1846 confirmacionis
1368 1781 1495 1847 adicem
1512 1776 1541 1839 de

243 1892 377 1972 speciali
407 1891 513 1974 gratia
542 1891 759 1974 dignaremur.
805 1891 873 1957 Nos
904 1893 1004 1974 igitur
1033 1891 1227 1958 huiusmodi
1256 1890 1540 1977 supplicationibus

244 2005 388 2071 inclinati
420 2004 601 2086 predictum
631 2004 811 2083 arbitrium,
843 2005 928 2071 sicut
959 2012 1010 2070 est
1036 2006 1100 2069 rite
1123 2009 1157 2069 et
1179 2007 1331 2088 procide
1356 2008 1476 2074 iactum
1496 2022 1538 2068 net

241 2137 304 2182 non
334 2118 375 2182 ab
397 2123 535 2199 utraque
569 2124 670 2200 parte,
702 2124 739 2183 ut
760 2119 930 2201 prefertur,
961 2123 1076 2200 sponte
1101 2124 1303 2200 susceptum
1336 2128 1373 2186 st
1395 2121 1497 2187 omnia
1514 2118 1538 2181 ir

242 2232 313 2312 ipso
344 2231 559 2297 instrumento
583 2236 733 2298 contenta
763 2239 796 2296 et
818 2231 894 2296 inde
917 2235 1029 2296 secuta
1050 2235 1144 2313 grata
1166 2231 1339 2299 habentes
1360 2241 1396 2300 et
1415 2240 1491 2309 rata,
1510 2247 1538 2293 a

242 2345 435 2410 auctoritate
456 2345 634 2425 apostolica
650 2362 688 2409 er
701 2350 790 2410 certa
806 2344 942 2410 scientia
958 2342 1186 2411 confirmamus
1203 2350 1240 2410 et
1256 2348 1428 2427 presentis
1444 2343 1538 2426 scripti

242 2458 421 2539 patrocinio
455 2459 699 2538 communimus,
723 2459 913 2540 supplentes
948 2475 1057 2525 omnes
1088 2457 1253 2541 defectus,
1291 2463 1324 2527 si
1356 2463 1413 2544 qui
1445 2459 1537 2526 iorum

242 2570 478 2636 interuenerint
509 2574 541 2637 in
574 2571 705 2637 eisdem.
752 2571 858 2636 Tenor
881 2589 958 2636 uero
980 2570 1118 2653 predicti
1141 2572 1367 2640 instrumenti
1390 2574 1464 2640 talis
1483 2576 1536 2634 est:

244 2683 281 2748 In
318 2685 448 2749 nomine
486 2684 609 2751 domini
645 2702 748 2749 amen.
796 2683 877 2749 Cum
918 2684 1020 2749 soleat
1049 2688 1188 2763 uterque
1230 2686 1440 2769 litigantium
1474 2701 1536 2767 pera

243 2797 339 2863 dente
368 2799 426 2863 lite
456 2797 519 2863 sibi
550 2799 614 2880 ipsi
635 2816 732 2880 super
762 2799 835 2880 plus
867 2796 976 2862 debito
998 2795 1168 2878 confidere,
1203 2801 1293 2865 etsi
1321 2819 1389 2883 qua
1412 2800 1470 2867 sibi
1490 2813 1535 2879 pro

242 2918 385 2992 tempore
408 2918 440 2977 et
463 2913 532 2977 loco
556 2912 721 2993 paululum
743 2911 874 2977 fortuna
897 2911 1089 2977 clemencior
1107 2912 1274 2994 arriserit,
1299 2915 1359 2980 vix
1375 2915 1461 2997 pacis
1475 2929 1534 2976 con·

242 3024 424 3089 dicionibus
447 3025 526 3090 libet
549 3026 607 3105 uti,
633 3026 708 3105 quia
732 3044 766 3090 se
790 3026 937 3107 putatio
963 3032 1054 3107 parte
1076 3025 1303 3109 qualicunque
1329 3029 1435 3095 eciam
1455 3040 1533 3105 supe

242 3155 342 3217 rasse,
366 3157 471 3202 nonne
494 3146 585 3219 parte
610 3157 692 3219 equs
716 3145 918 3219 contemptus
941 3136 996 3203 fiet
1011 3137 1135 3217 merito,
1161 3139 1190 3203 si
1208 3158 1272 3221 spe
1287 3158 1354 3206 sus
1368 3142 1531 3208 hausu,

243 3252 297 3332 qui
322 3270 357 3315 se
380 3269 438 3330 pro
462 3253 546 3317 uelle
563 3272 620 3317 suo
637 3259 752 3317 cuncta
775 3251 958 3318 crediderat
980 3251 1196 3317 obtenturum.
1223 3253 1313 3319 Nam
1339 3273 1418 3337 sepe
1438 3246 1529 3335 procul

241 3364 350 3444 dubio,
374 3367 428 3448 qui
452 3384 564 3447 pacem
587 3366 735 3447 abnegat,
760 3367 814 3445 qui
833 3366 901 3448 juri
925 3385 983 3431 suo
1007 3366 1040 3430 in
1063 3378 1155 3446 parte
1173 3368 1398 3433 renuncciare
1412 3368 1529 3437 retesti.

243 3483 315 3558 post
348 3478 586 3559 subsanabitur,
622 3481 650 3543 si
685 3480 840 3544 vincatur.
888 3478 1069 3562 Aliquando
1104 3479 1191 3543 enim
1229 3481 1355 3546 melius
1387 3487 1436 3547 est
1465 3475 1526 3544 iuris

244 3595 367 3672 partem
397 3594 588 3675 relinquere,
620 3612 715 3674 quam
740 3593 843 3674 ipsius
874 3591 1042 3658 occasione
1064 3591 1191 3657 animos
1214 3592 1416 3674 distrahere,
1436 3590 1525 3659 litium

246 3705 420 3770 intendere.
460 3707 564 3788 Igitur
586 3707 732 3772 volentes
756 3707 910 3788 inponere
931 3704 1028 3771 finem
1050 3701 1174 3786 litibus,
1198 3725 1243 3772 ne
1267 3708 1456 3775 inmortales
1475 3702 1523 3768 eii·

245 3824 331 3883 stunt
354 3824 386 3883 et
409 3838 450 3884 ne
472 3827 580 3901 partes
605 3821 690 3884 ultra
713 3820 842 3886 modum
865 3825 1042 3902 grauentur
1064 3818 1231 3885 laboribus
1249 3828 1284 3885 et
1300 3822 1460 3904 expensis,
1479 3832 1523 3880 noe

244 3931 412 3996 Corradus
443 3933 494 3997 dei
525 3932 634 4013 grecia
664 3933 815 4014 prouisus
847 3933 984 3999 ecclesie
1015 3932 1243 3998 Olomuceusis
1276 3940 1439 4016 potestate
1458 3927 1522 3996 arbi·

245 4045 353 4124 traria
385 4053 479 4126 prout
512 4047 544 4109 in
569 4065 626 4109 nos
650 4046 796 4127 religiosi
820 4046 892 4125 viri,
917 4044 1038 4110 domini
1061 4043 1160 4109 abbas
1183 4051 1344 4129 totusque
1368 4050 1520 4113 conuentis

243 4160 430 4224 monasterii
455 4160 487 4222 in
512 4157 659 4224 Czedlicz
677 4179 776 4240 prope
800 4159 928 4225 Montes
953 4157 1090 4223 Outhuis
1115 4155 1203 4239 (sic),
1227 4167 1264 4225 et
1286 4161 1436 4227 dominus
1457 4157 1519 4221 t'on·

242 4272 350 4350 radus,
367 4273 504 4336 ecclesie
520 4273 730 4353 parrochialis
748 4274 780 4338 in
797 4273 927 4355 Melyna
943 4271 1109 4354 plebanus,
1132 4277 1227 4353 parte
1248 4293 1289 4339 ex
1306 4293 1378 4355 vna,
1399 4282 1430 4339 et
1442 4273 1518 4337 hom

243 4387 355 4451 rabilis
380 4389 438 4466 vir,
462 4388 611 4452 dominus
645 4388 844 4461 Leonardus,
879 4387 1035 4469 plebanus
1071 4384 1211 4452 ecclesie
1246 4389 1282 4453 in
1312 4387 1516 4471 Pnyesicztl

244 4509 348 4566 rector
379 4522 461 4568 noue
490 4503 610 4584 capelle
643 4502 794 4583 Corporis
826 4500 949 4566 Christi
982 4505 1073 4566 extra
1102 4519 1213 4566 muros
1237 4501 1368 4568 Montes
1395 4493 1516 4564 cntuue

245 4634 282 4687 ec
306 4617 433 4696 prouidi
464 4618 525 4684 viri
549 4616 665 4682 tratres
688 4635 745 4684 seu
768 4614 956 4684 fraternitas
978 4612 1123 4681 eiusdem
1146 4615 1275 4696 capelle
1306 4633 1363 4681 sen
1385 4631 1461 4680 noue
1479 4624 1515 4671 ct·
