3098 5392
631 874 696 958 os.
720 894 793 959 oso.

385 1108 487 1189 ttae,
512 1108 556 1178 2⁰
579 1126 707 1197 srpna
740 1111 798 1180 Ila
818 1107 1054 1197 Karlttelne.

63 1328 150 1395 Kritz
179 1327 295 1394 Vciclao
308 1330 330 1395 1
335 1328 365 1393 V
378 1329 522 1414 actiacae
543 1328 696 1414 ryohtcir's',
713 1332 897 1416 pr'iaetnplm
911 1328 1071 1398 kontcltim
1086 1331 1100 1396 ἱ
1113 1331 1165 1399 ost
1177 1330 1244 1397 obot'
1258 1334 1360 1398 mesta

63 1443 206 1510 Sloaelio
230 1444 355 1528 (iudici,
379 1444 567 1513 consulibus
583 1447 699 1513 iuratis
722 1451 756 1512 st
771 1446 993 1513 communitati
1009 1445 1154 1514 ciuitatis
1174 1445 1365 1530 Slansnsis),

64 1558 129 1642 aly
157 1555 304 1627 odoaidtla'
335 1560 429 1625 rodni
455 1578 474 1624 a
502 1557 622 1624 strotella
653 1581 675 1626 e
703 1558 848 1626 dcichodti
879 1561 980 1625 mesta
1002 1556 1141 1628 Sloaeho
1174 1558 1214 1624 do
1236 1557 1365 1643 komory

62 1670 230 1738 krdlooskc'
256 1669 481 1757 wctmejoot
508 1671 704 1749 dachoooioo,
732 1672 817 1739 kter’i
847 1675 917 1739 otoo
936 1672 1043 1740 baltdr'
1071 1696 1090 1739 o
1120 1671 1234 1740 kostele
1265 1673 1363 1739 Prat-

62 1784 161 1862 cltc'm,
176 1785 291 1869 641009
302 1788 347 1851 40
358 1809 408 1871 pr.
421 1785 601 1870 pastea
615 1806 637 1851 a
645 1788 886 1870 praecentorooo'
898 1787 1127 1854 mensenatis
1142 1785 1230 1852 cetae
1243 1783 1363 1855 hostete

62 1901 154 1964 rotat
183 1896 263 1964 airola
292 1899 373 1966 osmi
401 1897 461 1982 top
488 1921 539 1984 pr.
564 1921 619 1984 pr.
651 1921 697 1967 ao
724 1900 864 1967 ιόάωὲηί
890 1903 956 1967 mle
987 1920 1027 1966 aa
1055 1900 1184 1967 umidi
1209 1898 1363 1984 autom

64 1993 171 2090 (leste,
205 2011 317 2079 motha
340 2012 416 2097 jalo
449 2013 547 2080 Anna
580 2036 602 2080 a
634 2013 801 2080 maletto
832 2013 994 2082 Jolanoa.
1041 2014 1160 2080 Datum
1195 2015 1361 2082 Karisteiir

61 2146 149 2194 anno
172 2128 293 2194 domini
321 2129 493 2196 millesimo
515 2131 744 2197 trecentesimo
766 2112 975 2212 nonagesimo
998 2135 1100 2211 sexto,
1131 2129 1185 2195 dio
1207 2129 1362 2196 vicesima

63 2240 216 2322 Augusti,
244 2260 415 2325 regnorum
438 2249 622 2309 nostrorum
644 2263 729 2310 anno
752 2243 885 2310 Boemie
906 2244 1073 2310 tricesimo
1096 2249 1221 2325 quarto,
1243 2244 1358 2310 Roma-

448 2376 563 2424 norum
586 2376 662 2424 vero
685 2358 839 2425 vicesimo
863 2359 975 2441 primo.

387 2574 449 2659 [Na
473 2573 589 2659 ohbu:]
613 2576 662 2641 Ad
686 2577 879 2643 relacionem
902 2575 1102 2658 SigIsmundi
1126 2574 1357 2643 subcamerarii

740 2687 930 2756 Wlachnico
953 2688 994 2755 de
1014 2686 1248 2772 Wsytenmule.

165 2850 229 2935 [Na
251 2850 332 2917 rubu
345 2851 368 2936 :J
391 2853 428 2919 lt.
456 2853 621 2921 Johannes
645 2857 829 2938 prepositus
852 2854 1095 2922 Northusensis

163 3065 236 3136 OrIg.
255 3083 331 3138 perg.
349 3046 492 3123 carehim
509 3068 634 3139 kapitoly
653 3068 774 3123 Pruislrt
794 3069 864 3138 sign.
878 3069 950 3136 XIX,
970 3074 1011 3122 ³2.
1030 3068 1114 3121 Pelet
1131 3067 1230 3123 scheri
1256 3065 1356 3124 vustt

55 3175 115 3219 tom
140 3168 219 3235 previ
241 3164 303 3220 krol
327 3163 430 3219 Viciu
447 3164 499 3221 IV:
528 3165 649 3231 „Incitat
673 3165 745 3219 enim
770 3181 821 3221 nos
847 3165 882 3220 ud
899 3165 953 3221 hoo
970 3164 1117 3220 illustrium
1135 3162 1275 3233 quosdam
1294 3181 1355 3234 pro·

55 3260 213 3331 genitorum
231 3268 399 3328 nostrorum,
417 3276 512 3331 regum
539 3261 661 3328 Bocmie,
688 3263 763 3316 clara
789 3261 928 3332 prioritas,
958 3262 1006 3332 qni
1033 3261 1072 3315 sic
1098 3259 1270 3330 temporibus
1297 3259 1355 3316 suis

55 3356 161 3412 cultum
185 3359 357 3428 ampliauere
383 3356 557 3423 domtnicnm,
585 3364 614 3412 vt
638 3373 689 3411 nec
708 3356 795 3410 vicine
813 3357 942 3426 regiones
959 3356 1063 3412 habere
1081 3355 1207 3422 similem,
1229 3371 1281 3411 nec
1297 3372 1354 3411 ore·

55 3453 159 3508 dantur
185 3469 270 3525 posse
294 3453 426 3523 deinceps
450 3453 607 3508 instaurare
626 3457 812 3522 sequentem.u
841 3452 866 3507 V
883 3454 972 3507 temIe
991 3452 1102 3508 urchivu
1119 3451 1200 3522 (elgn.
1218 3450 1291 3519 VIII,
1311 3454 1355 3522 18)

55 3549 145 3604 chora
169 3566 200 3604 se
227 3549 294 3618 orig.
318 3548 394 3617 ilstn‚
421 3550 529 3619 ktcrym
558 3548 733 3615 „Dobrohost
752 3548 840 3618 judex
867 3555 894 3604 et
912 3548 1020 3615 Paulilr,
1046 3549 1146 3603 Petrus
1164 3547 1254 3604 dictus
1271 3547 1353 3616 Loth,

53 3644 200 3701 Iohannes
219 3644 309 3701 dictim
326 3645 449 3715 Longus,
470 3644 582 3700 Michek
601 3645 726 3716 Crnpicz,
747 3645 828 3700 Vltus
847 3647 999 3712 breseator,
1016 3645 1111 3712 Tomis,
1129 3643 1250 3713 Ilodacz,
1269 3642 1353 3712 crux,

53 3742 201 3810 Bohunek‚
226 3742 376 3813 Wyssyek,
394 3743 533 3813 Woytyeh
553 3749 581 3798 et
598 3741 747 3810 Holnbecz,
771 3743 858 3811 jurati
876 3743 994 3798 civitatis
1012 3742 1171 3798 simensis·
1191 3738 1354 3811 dossediuji

53 3841 169 3892 3stnora
182 3840 467 3907 (incestuositas)
486 3843 562 3906 1348,
581 3841 613 3893 Ie
630 3838 740 3894 mestun
756 3838 814 3909 jich
834 3838 928 3894 Iakub
946 3839 1023 3894 testi
1040 3838 1187 3906 (discretus
1206 3837 1247 3893 sir
1262 3836 1352 3892 Jacub

53 3935 256 4005 carpentarius,
273 3941 377 4003 ¹noster
393 3935 527 4002 concinis)
552 3935 660 4005 piianal
678 3951 709 3991 se
736 3936 825 4000 „intra
842 3940 962 4004 quatuor
980 3951 1113 4005 scampne
1129 3933 1282 4000 iudiciurIa,
1306 3933 1352 3990 vbi

54 4030 148 4087 omnis
171 4037 250 4101 gesta
275 4038 303 4087 et
321 4033 436 4102 negocia
454 4032 574 4088 ciuitatis
595 4032 752 4087 sarciuntur
769 4032 871 4087 habere
890 4033 1000 4102 plenam
1018 4030 1186 4097 facultatem,
1204 4046 1259 4084 non
1278 4046 1349 4086 com·

53 4129 153 4200 pmsns
171 4145 223 4184 nec
239 4129 378 4197 coiectas,
397 4129 447 4185 sed
465 4130 579 4201 proprio
593 4136 670 4185 motu
683 4129 718 4184 do
731 4144 869 4186 consensu
881 4129 974 4183 vxoris
988 4144 1038 4183 sne
1052 4125 1225 4182 etheredum
1237 4142 1349 4181 suorum

52 4232 138 4293 atque
156 4224 305 4281 amicorum
323 4256 365 4294 -,
383 4225 458 4296 quod
476 4226 664 4282 molendinum
684 4226 766 4281 sitnm
784 4225 813 4280 in
826 4225 892 4280 villa
906 4224 1055 4279 Bomonics
1073 4238 1134 4277 cum
1148 4237 1214 4277 area
1227 4227 1254 4276 et
1266 4222 1350 4292 perti·

51 4320 159 4376 nenciis
178 4321 236 4377 suis
261 4321 385 4378 vendidit
407 4323 481 4378 insto
507 4323 587 4379 titulo
615 4322 784 4378 venuleionis
812 4320 930 4391 prouilo
959 4320 1016 4374 viro
1041 4326 1069 4374 et
1092 4319 1211 4373 honesto
1238 4318 1349 4374 domino

50 4419 217 4486 Herrmano,
235 4419 360 4475 altariste
380 4427 475 4476 sancte
493 4419 636 4475 TrinitatIs
655 4420 684 4473 in
702 4425 793 4475 castro
817 4417 959 4488 Prsgsnsi,
984 4416 1116 4472 canonico
1134 4414 1349 4482 Boloslauionsi,

51 4523 80 4571 et
98 4516 306 4572 successoribus
326 4517 383 4572 suis
403 4534 453 4588 per
470 4518 562 4588 Ipsum
581 4525 608 4571 et
626 4517 703 4587 ipsos
716 4516 874 4584 tenendum,
893 4512 1092 4587 possidendum
1105 4512 1165 4567 iure
1178 4511 1347 4567 hereditario

50 4620 137 4683 atque
156 4612 359 4682 proprietatis.u

1158 4730 1191 4779 to
