3098 5392
653 426 729 476 ¹4⁰⁷·
1248 425 1329 489 1071

36 633 171 699 racione
194 634 339 699 eiusdem
362 632 548 698 molendini.
571 633 653 698 Item
676 633 709 697 in
733 630 858 714 parte⁴l
882 631 974 696 fluuii
998 651 1055 713 pro
1073 633 1195 714 jejunis
1219 632 1333 699 diebus

35 748 170 812 domino
194 747 315 813 Iacobo
339 752 372 812 et
396 747 533 828 postoris
557 747 661 828 ipsius
684 746 797 810 damus
825 745 1006 810 libertatem
1030 744 1203 828 {piscandi}
1226 765 1245 811 a
1267 766 1333 812 mo-

34 861 180 941 lendino,
205 861 290 941 quod
309 861 398 942 jacet
421 878 518 941 super
541 859 660 942 Ryssin
684 864 717 923 et
739 858 825 923 infra
848 858 906 923 sub
933 858 1059 940 ltyssiu,
1083 857 1244 924 distanoia
1266 861 1333 925 lon-

33 974 198 1055 gitudinis
234 974 345 1038 decem
369 972 555 1038 stadiorum.
594 971 675 1036 Item
706 971 746 1035 de
769 972 862 1052 pleno
897 971 1031 1036 consilio
1054 969 1196 1054 Zytirydi
1218 979 1251 1037 et
1272 974 1334 1038 Be·

33 1084 187 1167 nessii,⁶l
210 1085 354 1151 fidolium
377 1091 570 1164 nostrorum,
593 1084 797 1165 assignamus
821 1084 957 1149 ecclesie
979 1090 1088 1149 nostre
1108 1086 1140 1150 in
1157 1086 1334 1151 Rakounilr

32 1202 71 1264 ia
92 1199 227 1263 taberna
240 1198 428 1263 Lissanensi
452 1216 549 1262 unam
572 1214 764 1278 sexagenum
780 1216 967 1279 grossorum
989 1215 1105 1263 census
1128 1199 1217 1279 nudi,
1240 1202 1334 1267 liberi

33 1320 71 1378 et
97 1314 264 1394 perpetui;
289 1311 431 1377 secunda
454 1330 529 1376 vero
553 1329 713 1393 sexagena
736 1310 857 1376 ibidem
880 1312 1016 1377 ecclesie
1039 1311 1279 1394 subordinatur,
1303 1322 1335 1379 et

34 1428 101 1491 lroc
125 1426 259 1507 speciali
291 1426 427 1491 consilio
457 1424 578 1489 domini
602 1424 796 1507 Zbynkonis,
831 1424 1067 1506 archiepiscopi
1090 1424 1275 1507 Prageusis,
1299 1434 1335 1492 ut

33 1539 212 1621 prefertur.
252 1538 332 1602 Item
356 1556 413 1619 pro
436 1537 562 1602 meliori
587 1542 673 1602 statu
705 1555 782 1618 sepe
804 1538 961 1603 nominati
983 1538 1113 1620 plebani
1137 1540 1208 1604 siue
1231 1539 1335 1621 ipsius

31 1658 242 1735 posterorum
254 1650 278 1731 l)
302 1652 336 1715 iu
360 1652 454 1716 siluis
478 1651 598 1716 nostris
629 1650 793 1733 regalibus
825 1670 883 1733 pro
914 1650 1062 1732 edificiis,
1097 1651 1192 1718 tectis
1222 1652 1336 1718 domus

31 1772 71 1832 et
96 1765 197 1844 curie,
222 1764 403 1843 celendriis,
437 1763 589 1844 fustibus,
620 1765 772 1846 uirgultis
796 1784 853 1847 pro
875 1765 1058 1831 municione
1081 1767 1180 1845 curie,
1210 1765 1281 1832 ioco
1305 1772 1337 1832 et

32 1881 116 1961 igne
132 1885 163 1943 et
179 1877 344 1943 commoda
359 1878 555 1943 necessitate
575 1877 732 1959 dedimus,
753 1878 945 1943 donabimus
968 1884 1000 1943 et
1015 1878 1128 1943 damus
1152 1898 1336 1963 congruam,

31 1990 254 2058 sufficientem
278 1997 310 2055 et
333 1990 500 2056 honestam
523 1990 707 2057 libertatem
729 2011 801 2057 cum
829 1991 933 2056 tribus
950 1991 1189 2071 venacionibus‚
1212 1992 1338 2057 scilicet

31 2105 269 2185 Bartholomei,
300 2106 333 2169 in
357 2104 501 2169 aduentu
525 2106 655 2170 Domini
686 2110 719 2169 et
741 2110 885 2187 tempore
908 2105 1124 2186 Carnispriuii
1154 2123 1232 2169 srnu
1255 2105 1336 2170 aneb

32 2219 123 2285 eluvie
145 2217 253 2296 nubiti,
276 2218 455 2299 leporinam
466 2214 489 2297 ⁷)
515 2236 589 2283 vero
606 2218 781 2284 secundum
798 2219 996 2300 exigenciam
1018 2219 1172 2300 temporis
1187 2217 1337 2300 frequen·

31 2333 119 2399 cius.
133 2329 157 2401 ⁸l
183 2330 263 2396 Item
286 2332 321 2395 in
344 2332 421 2395 villa
444 2331 614 2396 Paulikou
637 2331 793 2396 decimam
816 2333 961 2413 plenam,
985 2332 1050 2397 alia
1071 2332 1146 2414 jura
1170 2335 1247 2395 sunt
1269 2331 1336 2413 ple·

31 2445 116 2511 bani
140 2444 277 2508 ecclesie
307 2444 341 2507 iu
365 2440 493 2508 Hwozd.
540 2443 621 2508 Item
645 2445 677 2509 in
701 2445 875 2511 Senomatb
907 2445 1023 2527 viginti
1047 2445 1160 2509 choros
1184 2444 1335 2526 siliginis.

34 2561 121 2624 ltem
145 2559 177 2621 in
201 2556 389 2621 Kniezowes
413 2557 528 2639 viginti
551 2557 663 2637 tritIci,
687 2558 720 2622 in
743 2558 969 2641 Mutiegowicz
993 2558 1109 2639 viginti
1132 2576 1244 2623 arrene.
1269 2554 1337 2623 Heo

33 2673 79 2737 de
111 2669 221 2751 gracia
254 2675 287 2734 et
309 2669 392 2734 dono
423 2671 519 2751 regis.
556 2670 637 2735 Item
660 2672 693 2735 in
717 2672 894 2738 Rakownilr
921 2672 954 2737 in
989 2671 1137 2738 domibus
1160 2672 1336 2736 cereuisias

33 2783 287 2868 propinantibus
304 2801 323 2846 a
340 2782 484 2864 quolibet
506 2783 659 2864 gallinam
679 2789 712 2848 et
728 2802 866 2864 caseum,
891 2792 1017 2850 casator
1040 2784 1176 2867 quilibet
1197 2790 1338 2849 tantum·

32 2898 134 2965 modo
159 2898 281 2978 pullum
304 2915 361 2979 pro
383 2895 490 2960 medio
514 2915 635 2977 grosso.
675 2898 853 2962 Brarantes
888 2916 965 2963 nero
997 2899 1172 2964 cereuisias
1201 2896 1338 2978 quilibet

33 3020 71 3077 et
95 3009 275 3092 aqualibet
297 3009 470 3074 braxatura
494 3027 589 3073 unam
608 3028 719 3073 urnam
736 3010 869 3074 brar-ine
884 3011 992 3075 tenuis
1015 3016 1046 3074 et
1071 3029 1168 3074 unum
1191 3011 1271 3092 skop
1296 3011 1338 3075 si·

32 3122 199 3207 liginis.‘³)
233 3123 277 3187 Et
300 3124 357 3187 hec
389 3122 526 3205 quilibet
548 3123 587 3186 ad
612 3123 739 3188 domum
764 3122 892 3204 plebani
915 3122 1086 3203 deportare
1115 3123 1286 3202 tenebitur,
1307 3130 1339 3187 et

33 3239 78 3304 ob
103 3256 167 3302 non
191 3237 389 3301 solucionem
423 3236 493 3300 siue
515 3234 671 3301 furtiuum
694 3238 910 3302 retencionem
933 3237 1024 3302 dabit
1047 3238 1180 3319 duplum
1203 3244 1235 3302 et
1257 3254 1339 3318 pene

29 3351 158 3434 iudicis
174 3348 360 3430 subjacebit.
384 3348 465 3413 Item
480 3348 617 3431 quilibet
633 3351 810 3432 inquilinus
834 3352 919 3415 diem
936 3349 1076 3431 vnum¹⁰l
1101 3350 1260 3416 laborabit
1275 3355 1333 3413 ant

35 3482 141 3529 annuum
164 3480 312 3542 grossum
336 3460 473 3542 plebano
505 3460 602 3525 dabit.
643 3463 722 3526 Item
746 3463 786 3526 de
810 3465 908 3529 curiis
939 3469 1046 3545 preter
1073 3464 1242 3529 ciuitatem
1266 3463 1339 3527 sitis

32 3584 95 3643 aut
130 3578 163 3640 in
186 3574 250 3640 fine
272 3575 415 3639 vicorum
438 3574 583 3638 ciuitatis
607 3593 663 3654 per
687 3584 823 3655 quatuor
847 3577 952 3657 pullos
976 3574 1064 3649 et¹¹l
1088 3595 1185 3640 vnum
1209 3593 1337 3641 caseum

34 3708 189 3773 grossum
214 3686 383 3766 valentem,
419 3687 551 3751 eborum
573 3688 686 3761 tritici,
721 3689 853 3753 chorum
885 3689 1035 3769 siliginis
1072 3690 1203 3754 chorum
1227 3688 1339 3754 hordei

34 3810 71 3869 el.
95 3800 301 3866 medietatem
326 3799 397 3881 pisi.
412 3796 451 3880 12)
490 3800 628 3880 Largum
661 3820 731 3864 sero
744 3799 781 3882 13)
808 3821 905 3865 nnurm
939 3821 1102 3883 caponem.
1141 3803 1176 3866 In
1205 3802 1287 3867 albis
1299 3799 1337 3880 ¹⁴)

33 3914 204 3999 agnellum
227 3915 277 3978 vel
301 3914 469 3978 hircellum
493 3914 628 3994 quilibet
658 3914 792 3994 plebano
816 3915 912 3979 dabit.
953 3916 1015 3980 Sed
1040 3917 1072 3980 in
1097 3917 1187 3981 ouria
1210 3915 1334 3979 Simon·

35 4029 151 4097 azonis
174 4032 206 4092 et
228 4044 305 4109 asaro
329 4026 391 4092 sibi
414 4027 583 4108 adjacente
598 4033 631 4092 et
647 4033 739 4108 prato
765 4028 824 4092 sub
848 4029 933 4092 silus
958 4048 1029 4094 cum
1052 4029 1178 4111 agnello
1202 4032 1340 4107 quatuor

35 4160 201 4223 senagene
234 4159 421 4223 grossorum
452 4160 568 4206 census
598 4142 687 4221 nudi,
723 4142 818 4207 liberi
852 4148 885 4206 et
908 4144 1054 4224 perpetui
1079 4143 1168 4223 prius
1193 4140 1340 4221 delegate

35 4262 118 4323 sunt
141 4255 249 4319 ethic
272 4255 479 4336 assignantur
511 4274 568 4337 pro
600 4256 737 4320 ecclesia
761 4256 793 4320 in
818 4275 895 4320 usus
931 4256 1139 4337 plebanorum
1163 4274 1234 4319 cum
1258 4275 1340 4323 com-

35 4370 165 4454 petenti
189 4369 343 4433 memoria
358 4368 558 4447 donatorum,
576 4386 767 4449 quocunque
787 4369 860 4447 jure
877 4369 967 4433 ciuili
990 4388 1053 4433 non
1078 4368 1234 4432 obstante.
1259 4368 1340 4433 Item

34 4483 177 4551 macella
199 4480 385 4546 carnificum
408 4481 536 4546 babebit
560 4482 623 4544 duo
647 4486 679 4545 et
702 4482 824 4561 posteri
850 4482 952 4561 ipsius
982 4482 1012 4544 iu
1037 4481 1150 4546 ordino
1173 4481 1282 4546 debito
1306 4480 1339 4546 in

33 4599 104 4665 line
135 4596 272 4661 aliorum
307 4595 348 4659 ad
380 4596 535 4659 orientem
571 4595 657 4658 solis.
697 4593 778 4659 Item
809 4595 993 4676 aquolibet
1030 4596 1184 4678 magistro
1220 4596 1339 4662 ciuium
