3150 5378
677 488 753 540 uos.
1276 479 1361 546 1055

51 698 203 781 prefatos
226 699 350 765 incolas
373 699 491 764 mentis
515 702 625 763 nostre
647 697 750 764 aciem
775 696 847 760 nice
869 696 1034 775 reciproca
1054 691 1244 774 dirigentes,
1269 690 1361 771 ipsis,

53 811 232 879 heredibus
255 830 293 876 ac
315 810 556 877 successoribus
580 829 691 877 eornm
713 811 840 893 gracias
872 807 1010 875 iacimus
1042 804 1277 886 infrascriptae,
1313 803 1361 868 ni-

54 926 177 993 delicet
200 925 286 1007 qucd
309 943 419 990 omnes
456 924 577 1004 dumos,
609 941 706 1006 agros
737 922 840 989 cultos
872 928 905 988 et
928 922 1077 999 incultos,
1109 923 1211 1001 prata,
1246 915 1361 983 rubeta

57 1048 92 1105 et
115 1041 363 1105 communitates
378 1038 419 1102 ad
435 1037 578 1120 prelatos
602 1036 734 1118 opidum
756 1042 790 1101 et
813 1036 921 1101 villam
945 1033 985 1100 ab
1008 1035 1143 1116 antiquo
1166 1036 1361 1114 spectantes,

59 1159 158 1234 prout
191 1153 317 1218 insuia
351 1152 446 1217 metis
482 1157 516 1217 et
537 1148 685 1217 terminis
717 1156 793 1216 sunt
823 1149 945 1214 situata
974 1155 1007 1213 et
1029 1154 1125 1229 prout
1157 1147 1222 1229 ipsi
1245 1165 1285 1212 ea
1307 1145 1361 1211 ba·

57 1273 173 1332 etenus
205 1272 389 1345 tenuerunt,
420 1266 649 1345 concessimus,
681 1264 911 1330 innousuimus
934 1267 968 1326 et
990 1260 1262 1340 confirmanimus,
1287 1278 1362 1325 con·

57 1381 214 1458 cedimus,
250 1380 440 1445 innodamus
463 1385 496 1444 et
519 1380 640 1444 niente
663 1378 866 1459 presencium
898 1376 1050 1441 decerta
1084 1374 1225 1441 sciencia
1249 1371 1361 1439 contir-

58 1513 198 1572 mamus,
230 1510 287 1575 per
314 1494 413 1575 ipsos,
444 1492 581 1558 heredes
612 1510 650 1556 ac
673 1508 878 1558 successores
902 1507 1013 1555 corum
1037 1488 1185 1568 tenenda,
1217 1485 1363 1552 habenda

57 1616 91 1672 et
105 1607 274 1688 perpetuis
292 1605 490 1686 temporibus
505 1605 616 1685 libere,
632 1605 741 1688 quiete
757 1609 790 1668 et
802 1603 935 1685 pacifice
958 1602 1018 1668 sub
1035 1601 1119 1668 inira
1135 1600 1267 1682 scriptia
1289 1618 1364 1665 con·

60 1719 249 1787 dicionibus
268 1718 480 1801 possidenda:
504 1717 657 1798 Primum,
678 1718 764 1801 quod
780 1716 919 1799 predicti
935 1717 1040 1782 incole
1055 1716 1095 1781 de
1111 1714 1255 1797 quolibet
1270 1715 1364 1779 laneo

57 1833 230 1899 annuatim
260 1832 395 1914 triginta
418 1832 500 1898 duos
523 1850 654 1915 grossos
669 1831 840 1916 [censeare
855 1829 1073 1912 tenebunturl,
1092 1834 1224 1910 excepto
1238 1827 1364 1899 siluano

58 1949 148 2012 silue
171 1947 257 2011 dicte
280 1947 454 2026 Semetecz,
477 1946 533 2028 qni
556 1965 615 2028 pro
630 1965 693 2013 vno
707 1947 800 2012 laneo
823 1946 954 2012 racione
976 1942 1109 2011 seruicii
1132 1943 1231 2010 nichil
1256 1944 1362 2010 soluit.

57 2063 145 2127 Item
168 2059 304 2140 quilibet
326 2059 443 2125 snbses
467 2079 526 2125 scu
548 2058 692 2141 quelibet
721 2059 835 2124 demus
868 2060 920 2124 uel
945 2076 1022 2124 area
1045 2076 1159 2124 carens
1182 2057 1363 2124 hereditate

57 2194 121 2241 seu
146 2175 235 2255 agris
258 2174 426 2238 cunctatim
456 2178 595 2254 quatuor
616 2191 746 2254 grossos
774 2172 925 2251 diuisim;
956 2173 1035 2238 item
1066 2173 1106 2238 de
1128 2171 1272 2254 qualibet
1294 2171 1362 2236 tha·

58 2292 175 2366 berna,
198 2291 355 2369 quotquot
376 2286 497 2352 ibidem
520 2292 597 2351 sunt
622 2286 675 2353 nal
698 2293 792 2352 erunt
814 2287 1038 2368 imposterum,
1070 2275 1364 2366 sedecimgrossos

57 2401 207 2466 ‹liuisim
231 2401 311 2464 Item
328 2399 495 2482 quodlibet
516 2398 745 2480 molendinum,
769 2399 912 2482 exceptis
935 2399 1056 2466 nostris
1079 2399 1283 2478 molendinis,
1306 2417 1365 2480 pro

57 2532 178 2580 inausa
200 2521 310 2578 nostra
332 2512 373 2578 de
396 2512 541 2595 qualibet
563 2519 635 2579 rota
656 2514 824 2579 annuatim
847 2513 988 2580 sedecim
1011 2531 1158 2596 grossos,
1183 2514 1372 2596 piscaturas,

59 2639 174 2694 tamen
199 2628 231 2692 in
256 2626 391 2692 llumine
414 2627 532 2693 ibidem
564 2645 621 2709 pro
652 2626 746 2694 nobis
775 2633 808 2692 et
837 2627 958 2694 nostris
989 2625 1231 2693 successoribus
1261 2643 1366 2692 reser-

61 2759 191 2806 namus.
231 2741 312 2806 ltem
342 2740 430 2806 circa
459 2740 576 2807 festum
607 2740 792 2806 natiuitatis
816 2739 938 2806 Christi
970 2740 1063 2807 nobis
1093 2743 1150 2805 ant
1180 2739 1364 2822 burgrauio,

62 2854 188 2920 ibidem
223 2872 281 2936 pro
302 2859 447 2937 tempore
477 2854 640 2934 existenti,
674 2854 816 2919 medium
847 2872 945 2936 pecus
975 2860 1008 2919 et
1031 2873 1127 2919 vnum
1154 2872 1287 2936 porcum
1309 2861 1366 2920 aut

64 2987 165 3033 snam
188 2985 381 3049 sexagenum
403 2985 587 3049 grossorum
612 2968 742 3033 racione
765 2967 960 3034 honorancie
982 2967 1120 3050 predicti
1144 2968 1248 3034 incole
1271 2968 1364 3034 nobis

63 3082 206 3148 soluent.
246 3083 325 3146 ltem
355 3081 487 3147 bernam
517 3082 658 3163 regalem
688 3082 881 3163 generalem,
918 3081 994 3146 dum
1025 3083 1223 3163 proclamata
1256 3081 1364 3162 fuerit,

63 3195 243 3261 secundum
277 3195 443 3276 antiquam
477 3193 741 3261 consuetudinem
776 3195 995 3277 assignabunt.
1035 3196 1115 3260 Item
1149 3194 1190 3260 de
1223 3195 1365 3278 qualibet

62 3327 147 3374 area
169 3325 226 3372 seu
249 3307 343 3373 domo
375 3308 447 3374 sine
468 3308 539 3374 ioco
562 3307 731 3375 duodecim
763 3309 924 3375 hallenses
946 3309 1077 3392 racione
1099 3309 1269 3374 fumalium
1293 3328 1369 3391 cum¹

65 3421 304 3488 delencialibus
343 3423 506 3487 ornaretis
543 3422 637 3488 aunis
682 3422 820 3504 singulis
862 3423 989 3488 soluere
1029 3422 1231 3488 tenebuntur.
1286 3424 1370 3507 Item,

64 3534 212 3619 quelibet
254 3553 330 3599 area
365 3554 423 3601 sen
453 3535 584 3617 domus,
615 3535 796 3603 hereditate
826 3555 883 3601 seu
915 3537 1003 3619 agris
1041 3555 1173 3619 carens,
1204 3537 1367 3602 tenebitur

65 3654 193 3715 metere
221 3648 302 3714 duos
334 3649 413 3714 dies.
453 3650 532 3715 Item
557 3650 660 3717 incole
683 3650 802 3716 ibidem
835 3650 988 3716 habentes
1020 3669 1126 3732 agros,
1160 3669 1198 3716 er
1232 3657 1367 3732 utraque

67 3768 165 3845 parte
193 3760 335 3828 fluminis
366 3763 556 3833 residentes.
589 3784 626 3831 ac
652 3765 759 3832 incole
784 3764 930 3848 predicte
953 3765 1029 3831 ville
1052 3764 1255 3831 Prziedczicz
1278 3770 1366 3830 tene·

64 3879 193 3944 buntur
221 3894 365 3943 annonas
396 3882 470 3957 post
499 3896 637 3944 messem
668 3878 827 3944 deducere
849 3883 882 3942 et
904 3897 1096 3960 componere
1126 3879 1167 3944 ad
1190 3880 1295 3946 lecum
1319 3881 1366 3944 eis

66 4009 128 4074 per
151 3990 360 4071 burgrauinm
383 3990 503 4056 ibidem
527 3991 755 4075 deputandum.
780 3993 859 4058 Item
884 3993 924 4058 de
946 3992 1090 4075 quolibet
1115 3994 1210 4058 laneo
1233 3993 1368 4073 triginta

67 4104 154 4170 duos
177 4105 284 4169 sulcos
315 4122 409 4170 arare
431 4104 574 4186 dinisim,
606 4111 641 4172 ut
664 4107 871 4188 premittitur,
901 4106 1104 4172 tenebuntur.
1144 4108 1222 4171 ltem
1251 4105 1369 4170 debent

68 4218 162 4299 ligna
187 4218 368 4282 necessaria
391 4216 553 4284 adducere
583 4238 640 4301 pro
663 4219 829 4285 obstaculo
852 4221 1026 4286 molendini
1051 4221 1153 4286 nostri
1177 4220 1236 4285 snb
1263 4226 1369 4284 castro

68 4330 204 4397 ibidem.
228 4331 307 4395 ltem
330 4335 481 4395 tenentur
502 4331 553 4396 bis
577 4333 609 4396 in
632 4351 717 4398 anuo
739 4333 780 4397 ad
805 4335 1012 4400 venacionem
1039 4335 1179 4399 transire
1202 4334 1242 4399 ad
1262 4336 1369 4416 requi-

68 4443 229 4509 sicionem
263 4442 429 4524 bnrgrauii
462 4441 589 4508 ibidem.
636 4445 715 4509 ltem
747 4445 835 4527 ligna
858 4446 898 4510 dc
925 4447 1009 4512 silua
1039 4455 1150 4512 nostra
1173 4448 1367 4531 Syemetecz,

70 4575 131 4639 pro
167 4557 257 4621 curia
288 4563 398 4622 nostn
420 4556 577 4639 Pragensi
607 4558 801 4637 necessaria,
831 4563 982 4624 teueutur
1013 4559 1056 4626 ad
1085 4561 1178 4627 littus
1209 4561 1369 4629 Multauie

70 4667 244 4746 deducere,
268 4668 400 4750 quocies
430 4667 529 4734 inerit
558 4675 782 4751 opportunum.
821 4671 929 4736 Incole
959 4691 1037 4739 uero
1068 4673 1188 4739 ibidem
1221 4683 1368 4742 carentes
