3150 5378
633 727 698 811 Cis.
727 746 799 811 799.

413 935 508 1012 1406,
532 935 575 1003 13
599 936 748 1003 cernua.
780 935 835 1003 Na
858 917 1033 1004 Zabrace.

63 1126 150 1191 Krcil
188 1127 301 1192 l'ciclcv
324 1130 345 1191 I
348 1125 377 1185 V
400 1128 544 1211 naibscje
570 1126 777 1212 praemisera
805 1149 827 1192 a
856 1126 1016 1194 kontcldm
1048 1131 1150 1194 mesta
1182 1130 1363 1215 Budtjoor'c,

62 1240 127 1320 chy
150 1240 258 1305 obecnri
277 1239 437 1322 oylaldsa‘li,
460 1243 494 1307 lc
515 1242 655 1308 mditoat
676 1262 698 1307 a
719 1240 878 1323 obpuateld
900 1240 1012 1307 molum
1033 1240 1201 1326 vylroups'ti
1219 1265 1253 1309 se
1266 1263 1284 1308 a
1297 1248 1364 1310 rod·

62 1353 139 1416 aricb
161 1351 270 1434 cirola,
293 1351 427 1438 lderpm
457 1355 654 1420 ncmooa'toati
676 1354 747 1438 jicb
771 1357 848 1438 jsoa
879 1355 1029 1438 obtitcap,
1062 1354 1145 1438 idyl
1166 1357 1244 1423 alodi
1273 1357 1364 1424 desa-

124 1467 333 1552 teroadsobagi
355 1469 450 1534 abaco
472 1469 597 1534 rotatico
620 1467 730 1550 cirola,
752 1468 878 1552 ljeloc
895 1470 1026 1551 placari
1039 1472 1118 1552 jsou
1139 1469 1303 1536 revocant.

175 1659 384 1726 wenceslaus
400 1661 453 1728 dei
476 1663 586 1745 gracia
601 1663 817 1729 Romanorum
839 1682 896 1729 rer
919 1681 1046 1745 semper
1069 1668 1226 1744 augustus
1250 1668 1283 1729 et
1300 1664 1364 1730 Bo-

61 1774 174 1839 bemie
197 1792 261 1837 rex.
295 1774 452 1856 Magistro
486 1776 606 1842 ciuium
628 1783 661 1841 et
684 1776 869 1842 consulibus
888 1777 1009 1859 juratis
1032 1776 1178 1842 ciuitatis
1202 1776 1363 1859 Budweis,

58 1887 215 1954 fidelibus
239 1890 359 1954 uostris
383 1889 521 1969 dilectis,
554 1889 697 1972 graciam
727 1890 851 1971 regiam
881 1896 915 1955 et
945 1908 1038 1956 omne
1067 1891 1195 1956 bonum.
1234 1890 1363 1957 Fideles

58 2002 193 2069 dilecti!
230 2002 407 2083 Intellecto,
439 2003 578 2084 qualiter
608 2003 759 2070 concines
790 2009 822 2070 et
852 2004 956 2069 incole
979 2004 1079 2069 vestri
1110 2009 1259 2085 pretextu
1289 2024 1362 2070 cen·

57 2136 169 2196 suum,
193 2134 272 2197 quos
289 2116 451 2182 nonnullis
467 2116 650 2182 hominibus
673 2135 829 2183 censuere
847 2122 1032 2197 noscuntur,
1057 2117 1208 2200 oppressi
1231 2118 1298 2183 sint
1312 2119 1361 2184 in·

58 2231 206 2295 maniter
238 2235 270 2293 et
303 2230 442 2311 grauati,
477 2229 567 2307 adeo,
600 2237 634 2294 vt
668 2230 730 2312 ipai
762 2236 932 2296 consuetas
964 2236 997 2295 et
1019 2228 1145 2295 debitas
1177 2231 1362 2313 vigiliarum

58 2343 236 2409 execuciaa
257 2360 296 2408 ac
315 2343 380 2408 alia
403 2343 546 2408 ciuitatis
570 2360 669 2409 onera
692 2343 825 2409 minime
848 2343 976 2409 valeant
998 2341 1188 2425 adimplere,
1213 2341 1362 2410 fidelitati

56 2463 173 2523 vestre
196 2456 319 2521 seriose
341 2456 537 2538 precipimus
558 2461 591 2520 et
605 2455 794 2521 mandamus
817 2457 1011 2522 anctoritate
1033 2455 1124 2538 regia
1140 2456 1361 2537 decernentes,

57 2576 225 2652 quatenus
248 2589 320 2635 mox
344 2570 425 2634 risis
455 2568 659 2652 presentibus
682 2569 972 2650 proclamacionem
1004 2567 1166 2651 publicam
1193 2567 1266 2636 fieri
1291 2591 1365 2653 pro-

58 2683 196 2764 curetis,
220 2689 253 2748 rt
268 2683 405 2764 quilibet
428 2683 603 2762 hominum,
626 2682 848 2764 cuiuscunque
871 2687 977 2747 status
1000 2683 1152 2764 cunintona,
1176 2682 1363 2749 huiusmodi

58 2816 182 2864 census
211 2797 245 2861 in
275 2797 409 2862 ciuitate
438 2802 546 2862 vestm
568 2795 699 2876 babens,
730 2815 788 2877 pro
818 2795 963 2878 qualibet
993 2815 1154 2878 sexagena
1176 2815 1361 2878 grossorum

59 2929 181 2977 census
197 2909 308 2975 decem
324 2927 500 2992 sexagenas
516 2928 701 2992 grossorum
718 2908 923 2974 denariorum
939 2910 1145 2991 pragensium
1161 2910 1201 2975 ab
1223 2910 1288 2989 illo,
1306 2912 1360 2992 qui

57 3025 162 3089 talem
185 3042 315 3088 censum
338 3022 498 3088 redimere
521 3022 626 3100 vellet,
650 3022 795 3103 recipere
818 3024 862 3087 sit
884 3028 1054 3088 contentus
1079 3023 1235 3104 peccunia
1257 3023 1290 3087 in
1306 3042 1362 3105 pa-

59 3143 143 3203 rata.
179 3137 222 3200 Et
245 3137 277 3201 in
302 3153 388 3217 casu,
412 3155 474 3218 quo
496 3136 658 3218 quispiam
688 3135 861 3217 id‘ipsum
892 3135 999 3200 tacere
1028 3142 1210 3216 rennueret,
1245 3141 1363 3200 extunc

59 3251 149 3316 idem
173 3268 300 3330 census,
325 3268 405 3331 quos
427 3248 540 3314 tollere
563 3248 705 3332 deberet,
728 3253 915 3328 arrestetur,
939 3253 972 3313 et
987 3249 1173 3314 huiusmodi
1197 3249 1361 3331 pecunias,

58 3382 126 3444 que
149 3381 207 3444 pro
230 3363 454 3444 redempcione
488 3380 642 3428 censuum
673 3360 847 3427 eorundem
870 3360 1036 3442 debentur,
1068 3367 1147 3444 aput
1170 3380 1226 3427 vos
1249 3362 1362 3443 reponi

59 3478 94 3541 in
120 3477 263 3557 pretorio
294 3477 485 3558 disponatis,
510 3476 598 3558 ipsas
620 3474 744 3540 tamdiu
768 3477 855 3541 circa
888 3494 944 3540 vos
968 3476 1156 3553 retinentes,
1180 3474 1284 3540 donec
1307 3475 1363 3539 ille

57 3590 111 3654 rel
137 3589 196 3669 illi,
219 3608 353 3672 quoram
377 3589 534 3669 intererit,
558 3588 724 3654 vobiscum
748 3595 780 3653 et
797 3608 869 3654 cum
884 3589 944 3669 eis,
967 3588 1117 3671 aquibus
1139 3588 1221 3653 tales
1245 3606 1361 3654 census

56 3703 190 3782 tollunt,
222 3721 258 3768 se
280 3721 337 3784 pro
361 3703 483 3768 eisdem
506 3708 700 3784 componant
721 3702 853 3768 realiter
875 3708 908 3768 et
931 3703 1134 3768 concordent.
1170 3702 1275 3767 Aliter
1297 3720 1361 3767 non

56 3816 180 3883 facturi
198 3821 308 3881 nostro
324 3816 414 3897 regio
431 3815 490 3880 sub
513 3816 634 3881 fauore.
658 3817 777 3881 Datum
794 3814 935 3882 Mendici
959 3814 1013 3879 dic
1028 3814 1105 3880 Xlll
1121 3812 1223 3893 Junii,
1247 3831 1360 3894 reguo·

56 3950 132 3995 rum
156 3935 337 3995 nostrorum
361 3948 444 3994 anno
467 3929 621 3994 Bohemie
644 3927 773 4006 XLIIl⁰,
796 3929 1014 3995 Romanorum
1037 3946 1113 3992 vero
1135 3924 1248 3992 XXX0.

166 4117 237 4187 Kop.
256 4135 271 4170 a
290 4117 378 4171 konce
396 4117 444 4170 XV
464 4118 560 4172 stoletl
578 4134 593 4169 r
612 4117 724 4173 archiva
742 4100 869 4172 Cesktho
889 4132 993 4172 mueea
1024 4116 1047 4170 V
1067 4132 1197 4170 sennamu
1223 4115 1359 4185 privilegii

55 4210 283 4281 Buddjorickych
311 4229 343 4266 ac
368 4210 446 4265 XVII
471 4213 565 4267 stoletl
589 4229 605 4264 r
631 4216 720 4267 tornie
748 4213 861 4267 archiva
889 4212 952 4280 deje
980 4228 1010 4268 se
1035 4230 1050 4267 o
1076 4213 1142 4267 lietu
1169 4218 1255 4265 tcmto
1284 4211 1361 4265 takto

56 4308 188 4364 zminlra:
217 4307 414 4369 ,ll’encealans
439 4308 474 4361 de
499 4307 689 4378 redemptione
716 4325 848 4362 censuum
876 4308 971 4363 latine.
1000 4308 1101 4363 Datum
1127 4307 1246 4363 Mendici
1266 4313 1297 4361 13
1315 4308 1361 4362 Ja-

55 4405 142 4461 nuari
160 4404 220 4473 (sic)
241 4422 314 4460 anno
335 4411 427 4460 1406“.
457 4405 481 4457 V
500 4405 661 4475 Seyaerord,
681 4405 879 4475 Kurzgefsazte
898 4405 1021 4460 Chrouilr
1041 4405 1090 4459 der
1112 4405 1150 4459 St
1174 4402 1301 4458 Budweis
1327 4420 1363 4458 na

54 4510 106 4558 stt.
128 4508 163 4555 ⁴0
188 4502 251 4568 deje
276 4518 307 4556 te
332 4503 442 4556 zmlnka
463 4501 539 4568 jetta
558 4518 573 4557 ο
593 4504 701 4557 amata
726 4507 785 4556 liare
800 4506 841 4557 lcr.
863 4503 977 4556 Vdcluoa
996 4503 1038 4554 IV
1054 4504 1111 4555 tolio
1129 4503 1180 4554 dac
1198 4521 1215 4551 a
1233 4502 1298 4553 roto
1315 4521 1359 4568 vp-

54 4598 163 4663 danim,
185 4597 269 4665 jebot
294 4602 376 4652 znlnr'
400 4614 430 4653 se
450 4599 519 4653 rich
542 4598 738 4658 ncaacbovalc,
764 4606 826 4653 ato
845 4599 939 4653 takto:
969 4602 1052 4663 ,1406
1080 4612 1123 4651 am
1147 4595 1287 4665 Sonntage
1310 4611 1360 4650 ror
