3150 5378
133 406 201 472 520
762 412 835 462 taso.

133 613 237 669 britech
256 620 284 667 et
301 613 448 667 blertlinus
462 613 572 683 Hoppo,
591 622 657 672 tunc
671 617 803 688 temporis
817 617 942 685 magistri
957 617 1123 684 juratorum,
1143 616 1293 673 llcinlinus
1304 616 1413 686 Epicuri,

132 708 341 765 Hentzmannus
362 710 461 777 Pusch,
486 711 659 768 Frentzlinus
688 711 832 779 Rutbardi,
856 712 997 767 Hirslinus
1020 711 1233 779 Beneschorrer,
1257 711 1416 767 Ludmannus

132 804 167 860 de
184 806 259 873 Alto,
286 805 424 861 Henricus
443 806 551 873 Ochsel,
580 807 725 863 cristanus
747 807 864 873 Glaricii,
891 806 1036 862 Jobannes
1062 807 1099 861 da
1122 806 1286 877 blorepaelr,
1311 805 1417 877 Aponio

134 900 233 968 Celeri,
250 901 382 956 Nicolaus
400 902 600 958 Wrutscbaner
619 911 646 958 et
664 903 794 960 Nicolans
807 904 881 958 Petri
894 904 1034 974 ceterique
1047 903 1137 971 jurati
1154 904 1183 958 in
1202 902 1302 959 Monte
1319 902 1421 958 (lbntue

132 998 354 1065 recognoscimus
372 1004 469 1053 tenore
486 999 659 1068 presencium
678 1005 868 1065 attestamur,
887 997 961 1068 qnod
978 998 1125 1053 reuerendi
1143 998 1205 1067 riri,
1223 998 1329 1055 domini
1346 1014 1422 1053 mona·

133 1094 209 1147 sterii
228 1092 411 1147 Zadlitzensis
430 1093 458 1148 in
476 1101 573 1149 noema
586 1094 730 1149 constituti
742 1094 888 1165 presencia
900 1110 966 1149 snos
978 1093 1103 1150 deiectus
1117 1099 1146 1149 ct
1158 1094 1329 1151 detrimenta
1344 1094 1425 1165 pauit

132 1189 213 1243 nobis
225 1190 428 1258 proponebant,
441 1188 577 1255 videlicet,
586 1189 660 1258 quod
679 1190 768 1245 nostri
779 1190 956 1245 balneatores
969 1206 1035 1245 snas
1048 1190 1146 1245 stubas
1158 1190 1305 1247 balncnlea
1316 1192 1425 1261 ipsorum

132 1283 307 1339 dominorum
324 1292 352 1339 at
371 1284 532 1340 monasterii
547 1283 748 1339 Zeedlitsensis
764 1301 855 1340 reram
873 1291 903 1340 et
918 1284 1080 1354 legittimam
1097 1285 1284 1341 hereditatem
1296 1287 1327 1341 in
1339 1284 1425 1341 tamn

132 1381 190 1435 suis
209 1379 393 1435 diuersimode
411 1380 559 1434 contractis
577 1380 775 1434 consueuerint
789 1379 996 1435 indessinenter
1007 1379 1136 1448 obligare,
1156 1387 1184 1434 at
1202 1379 1280 1451 qnod
1299 1381 1426 1435 exbuiue·

133 1474 207 1531 modi
224 1474 441 1544 obligacionibns
454 1472 579 1544 predicte
595 1476 676 1530 stuba
688 1475 827 1531 balnealee
845 1482 873 1532 at
890 1491 936 1531 res
955 1475 991 1531 ad
1008 1492 1088 1531 usum
1099 1474 1255 1531 balneandi
1265 1476 1428 1547 pertinentes

134 1571 300 1628 anctoritate
319 1571 468 1640 judiciaria
485 1570 604 1625 diuersis
623 1572 895 1642 inpignoracionibus
918 1579 1094 1643 occupentur,
1116 1570 1153 1627 de
1170 1587 1229 1641 quo
1247 1573 1373 1643 ipsorum
1389 1572 1428 1626 dc

136 1668 271 1724 minorum
295 1683 394 1723 census
414 1684 462 1723 eos
481 1667 515 1723 de
532 1667 648 1736 prefatis
673 1669 761 1723 stubis
788 1669 950 1738 contingens
967 1668 1102 1724 decrescit
1119 1683 1153 1723 ac
1169 1667 1284 1738 deperit
1302 1675 1332 1724 et
1348 1668 1427 1723 minus

136 1764 262 1835 conplete
282 1764 323 1819 eis
343 1765 444 1835 poterit
462 1762 594 1818 detineri:
625 1780 676 1818 nos
699 1764 793 1833 itaque
811 1763 847 1819 ad
864 1764 972 1820 rotiuas
989 1764 1113 1834 ipsorum
1131 1762 1311 1819 dominorum
1327 1778 1428 1836 precum

135 1860 286 1917 instancian
299 1876 391 1916 eorum
402 1860 563 1930 gramina
575 1866 603 1914 et
612 1860 736 1930 pericula
748 1860 867 1932 prouida
877 1877 911 1917 ac
921 1861 1043 1916 discrda
1054 1858 1252 1927 sollicitudine,
1263 1860 1294 1915 in
1307 1865 1427 1930 quantun

134 1973 293 2027 possumus,
320 1973 470 2027 prccauere
497 1957 631 2024 uolumus,
661 1963 690 2011 rt
715 1963 849 2023 tenemur,
878 1958 1022 2028 cupientes
1048 1958 1122 2012 bona
1148 1956 1315 2011 claustralia
1342 1954 1426 2026 pocius

134 2052 229 2121 augeri
257 2066 338 2121 quam
365 2051 459 2119 minui,
485 2051 560 2107 bona
577 2068 609 2107 ac
627 2059 735 2107 matura
758 2051 960 2108 deliberacione
983 2059 1011 2108 at
1035 2066 1176 2107 consensu
1190 2052 1319 2107 rnanimi
1335 2049 1424 2107 babilis

134 2148 205 2203 inter
223 2163 275 2202 nos
293 2148 439 2203 statuimus
459 2154 487 2203 et
505 2149 639 2216 volumus,
658 2148 731 2218 quod
749 2149 857 2218 prefate
875 2149 955 2203 stuba
972 2144 1113 2203 balneale's
1130 2162 1193 2202 cnm
1208 2147 1296 2204 rebus
1310 2146 1346 2203 ad
1357 2161 1421 2202 rsun

133 2242 282 2298 balneandi
299 2242 502 2311 pertinentibus
520 2241 555 2298 de
573 2250 664 2298 cetero
683 2244 718 2298 ab
738 2242 812 2297 omni
829 2242 984 2299 debitorum
1004 2242 1236 2313 inpignoracionc
1254 2243 1314 2299 sint
1331 2250 1359 2298 et
1375 2255 1423 2295 csse

134 2337 253 2394 debeant
281 2347 415 2408 perpetuo
441 2338 527 2393 libere
552 2340 665 2407 penitus
685 2345 712 2393 et
730 2343 867 2407 exempta,
894 2345 922 2393 et
948 2336 1023 2408 quod
1048 2338 1141 2393 nullus
1167 2337 1322 2405 bominum,
1347 2337 1419 2393 cuius

135 2449 251 2502 cumque
277 2431 446 2488 condicionis
474 2433 566 2499 inerit,
593 2434 670 2502 ipsas
695 2434 791 2489 stubas
817 2442 845 2487 et
867 2449 912 2489 rea
930 2433 966 2488 ad
984 2449 1062 2488 reum
1088 2432 1241 2489 balneandi
1266 2435 1419 2505 perfluentes

136 2530 228 2598 aliquo
247 2529 319 2597 juris
345 2528 475 2597 suffragio
499 2528 677 2598 impignorare
700 2528 808 2596 debeat,
833 2527 907 2599 quod
928 2528 999 2599 ipsis
1017 2527 1135 2584 dominis
1153 2528 1184 2583 in
1202 2544 1256 2585 ano
1273 2541 1417 2598 consopit

135 2624 256 2680 indicere
274 2625 365 2695 possit
383 2623 539 2694 aliqualiter
556 2623 600 2677 rel
617 2640 725 2679 nocere.
744 2623 772 2679 Si
790 2640 855 2680 raro
874 2624 974 2694 aliquia
992 2624 1158 2680 anctoritate
1171 2623 1274 2695 judicii
1290 2620 1415 2696 ipsosbd·

135 2728 264 2777 nectores
290 2721 467 2791 inpignorata
491 2720 617 2789 voluerit,
647 2720 694 2775 ille
717 2719 800 2777 debet
826 2727 855 2776 et
878 2720 981 2790 poterit
1000 2720 1077 2777 licita
1092 2719 1212 2790 pignora
1229 2722 1373 2792 portabilia
1385 2715 1416 2771 rai

135 2816 287 2884 ductibilia,
311 2817 336 2872 si
353 2816 501 2884 inuenerit,
518 2817 548 2872 in
567 2817 655 2872 stubis
675 2817 785 2873 nominc
803 2817 927 2888 pignoris
946 2821 1093 2884 arrestata,
1109 2816 1181 2886 ipris
1199 2818 1291 2873 stubia
1310 2824 1337 2872 ct
1352 2816 1415 2870 mbos

136 2914 170 2970 ad
188 2930 267 2969 rsum
278 2912 426 2969 balneandi
438 2912 642 2982 pertinentibus
659 2913 745 2967 saluis
757 2912 984 2983 permanentibus
1003 2918 1031 2967 et
1047 2911 1143 2967 illesis.
1163 2912 1193 2967 Si
1205 2920 1300 2969 autem
1311 2913 1415 2983 pignora

137 3026 190 3079 que
208 3008 271 3064 duci
289 3014 338 3064 aut
354 3009 460 3078 portari
478 3008 597 3074 valeam,
615 3005 716 3062 ibidem
735 3008 854 3062 inueniri
875 3025 931 3064 non
949 3008 1079 3078 poterint
1103 3013 1171 3063 tunc
1186 3008 1244 3078 ipsi
1261 3008 1415 3065 balneatores

136 3106 194 3160 suis
212 3103 392 3160 creditoribus
411 3110 551 3174 potestate
572 3102 716 3158 iudiciaria
741 3119 792 3173 per
815 3120 914 3158 manus
937 3101 1057 3159 debeant
1074 3104 1241 3173 presentari.
1275 3104 1352 3171 Item,
1374 3106 1416 3155 sta·

136 3203 238 3257 tuimur
258 3217 320 3256 essa
338 3200 463 3255 striccius
482 3200 516 3255 ab
536 3199 662 3255 omnibus
681 3199 894 3266 obseruandum,
912 3198 995 3270 quod,
1014 3201 1039 3255 si
1057 3198 1202 3257 scansione
1220 3198 1337 3256 alienius
1351 3191 1416 3255 debiti

136 3298 228 3367 aliqua
247 3298 327 3352 stuba
346 3301 485 3366 potestate
500 3294 596 3364 judicii
615 3295 787 3351 iusticialiter
811 3296 892 3351 alicui
910 3295 993 3351 fuerit
1011 3295 1192 3367 appropriata
1210 3303 1260 3351 ant
1276 3311 1328 3366 per
1343 3289 1418 3350 vandi-

135 3393 242 3448 cionem
260 3394 304 3447 rel
322 3391 519 3460 obligationem
538 3399 586 3445 aut
605 3406 777 3460 quocumque
802 3391 856 3445 alio
880 3391 963 3447 modo
982 3391 1103 3447 alienata
1120 3396 1149 3445 et
1166 3389 1202 3446 ad
1221 3391 1308 3446 elium
1325 3401 1418 3462 postas·

137 3504 225 3544 sorem
244 3487 383 3554 deuolute,
402 3494 503 3540 extunc
520 3501 669 3555 possessor
686 3486 740 3553 illc,
759 3486 923 3556 quicumque
935 3486 1028 3553 inerit,
1046 3484 1159 3541 debebit
1176 3492 1205 3541 et
1222 3488 1417 3556 tenebiturptt·

136 3584 201 3640 fatis
220 3583 338 3639 dominis
359 3590 387 3637 et
405 3598 456 3638 suo
475 3582 642 3637 monasterio
655 3598 767 3636 censum
780 3598 860 3637 suum
879 3582 950 3639 sicut
967 3583 1039 3638 alter
1055 3581 1200 3639 balneator
1218 3583 1271 3641 sub
1289 3582 1421 3641 certirtsr·

136 3681 218 3734 minis
238 3680 297 3734 sine
315 3679 408 3747 aliqua
426 3677 613 3733 reluctacione
631 3679 757 3748 conplete
777 3685 806 3732 et
823 3678 930 3748 integre
948 3677 1058 3734 soluere
1074 3684 1103 3733 at
1121 3676 1237 3735 donare.
1271 3678 1306 3735 Iu
1324 3688 1421 3749 quorun

137 3776 258 3831 omnium
276 3775 472 3846 premissorum
491 3774 679 3828 testimonium
698 3780 727 3828 ct
744 3774 829 3829 robur
845 3781 982 3846 perpetuo
1001 3773 1148 3829 valiturum
1163 3782 1313 3845 presentet
1325 3773 1421 3831 ierint!

136 3872 196 3927 iieri
215 3878 243 3927 et
261 3870 342 3940 sigilli
368 3869 473 3925 Montis
498 3870 585 3925 nostri
610 3869 779 3925 Chutnensis
806 3870 938 3926 iussimus
956 3869 1107 3926 munimina
1123 3869 1260 3927 roborari
1295 3868 1421 3929 namna

135 3968 229 4023 datum
252 3983 324 4022 auno
349 3966 453 4021 domini
476 3967 620 4021 millesimo
639 3967 834 4022 trecentesimo
855 3966 994 4022 tricesimo
1018 3982 1101 4034 nono,
1126 3966 1157 4020 in
1174 3964 1221 4021 dic
1239 3966 1322 4025 beata
1338 3959 1420 4042 thllt

136 4066 249 4135 virginis
269 4071 296 4119 et
314 4064 434 4120 martiris
452 4063 596 4134 gloriosa.“
617 4062 701 4133 (Orig.
719 4062 860 4119 varchiru
877 4062 1015 4118 Orlickem
1032 4061 1071 4118 Nl
1086 4068 1128 4119 37.
1146 4092 1183 4104 -
1198 4060 1423 4130 antealtaria

136 4161 318 4230 Nqu
1252 4187 1255 4191 ·

711 4251 776 4333 Cis.
800 4265 874 4332 354.

545 4404 643 4486 1355,
667 4405 710 4472 22
732 4402 823 4474 adii.
849 4404 884 4476 V
906 4402 1038 4473 Praze.

140 4547 234 4615 Circi
249 4549 349 4614 Karai
363 4548 417 4612 IV
426 4547 493 4612 dini
504 4545 610 4612 melosi
628 4546 805 4610 mediatim
821 4542 1005 4628 Cbabsiqim,
1027 4543 1061 4609 ie
1074 4539 1204 4625 testeis·
1217 4542 1380 4627 «ψάλιον
1396 4538 1430 4605 do

134 4663 217 4744 pole,
239 4663 321 4743 maji
337 4660 384 4726 rei
398 4659 539 4735 mancei,
561 4656 645 4724 letari
651 4658 791 4741 pr'islerii
810 4656 986 4741 kpopraod
999 4653 1145 4731 etesia
1160 4654 1272 4721 eniti
1285 4650 1432 4723 subacti
