3098 5392
248 453 331 522 1128
853 456 928 508 raro.

243 672 276 730 et
298 664 438 746 singulis
461 662 703 745 suprascriptis,
726 662 803 728 dum
825 663 883 744 sic,
917 667 954 728 ut
975 664 1188 746 premittitur,
1212 684 1278 748 per
1301 667 1485 750 predictum
1502 684 1538 731 ro

243 778 420 843 uerendum
439 778 472 841 in
489 774 618 843 Christo
640 781 765 859 patrem
788 781 822 843 at
843 775 1017 858 dominum,
1037 776 1210 844 minum
1233 777 1434 846 Gonradum
1454 780 1538 862 proni

243 911 314 957 sum
337 890 473 956 ecclesie
489 889 725 970 Olomucensis,
748 888 918 970 arbitrum,
934 895 968 954 ct
982 888 1090 956 coram
1112 908 1151 956 oo
1175 901 1370 974 agerentur
1392 899 1427 958 et
1440 890 1539 968 fimat

244 1023 381 1068 unacum
412 1002 647 1085 prenominatis
677 1001 816 1067 testibus
847 1002 980 1084 collegis
1010 1003 1091 1068 mais
1121 1004 1270 1070 notariis
1296 1006 1445 1088 publicis
1464 1004 1540 1071 infra·

244 1116 375 1198 scriptis
399 1134 534 1198 presens
558 1113 692 1180 interfui
714 1132 816 1198 eaque
838 1113 946 1180 omnia
968 1119 1002 1179 et
1024 1115 1155 1198 singula
1177 1117 1231 1183 sic
1253 1116 1337 1184 fieri
1361 1119 1484 1186 vidiat
1499 1136 1542 1182 rr·

246 1230 325 1311 diui,
349 1229 407 1295 sed
430 1230 504 1295 aliis
531 1230 612 1294 meis
643 1233 819 1310 occupatus
848 1227 994 1310 negociis
1024 1246 1084 1310 per
1115 1229 1284 1312 collegam
1319 1251 1434 1299 mcmn
1465 1230 1542 1298 inire

248 1343 404 1424 scriptum
426 1342 565 1408 fideliter
588 1341 686 1408 scribi
709 1342 892 1424 procuraui,
915 1342 968 1407 hic
983 1359 1035 1407 me
1048 1359 1148 1408 mann
1171 1345 1320 1426 propria
1345 1344 1541 1419 subscribens

245 1455 410 1537 publicani
427 1461 460 1519 et
474 1455 509 1519 in
524 1456 607 1520 hanc
629 1454 793 1537 publicam
815 1455 951 1521 formam
972 1454 1084 1537 redegi
1107 1454 1278 1539 signoque
1294 1477 1374 1524 meo
1389 1464 1424 1524 ct
1437 1456 1542 1523 nominc

245 1569 327 1634 meis
350 1568 456 1634 solitis
489 1573 523 1632 et
545 1569 707 1634 consuetis
740 1586 876 1634 vnacum
905 1568 1104 1650 appensione
1134 1569 1334 1650 sigillorum
1370 1568 1541 1639 venerabilis

243 1681 366 1747 domini
388 1679 503 1745 arbitri
525 1686 559 1745 et
580 1680 706 1747 abbatis
729 1686 762 1745 et
783 1686 962 1747 conuentus
985 1681 1176 1747 monasterii
1198 1680 1437 1752 Czedlicansis
1456 1682 1541 1751 atrio

244 1795 325 1860 mini
349 1793 478 1876 plebani
501 1794 638 1859 ecclesie
661 1794 862 1877 Malynensis
893 1799 989 1877 atoue
1019 1793 1123 1859 eciam
1154 1799 1419 1865 communitatis
1439 1802 1539 1864 montr-

245 1927 359 1972 norum
382 1912 416 1972 et
437 1906 653 1972 fraternitatis
683 1912 717 1972 et
738 1907 861 1974 domini
884 1906 1044 1973 Leonardi
1068 1904 1201 1988 plebani
1226 1908 1264 1974 in
1290 1910 1465 1995 Pnyerricz
1483 1927 1539 1975 ror·

244 2021 373 2103 signaui
396 2025 529 2103 rogatus
560 2026 594 2085 et
622 2021 799 2103 requisitus
834 2020 987 2087 infidam
1020 2027 1052 2085 et
1081 2022 1321 2089 testimonium
1357 2025 1540 2091 omniumat

244 2135 446 2218 singulorum
469 2133 712 2216 premissorum.
751 2131 887 2199 Constat
916 2134 1015 2199 michi
1045 2134 1174 2200 notario
1198 2135 1362 2216 predicto
1385 2137 1427 2203 do
1447 2151 1539 2201 rasura

245 2248 279 2312 in
303 2247 446 2329 presenti
476 2265 548 2311 mea
572 2246 814 2328 subscripcione
836 2247 870 2311 in
893 2246 1043 2328 sequenti
1065 2247 1154 2311 lines
1175 2264 1198 2312 a
1223 2246 1294 2314 fine
1319 2268 1453 2316 sursum
1472 2265 1537 2314 com

244 2360 388 2441 putanda
410 2360 443 2425 in
467 2359 669 2425 diccionibus
693 2359 889 2425 venerabilis
911 2358 1034 2426 domini
1057 2358 1183 2439 arbitri,
1215 2380 1283 2442 qua
1308 2370 1366 2429 est
1388 2364 1471 2430 iacta
1488 2378 1536 2426 nor

244 2474 327 2538 vicio
351 2473 408 2538 scd
431 2491 550 2552 errore,
574 2490 669 2552 quam
692 2472 747 2537 hic
769 2471 921 2554 approbo.
944 2471 988 2536 Et
1010 2489 1069 2554 ego
1091 2471 1246 2539 Andreas
1270 2478 1378 2542 natus
1399 2473 1535 2560 quonian

246 2586 373 2650 Mathis
391 2586 432 2650 de
449 2584 635 2664 Jermericz,
653 2585 879 2651 Olomucensis
901 2584 1053 2665 diocesis,
1075 2582 1230 2666 publicus
1253 2586 1427 2670 imperiali
1449 2594 1536 2654 mco

243 2699 341 2762 ritate
363 2697 510 2763 notarius
534 2697 704 2779 scribaque
727 2715 899 2762 causarum
920 2697 1106 2764 consistorii
1128 2698 1225 2765 curia
1247 2700 1453 2785 episcopalis
1473 2699 1532 2766 Olo

243 2811 406 2876 murensis
424 2810 555 2892 juratus
578 2810 872 2891 pronuucciacioni,
905 2810 1148 2892 amologacioni,
1178 2810 1419 2897 ratificacioni,
1440 2829 1533 2896 rppro

246 2923 374 2989 bacioni
398 2941 435 2987 ac
459 2922 607 2987 omnibus
630 2922 704 2987 aliis
728 2928 761 2986 ct
783 2923 921 3004 singulis
953 2923 1194 3005 suprascriptis,
1229 2924 1313 2991 dum
1338 2928 1399 3009 sic,
1426 2933 1460 2992 ut
1477 2941 1532 3006 pre

244 3037 393 3115 mittitur,
426 3033 541 3099 fierent
571 3039 604 3099 et
625 3040 799 3115 agerentur
822 3052 957 3100 ruscum
980 3035 1214 3117 prenominatis
1247 3039 1397 3107 tactibus
1419 3048 1450 3106 ct
1468 3036 1531 3103 meis

245 3167 346 3231 supra
379 3154 412 3213 et
442 3148 660 3229 infrascriptis
694 3148 728 3212 in
759 3149 820 3213 hac
848 3153 941 3229 parte
964 3147 1095 3230 collegia
1118 3166 1260 3230 presens
1291 3153 1532 3231 intermicante

244 3263 352 3327 omnia
375 3267 408 3325 et
431 3261 560 3342 singula
583 3262 804 3343 suprascripta
835 3262 884 3328 sic
904 3261 975 3328 fieri
999 3261 1066 3327 vidi
1096 3266 1129 3327 et
1150 3262 1279 3345 audiui,
1312 3267 1374 3332 aed
1404 3285 1454 3332 mc
1470 3262 1528 3328 aliis

244 3376 355 3440 arduis
387 3380 543 3456 occupato
574 3376 718 3455 negociis
753 3394 811 3456 per
841 3376 997 3459 collegam
1030 3394 1136 3441 meum
1166 3376 1420 3463 infrascriptum
1440 3376 1527 3451 scribi,

244 3489 427 3569 procurem,
450 3488 504 3552 hic
526 3506 578 3552 me
599 3506 697 3553 manu
720 3490 851 3570 propria
872 3507 1009 3554 rnacum
1039 3507 1137 3571 supra
1159 3495 1193 3554 et
1215 3490 1441 3576 infrascriptis
1463 3489 1526 3557 meis

246 3602 278 3665 in
302 3602 362 3666 bac
384 3607 476 3682 parte
499 3601 632 3682 collegis
655 3601 862 3666 subscribens
884 3601 1049 3683 publicani
1072 3602 1162 3667 etin
1185 3602 1273 3670 banc
1296 3605 1459 3686 publicam
1477 3602 1525 3667 for·

243 3734 328 3779 mam
350 3714 473 3795 redegi,
497 3715 590 3794 signo
607 3721 640 3779 et
655 3716 785 3781 nominc
807 3716 887 3780 meis
911 3717 1017 3782 solitis
1033 3721 1066 3782 et
1081 3716 1250 3782 consuetis
1266 3737 1409 3785 rnacum
1429 3732 1523 3800 apper-

244 3828 393 3893 sionibus
418 3827 609 3908 sigillorum,
634 3829 789 3894 videlicet
811 3829 890 3894 dicti
910 3828 1032 3896 domini
1061 3829 1176 3895 arbitri
1206 3849 1336 3897 necnon
1368 3832 1523 3899 abbatiari

243 3946 422 4005 conuentus
452 3941 641 4004 monasterii
671 3939 891 4006 Gredlicensis
921 3948 955 4006 et
977 3942 1100 4007 domini
1122 3942 1256 4024 plebani
1288 3946 1429 4012 ecclesis
1450 3940 1522 4009 llcli·

242 4054 352 4117 nensis
375 4057 475 4134 atque
497 4053 598 4117 eciam
624 4055 864 4119 communitatis
887 4060 1111 4120 montanorum
1134 4060 1168 4119 ct
1189 4054 1413 4124 fraternitatis
1435 4065 1465 4123 ct
1480 4053 1522 4118 do

243 4167 325 4230 mini
348 4166 509 4231 Leonardi
533 4167 661 4247 plebani
684 4168 717 4231 in
740 4167 907 4250 Pnyewicz
938 4168 1128 4250 consignaui
1150 4176 1290 4251 rogatus
1311 4176 1348 4236 et
1369 4170 1522 4255 requisitus

242 4279 276 4343 in
310 4277 405 4343 fidem
440 4285 473 4343 et
504 4280 725 4345 testimonium
756 4282 899 4346 omnium
928 4282 1170 4363 premissorum.
1216 4282 1264 4349 Et
1297 4303 1359 4368 ego
1393 4283 1522 4351 Nicotaus

242 4393 403 4473 quondam
434 4394 579 4458 Diwissii
603 4394 643 4457 de
673 4395 885 4475 Prachowicz‚
909 4396 1045 4460 clericus
1078 4395 1359 4465 Lutbomislensis
1394 4392 1522 4464 diocesis,

243 4504 390 4583 publicus
414 4506 573 4586 imperiali
596 4509 789 4572 anctoritate
813 4509 959 4574 notarius
975 4509 1275 4591 pronuucciacioni,
1299 4504 1524 4595 emologacioui.

242 4615 465 4696 ratificacioni,
489 4620 719 4699 approbacioni
743 4639 781 4685 ac
804 4621 952 4688 omnibus
978 4621 1055 4686 aliis
1077 4625 1111 4687 et
1133 4622 1276 4706 singulis
1301 4622 1524 4710 suprascriptis
