<?xml version="1.0" encoding="UTF-8"?>
<!DOCTYPE html PUBLIC "-//W3C//DTD XHTML 1.0 Transitional//EN"
    "http://www.w3.org/TR/xhtml1/DTD/xhtml1-transitional.dtd">
<html xmlns="http://www.w3.org/1999/xhtml" xml:lang="en" lang="en">
 <head>
  <title>
</title>
<meta http-equiv="Content-Type" content="text/html;charset=utf-8" />
  <meta name='ocr-system' content='tesseract 3.04.00' />
  <meta name='ocr-capabilities' content='ocr_page ocr_carea ocr_par ocr_line ocrx_word'/>
</head>
<body>
  <div class='ocr_page' id='page_1' title='image "./sbrkapramenprva01kingoog/sbrkapramenprva01kingoog_0118.png"; bbox 0 0 3150 5378; ppageno 0'>
   <div class='ocr_carea' id='block_1_1' title="bbox 738 428 1437 497">
    <p class='ocr_par' dir='ltr' id='par_1_1' title="bbox 738 428 1437 497">
     <span class='ocr_line' id='line_1_1' title="bbox 738 428 1437 497; baseline 0.003 -14"><span class='ocrx_word' id='word_1_1' title='bbox 738 428 815 483; x_wconf 75' lang='lat' dir='ltr'><strong>ute</strong></span> <span class='ocrx_word' id='word_1_2' title='bbox 1392 429 1437 497; x_wconf 80' lang='grc'><strong>83</strong></span> 
     </span>
    </p>
   </div>
   <div class='ocr_carea' id='block_1_2' title="bbox 136 632 1440 1173">
    <p class='ocr_par' dir='ltr' id='par_1_2' title="bbox 141 632 1440 723">
     <span class='ocr_line' id='line_1_2' title="bbox 141 632 1440 723; baseline 0.002 -20"><span class='ocrx_word' id='word_1_3' title='bbox 141 632 1440 723; x_wconf 63' lang='lat' dir='ltr'><strong>meon,5atjtataccoectnaorptretoueeptcrt.2cttaeotdmocc</strong></span> 
     </span>
    </p>

    <p class='ocr_par' dir='ltr' id='par_1_3' title="bbox 137 747 1440 836">
     <span class='ocr_line' id='line_1_3' title="bbox 137 747 1440 836; baseline 0.002 -21"><span class='ocrx_word' id='word_1_4' title='bbox 137 747 1440 836; x_wconf 54' lang='lat' dir='ltr'><strong>Mammadcdiepnmtttemetaotmtupadcoopt</strong></span> 
     </span>
    </p>

    <p class='ocr_par' dir='ltr' id='par_1_4' title="bbox 138 859 1440 949">
     <span class='ocr_line' id='line_1_4' title="bbox 138 859 1440 949; baseline 0.002 -20"><span class='ocrx_word' id='word_1_5' title='bbox 138 859 1440 949; x_wconf 66' lang='lat' dir='ltr'><strong>omdmmtadatttno‚50eaoaetttte,ttas,dooamatadoo</strong></span> 
     </span>
    </p>

    <p class='ocr_par' dir='ltr' id='par_1_5' title="bbox 136 971 1440 1173">
     <span class='ocr_line' id='line_1_5' title="bbox 136 971 1440 1062; baseline 0.001 -21"><span class='ocrx_word' id='word_1_6' title='bbox 136 971 415 1059; x_wconf 63' lang='lat' dir='ltr'><strong>diatribam.</strong></span> <span class='ocrx_word' id='word_1_7' title='bbox 459 972 900 1062; x_wconf 54' lang='lat' dir='ltr'><strong>captennacum</strong></span> <span class='ocrx_word' id='word_1_8' title='bbox 935 975 1440 1062; x_wconf 57' lang='lat' dir='ltr'><strong>commodauerat</strong></span> 
     </span>
     <span class='ocr_line' id='line_1_6' title="bbox 703 1086 870 1173; baseline -0.018 -16"><span class='ocrx_word' id='word_1_9' title='bbox 703 1086 870 1173; x_wconf 58' lang='lat' dir='ltr'><strong>mora.</strong></span> 
     </span>
    </p>
   </div>
   <div class='ocr_carea' id='block_1_3' title="bbox 136 1312 1437 2080">
    <p class='ocr_par' dir='ltr' id='par_1_6' title="bbox 136 1312 1437 2080">
     <span class='ocr_line' id='line_1_7' title="bbox 235 1312 1432 1400; baseline 0.003 -16"><span class='ocrx_word' id='word_1_10' title='bbox 235 1316 329 1384; x_wconf 84' lang='lat' dir='ltr'><strong>Inter</strong></span> <span class='ocrx_word' id='word_1_11' title='bbox 341 1315 461 1383; x_wconf 75' lang='lat' dir='ltr'><strong>multas</strong></span> <span class='ocrx_word' id='word_1_12' title='bbox 475 1320 510 1383; x_wconf 85' lang='lat' dir='ltr'><strong>et</strong></span> <span class='ocrx_word' id='word_1_13' title='bbox 529 1314 651 1384; x_wconf 63' lang='lat' dir='ltr'><strong>muse</strong></span> <span class='ocrx_word' id='word_1_14' title='bbox 672 1316 905 1385; x_wconf 74' lang='lat' dir='ltr'><strong>sollicitudinis</strong></span> <span class='ocrx_word' id='word_1_15' title='bbox 927 1312 1051 1400; x_wconf 70' lang='lat' dir='ltr'><strong>ento)</strong></span> <span class='ocrx_word' id='word_1_16' title='bbox 1073 1320 1109 1385; x_wconf 85' lang='lat' dir='ltr'><strong>ct</strong></span> <span class='ocrx_word' id='word_1_17' title='bbox 1126 1316 1294 1387; x_wconf 84' lang='lat' dir='ltr'><strong>mordaces</strong></span> <span class='ocrx_word' id='word_1_18' title='bbox 1308 1318 1432 1387; x_wconf 77' lang='lat' dir='ltr'><strong>instem</strong></span> 
     </span>
     <span class='ocr_line' id='line_1_8' title="bbox 139 1425 1437 1515; baseline 0.002 -17"><span class='ocrx_word' id='word_1_19' title='bbox 139 1426 244 1514; x_wconf 59' lang='lat' dir='ltr'><strong>duab,</strong></span> <span class='ocrx_word' id='word_1_20' title='bbox 278 1446 344 1513; x_wconf 85' lang='lat' dir='ltr'><strong>qno</strong></span> <span class='ocrx_word' id='word_1_21' title='bbox 364 1425 546 1514; x_wconf 81' lang='lat' dir='ltr'><strong>continto&#39;)</strong></span> <span class='ocrx_word' id='word_1_22' title='bbox 575 1429 612 1497; x_wconf 92' lang='lat' dir='ltr'><strong>in</strong></span> <span class='ocrx_word' id='word_1_23' title='bbox 639 1429 744 1497; x_wconf 88' lang='lat' dir='ltr'><strong>nostri</strong></span> <span class='ocrx_word' id='word_1_24' title='bbox 776 1430 917 1515; x_wconf 82' lang='lat' dir='ltr'><strong>pectoris</strong></span> <span class='ocrx_word' id='word_1_25' title='bbox 950 1430 1026 1497; x_wconf 83' lang='lat' dir='ltr'><strong>auin</strong></span> <span class='ocrx_word' id='word_1_26' title='bbox 1056 1436 1235 1514; x_wconf 85' lang='lat' dir='ltr'><strong>vorsantur,</strong></span> <span class='ocrx_word' id='word_1_27' title='bbox 1265 1432 1348 1499; x_wconf 91' lang='lat' dir='ltr'><strong>illud</strong></span> <span class='ocrx_word' id='word_1_28' title='bbox 1376 1450 1437 1501; x_wconf 84' lang='lat' dir='ltr'><strong>nos</strong></span> 
     </span>
     <span class='ocr_line' id='line_1_9' title="bbox 136 1540 1434 1629; baseline 0 -18"><span class='ocrx_word' id='word_1_29' title='bbox 136 1542 252 1629; x_wconf 60' lang='lat' dir='ltr'><strong>unco</strong></span> <span class='ocrx_word' id='word_1_30' title='bbox 281 1542 464 1627; x_wconf 70' lang='lat' dir='ltr'><strong>potisdma</strong></span> <span class='ocrx_word' id='word_1_31' title='bbox 492 1540 575 1609; x_wconf 90' lang='lat' dir='ltr'><strong>illud</strong></span> <span class='ocrx_word' id='word_1_32' title='bbox 603 1541 758 1625; x_wconf 88' lang='lat' dir='ltr'><strong>precipue</strong></span> <span class='ocrx_word' id='word_1_33' title='bbox 797 1561 858 1611; x_wconf 89' lang='lat' dir='ltr'><strong>nos</strong></span> <span class='ocrx_word' id='word_1_34' title='bbox 887 1540 1091 1629; x_wconf 66' lang='lat' dir='ltr'><strong>compellitl),</strong></span> <span class='ocrx_word' id='word_1_35' title='bbox 1119 1542 1162 1611; x_wconf 95' lang='lat' dir='ltr'><strong>ad</strong></span> <span class='ocrx_word' id='word_1_36' title='bbox 1191 1544 1273 1613; x_wconf 92' lang='lat' dir='ltr'><strong>illud</strong></span> <span class='ocrx_word' id='word_1_37' title='bbox 1295 1545 1434 1613; x_wconf 83' lang='lat' dir='ltr'><strong>maximo</strong></span> 
     </span>
     <span class='ocr_line' id='line_1_10' title="bbox 137 1654 1433 1741; baseline 0 -16"><span class='ocrx_word' id='word_1_38' title='bbox 137 1654 217 1738; x_wconf 75' lang='lat' dir='ltr'><strong>nos&#39;)</strong></span> <span class='ocrx_word' id='word_1_39' title='bbox 240 1655 418 1739; x_wconf 68' lang='lat' dir='ltr'><strong>dbigimns</strong></span> <span class='ocrx_word' id='word_1_40' title='bbox 439 1656 545 1725; x_wconf 79' lang='lat' dir='ltr'><strong>aciem</strong></span> <span class='ocrx_word' id='word_1_41' title='bbox 563 1655 684 1725; x_wconf 88' lang='lat' dir='ltr'><strong>mentia</strong></span> <span class='ocrx_word' id='word_1_42' title='bbox 705 1658 826 1738; x_wconf 82' lang='lat' dir='ltr'><strong>nostre,</strong></span> <span class='ocrx_word' id='word_1_43' title='bbox 840 1654 918 1725; x_wconf 90' lang='lat' dir='ltr'><strong>bnic</strong></span> <span class='ocrx_word' id='word_1_44' title='bbox 939 1656 1052 1725; x_wconf 88' lang='lat' dir='ltr'><strong>solerti</strong></span> <span class='ocrx_word' id='word_1_45' title='bbox 1074 1656 1183 1725; x_wconf 90' lang='lat' dir='ltr'><strong>studio</strong></span> <span class='ocrx_word' id='word_1_46' title='bbox 1204 1654 1433 1741; x_wconf 61' lang='lat' dir='ltr'><strong>intendimusb</strong></span> 
     </span>
     <span class='ocr_line' id='line_1_11' title="bbox 138 1768 1434 1854; baseline 0.001 -18"><span class='ocrx_word' id='word_1_47' title='bbox 138 1776 354 1851; x_wconf 68' lang='lat' dir='ltr'><strong>ernamur,</strong></span> <span class='ocrx_word' id='word_1_48' title='bbox 376 1768 517 1853; x_wconf 83' lang='lat' dir='ltr'><strong>qualitor</strong></span> <span class='ocrx_word' id='word_1_49' title='bbox 543 1786 681 1854; x_wconf 79' lang='lat' dir='ltr'><strong>rognum</strong></span> <span class='ocrx_word' id='word_1_50' title='bbox 709 1774 858 1838; x_wconf 84' lang='lat' dir='ltr'><strong>nostmm</strong></span> <span class='ocrx_word' id='word_1_51' title='bbox 876 1768 1021 1852; x_wconf 89' lang='lat' dir='ltr'><strong>Boemie,</strong></span> <span class='ocrx_word' id='word_1_52' title='bbox 1042 1774 1155 1839; x_wconf 87' lang='lat' dir='ltr'><strong>nostre</strong></span> <span class='ocrx_word' id='word_1_53' title='bbox 1175 1770 1356 1839; x_wconf 82' lang='lat' dir='ltr'><strong>maiestatis</strong></span> <span class='ocrx_word' id='word_1_54' title='bbox 1378 1771 1434 1839; x_wconf 88' lang='lat' dir='ltr'><strong>ho-</strong></span> 
     </span>
     <span class='ocr_line' id='line_1_12' title="bbox 137 1879 1432 1969; baseline 0.002 -18"><span class='ocrx_word' id='word_1_55' title='bbox 137 1884 255 1951; x_wconf 76' lang='lat' dir='ltr'><strong>reditas</strong></span> <span class='ocrx_word' id='word_1_56' title='bbox 277 1881 439 1967; x_wconf 83' lang='lat' dir='ltr'><strong>preciosa,</strong></span> <span class='ocrx_word' id='word_1_57' title='bbox 461 1880 590 1951; x_wconf 77' lang='lat' dir='ltr'><strong>subitis</strong></span> <span class='ocrx_word' id='word_1_58' title='bbox 610 1879 776 1953; x_wconf 64' lang='lat' dir='ltr'><strong>umbus</strong></span> <span class='ocrx_word' id='word_1_59' title='bbox 795 1881 912 1953; x_wconf 88' lang='lat' dir='ltr'><strong>robore</strong></span> <span class='ocrx_word' id='word_1_60' title='bbox 932 1881 1097 1967; x_wconf 70' lang='lat' dir='ltr'><strong>fulciatur,</strong></span> <span class='ocrx_word' id='word_1_61' title='bbox 1120 1880 1194 1969; x_wconf 72' lang='grc' dir='ltr'><strong>π’),</strong></span> <span class='ocrx_word' id='word_1_62' title='bbox 1206 1882 1283 1951; x_wconf 93' lang='lat' dir='ltr'><strong>dum</strong></span> <span class='ocrx_word' id='word_1_63' title='bbox 1303 1883 1340 1953; x_wconf 91' lang='lat' dir='ltr'><strong>in</strong></span> <span class='ocrx_word' id='word_1_64' title='bbox 1361 1884 1432 1953; x_wconf 86' lang='lat' dir='ltr'><strong>onis</strong></span> 
     </span>
     <span class='ocr_line' id='line_1_13' title="bbox 136 1977 1437 2080; baseline 0 -13"><span class='ocrx_word' id='word_1_65' title='bbox 136 1997 285 2067; x_wconf 82' lang='lat' dir='ltr'><strong>nembrie</strong></span> <span class='ocrx_word' id='word_1_66' title='bbox 308 1977 438 2063; x_wconf 84' lang='lat' dir='ltr'><strong>detenti</strong></span> <span class='ocrx_word' id='word_1_67' title='bbox 465 1993 685 2079; x_wconf 74' lang='lat' dir='ltr'><strong>disposicione</strong></span> <span class='ocrx_word' id='word_1_68' title='bbox 714 1995 926 2080; x_wconf 78' lang='lat' dir='ltr'><strong>componitur,</strong></span> <span class='ocrx_word' id='word_1_69' title='bbox 949 1995 1050 2065; x_wconf 82' lang='lat' dir='ltr'><strong>variis</strong></span> <span class='ocrx_word' id='word_1_70' title='bbox 1064 2001 1098 2065; x_wconf 85' lang='lat' dir='ltr'><strong>et</strong></span> <span class='ocrx_word' id='word_1_71' title='bbox 1118 1996 1246 2067; x_wconf 87' lang='lat' dir='ltr'><strong>decoris</strong></span> <span class='ocrx_word' id='word_1_72' title='bbox 1268 1996 1437 2080; x_wconf 91' lang='lat' dir='ltr'><strong>preradiet</strong></span> 
     </span>
    </p>
   </div>
   <div class='ocr_carea' id='block_1_4' title="bbox 132 2107 1432 4786">
    <p class='ocr_par' dir='ltr' id='par_1_7' title="bbox 132 2107 1432 4786">
     <span class='ocr_line' id='line_1_14' title="bbox 136 2107 1432 2194; baseline 0.001 -16"><span class='ocrx_word' id='word_1_73' title='bbox 136 2109 341 2179; x_wconf 82' lang='lat' dir='ltr'><strong>ornamentis.</strong></span> <span class='ocrx_word' id='word_1_74' title='bbox 363 2108 402 2175; x_wconf 91' lang='lat' dir='ltr'><strong>In</strong></span> <span class='ocrx_word' id='word_1_75' title='bbox 422 2107 585 2191; x_wconf 86' lang='lat' dir='ltr'><strong>presentia</strong></span> <span class='ocrx_word' id='word_1_76' title='bbox 605 2107 709 2191; x_wconf 84' lang='lat' dir='ltr'><strong>igitur</strong></span> <span class='ocrx_word' id='word_1_77' title='bbox 728 2107 891 2177; x_wconf 65' lang='lat' dir='ltr'><strong>msbnciu</strong></span> <span class='ocrx_word' id='word_1_78' title='bbox 911 2110 1067 2193; x_wconf 84' lang='lat' dir='ltr'><strong>temporis</strong></span> <span class='ocrx_word' id='word_1_79' title='bbox 1089 2108 1178 2194; x_wconf 60' lang='lat' dir='ltr'><strong>had)</strong></span> <span class='ocrx_word' id='word_1_80' title='bbox 1197 2110 1432 2179; x_wconf 81' lang='lat' dir='ltr'><strong>sollicitudinis</strong></span> 
     </span>
     <span class='ocr_line' id='line_1_15' title="bbox 136 2220 1430 2310; baseline 0.001 -18"><span class='ocrx_word' id='word_1_81' title='bbox 136 2223 320 2293; x_wconf 84' lang='lat' dir='ltr'><strong>commoniti</strong></span> <span class='ocrx_word' id='word_1_82' title='bbox 352 2222 494 2305; x_wconf 72' lang='lat' dir='ltr'><strong>racione,</strong></span> <span class='ocrx_word' id='word_1_83' title='bbox 515 2240 589 2291; x_wconf 85' lang='lat' dir='ltr'><strong>cnm</strong></span> <span class='ocrx_word' id='word_1_84' title='bbox 620 2226 750 2307; x_wconf 83' lang='lat' dir='ltr'><strong>tempus</strong></span> <span class='ocrx_word' id='word_1_85' title='bbox 779 2240 817 2291; x_wconf 86' lang='lat' dir='ltr'><strong>so</strong></span> <span class='ocrx_word' id='word_1_86' title='bbox 837 2223 922 2291; x_wconf 81' lang='lat' dir='ltr'><strong>vltro</strong></span> <span class='ocrx_word' id='word_1_87' title='bbox 944 2220 1114 2309; x_wconf 79' lang='lat' dir='ltr'><strong>oilerat¹⁰),</strong></span> <span class='ocrx_word' id='word_1_88' title='bbox 1144 2222 1251 2293; x_wconf 88' lang='lat' dir='ltr'><strong>subsit</strong></span> <span class='ocrx_word' id='word_1_89' title='bbox 1278 2221 1430 2310; x_wconf 85' lang='lat' dir='ltr'><strong>cousa¹¹)</strong></span> 
     </span>
     <span class='ocr_line' id='line_1_16' title="bbox 136 2334 1431 2423; baseline 0.002 -18"><span class='ocrx_word' id='word_1_90' title='bbox 136 2336 183 2422; x_wconf 84' lang='lat' dir='ltr'><strong>[ot]</strong></span> <span class='ocrx_word' id='word_1_91' title='bbox 194 2335 376 2421; x_wconf 67' lang='lat' dir='ltr'><strong>magnilica</strong></span> <span class='ocrx_word' id='word_1_92' title='bbox 396 2335 500 2403; x_wconf 86' lang='lat' dir='ltr'><strong>nostri</strong></span> <span class='ocrx_word' id='word_1_93' title='bbox 510 2334 661 2419; x_wconf 85' lang='lat' dir='ltr'><strong>potencie</strong></span> <span class='ocrx_word' id='word_1_94' title='bbox 671 2334 822 2404; x_wconf 87' lang='lat' dir='ltr'><strong>culminis</strong></span> <span class='ocrx_word' id='word_1_95' title='bbox 843 2340 955 2405; x_wconf 90' lang='lat' dir='ltr'><strong>nostre</strong></span> <span class='ocrx_word' id='word_1_96' title='bbox 975 2335 1162 2409; x_wconf 85' lang='lat' dir='ltr'><strong>serenitatis</strong></span> <span class='ocrx_word' id='word_1_97' title='bbox 1177 2337 1363 2423; x_wconf 89' lang='lat' dir='ltr'><strong>equipoleat</strong></span> <span class='ocrx_word' id='word_1_98' title='bbox 1376 2358 1431 2407; x_wconf 79' lang='lat' dir='ltr'><strong>no·</strong></span> 
     </span>
     <span class='ocr_line' id='line_1_17' title="bbox 134 2448 1431 2543; baseline 0.005 -27"><span class='ocrx_word' id='word_1_99' title='bbox 134 2450 257 2535; x_wconf 70' lang='lat' dir='ltr'><strong>lnnmd,</strong></span> <span class='ocrx_word' id='word_1_100' title='bbox 278 2451 324 2519; x_wconf 88' lang='lat' dir='ltr'><strong>ad</strong></span> <span class='ocrx_word' id='word_1_101' title='bbox 345 2448 451 2535; x_wconf 84' lang='lat' dir='ltr'><strong>ipsios</strong></span> <span class='ocrx_word' id='word_1_102' title='bbox 472 2451 565 2536; x_wconf 77' lang='lat' dir='ltr'><strong>regni</strong></span> <span class='ocrx_word' id='word_1_103' title='bbox 587 2450 691 2519; x_wconf 85' lang='lat' dir='ltr'><strong>nostri</strong></span> <span class='ocrx_word' id='word_1_104' title='bbox 723 2449 823 2519; x_wconf 84' lang='lat' dir='ltr'><strong>decos</strong></span> <span class='ocrx_word' id='word_1_105' title='bbox 854 2455 1048 2537; x_wconf 82' lang='lat' dir='ltr'><strong>perpetuum</strong></span> <span class='ocrx_word' id='word_1_106' title='bbox 1078 2457 1113 2543; x_wconf 86' lang='lat' dir='ltr'><strong>ot</strong></span> <span class='ocrx_word' id='word_1_107' title='bbox 1145 2451 1293 2521; x_wconf 87' lang='lat' dir='ltr'><strong>docorem</strong></span> <span class='ocrx_word' id='word_1_108' title='bbox 1325 2453 1431 2539; x_wconf 88' lang='lat' dir='ltr'><strong>ipsius</strong></span> 
     </span>
     <span class='ocr_line' id='line_1_18' title="bbox 135 2560 1430 2655; baseline 0.002 -22"><span class='ocrx_word' id='word_1_109' title='bbox 135 2564 345 2649; x_wconf 68' lang='lat' dir='ltr'><strong>nubilemque</strong></span> <span class='ocrx_word' id='word_1_110' title='bbox 376 2560 563 2631; x_wconf 81' lang='lat' dir='ltr'><strong>firmitatem</strong></span> <span class='ocrx_word' id='word_1_111' title='bbox 595 2561 762 2631; x_wconf 72' lang='lat' dir='ltr'><strong>cientem</strong></span> <span class='ocrx_word' id='word_1_112' title='bbox 794 2582 913 2633; x_wconf 83' lang='lat' dir='ltr'><strong>nouem</strong></span> <span class='ocrx_word' id='word_1_113' title='bbox 940 2562 1028 2649; x_wconf 83' lang='lat' dir='ltr'><strong>apud</strong></span> <span class='ocrx_word' id='word_1_114' title='bbox 1052 2562 1174 2655; x_wconf 86' lang='lat' dir='ltr'><strong>Grudin</strong></span> <span class='ocrx_word' id='word_1_115' title='bbox 1196 2566 1363 2651; x_wconf 88' lang='lat' dir='ltr'><strong>antiquam</strong></span> <span class='ocrx_word' id='word_1_116' title='bbox 1384 2567 1430 2635; x_wconf 89' lang='lat' dir='ltr'><strong>ei·</strong></span> 
     </span>
     <span class='ocr_line' id='line_1_19' title="bbox 136 2674 1431 2765; baseline 0.005 -21"><span class='ocrx_word' id='word_1_117' title='bbox 136 2674 246 2759; x_wconf 53' lang='grc' dir='ltr'><strong>ἀπ’)</strong></span> <span class='ocrx_word' id='word_1_118' title='bbox 267 2676 335 2744; x_wconf 83' lang='grc' dir='ltr'><strong>1οοί</strong></span> <span class='ocrx_word' id='word_1_119' title='bbox 354 2676 561 2761; x_wconf 79' lang='lat' dir='ltr'><strong>proximitate</strong></span> <span class='ocrx_word' id='word_1_120' title='bbox 593 2676 778 2762; x_wconf 77' lang='lat' dir='ltr'><strong>contiguum</strong></span> <span class='ocrx_word' id='word_1_121' title='bbox 799 2683 833 2747; x_wconf 87' lang='lat' dir='ltr'><strong>et</strong></span> <span class='ocrx_word' id='word_1_122' title='bbox 854 2677 995 2747; x_wconf 77' lang='lat' dir='ltr'><strong>vicinam</strong></span> <span class='ocrx_word' id='word_1_123' title='bbox 1016 2675 1196 2765; x_wconf 60' lang='lat' dir='ltr'><strong>coronet)</strong></span> <span class='ocrx_word' id='word_1_124' title='bbox 1217 2681 1366 2751; x_wconf 81' lang='lat' dir='ltr'><strong>volumus</strong></span> <span class='ocrx_word' id='word_1_125' title='bbox 1396 2686 1431 2751; x_wconf 88' lang='lat' dir='ltr'><strong>ot</strong></span> 
     </span>
     <span class='ocr_line' id='line_1_20' title="bbox 134 2788 1429 2878; baseline 0.004 -20"><span class='ocrx_word' id='word_1_126' title='bbox 134 2790 331 2872; x_wconf 68' lang='lat' dir='ltr'><strong>nudemur,</strong></span> <span class='ocrx_word' id='word_1_127' title='bbox 352 2794 389 2856; x_wconf 81' lang='lat' dir='ltr'><strong>rt</strong></span> <span class='ocrx_word' id='word_1_128' title='bbox 408 2788 578 2859; x_wconf 84' lang='lat' dir='ltr'><strong>rnlnorsos</strong></span> <span class='ocrx_word' id='word_1_129' title='bbox 606 2794 642 2857; x_wconf 86' lang='lat' dir='ltr'><strong>et</strong></span> <span class='ocrx_word' id='word_1_130' title='bbox 661 2789 818 2875; x_wconf 77' lang='lat' dir='ltr'><strong>singulos,</strong></span> <span class='ocrx_word' id='word_1_131' title='bbox 849 2790 906 2875; x_wconf 87' lang='lat' dir='ltr'><strong>qui</strong></span> <span class='ocrx_word' id='word_1_132' title='bbox 929 2809 1006 2859; x_wconf 89' lang='lat' dir='ltr'><strong>suas</strong></span> <span class='ocrx_word' id='word_1_133' title='bbox 1028 2790 1308 2878; x_wconf 84' lang='lat' dir='ltr'><strong>construxerint¹⁴)</strong></span> <span class='ocrx_word' id='word_1_134' title='bbox 1338 2814 1429 2863; x_wconf 83' lang='lat' dir='ltr'><strong>mnn-</strong></span> 
     </span>
     <span class='ocr_line' id='line_1_21' title="bbox 134 2898 1427 2988; baseline 0.003 -17"><span class='ocrx_word' id='word_1_135' title='bbox 134 2903 236 2971; x_wconf 84' lang='lat' dir='ltr'><strong>riones</strong></span> <span class='ocrx_word' id='word_1_136' title='bbox 257 2902 374 2988; x_wconf 87' lang='lat' dir='ltr'><strong>ibique</strong></span> <span class='ocrx_word' id='word_1_137' title='bbox 391 2898 563 2986; x_wconf 80' lang='lat' dir='ltr'><strong>dxerint¹&#39;)</strong></span> <span class='ocrx_word' id='word_1_138' title='bbox 586 2901 771 2985; x_wconf 80' lang='lat' dir='ltr'><strong>incolatum,</strong></span> <span class='ocrx_word' id='word_1_139' title='bbox 800 2906 964 2988; x_wconf 78' lang='lat' dir='ltr'><strong>tamquam</strong></span> <span class='ocrx_word' id='word_1_140' title='bbox 985 2902 1098 2971; x_wconf 87' lang='lat' dir='ltr'><strong>fidelos</strong></span> <span class='ocrx_word' id='word_1_141' title='bbox 1121 2910 1155 2972; x_wconf 90' lang='lat' dir='ltr'><strong>et</strong></span> <span class='ocrx_word' id='word_1_142' title='bbox 1176 2905 1311 2974; x_wconf 90' lang='lat' dir='ltr'><strong>deuotos</strong></span> <span class='ocrx_word' id='word_1_143' title='bbox 1333 2907 1427 2975; x_wconf 90' lang='lat' dir='ltr'><strong>celsi-</strong></span> 
     </span>
     <span class='ocr_line' id='line_1_22' title="bbox 133 3013 1424 3104; baseline 0.004 -21"><span class='ocrx_word' id='word_1_144' title='bbox 133 3017 251 3085; x_wconf 85' lang='lat' dir='ltr'><strong>tudinis</strong></span> <span class='ocrx_word' id='word_1_145' title='bbox 274 3021 387 3083; x_wconf 91' lang='lat' dir='ltr'><strong>nostre</strong></span> <span class='ocrx_word' id='word_1_146' title='bbox 409 3013 498 3082; x_wconf 82' lang='lat' dir='ltr'><strong>ciues</strong></span> <span class='ocrx_word' id='word_1_147' title='bbox 514 3015 574 3082; x_wconf 90' lang='lat' dir='ltr'><strong>sub</strong></span> <span class='ocrx_word' id='word_1_148' title='bbox 589 3014 651 3083; x_wconf 85' lang='lat' dir='ltr'><strong>ulis</strong></span> <span class='ocrx_word' id='word_1_149' title='bbox 674 3015 778 3084; x_wconf 85' lang='lat' dir='ltr'><strong>nostri</strong></span> <span class='ocrx_word' id='word_1_150' title='bbox 792 3015 915 3083; x_wconf 83' lang='lat' dir='ltr'><strong>fenoris</strong></span> <span class='ocrx_word' id='word_1_151' title='bbox 937 3022 971 3084; x_wconf 88' lang='lat' dir='ltr'><strong>et</strong></span> <span class='ocrx_word' id='word_1_152' title='bbox 992 3016 1102 3101; x_wconf 82' lang='lat' dir='ltr'><strong>grecie</strong></span> <span class='ocrx_word' id='word_1_153' title='bbox 1124 3018 1298 3087; x_wconf 84' lang='lat' dir='ltr'><strong>salubriter</strong></span> <span class='ocrx_word' id='word_1_154' title='bbox 1318 3027 1424 3104; x_wconf 80' lang='lat' dir='ltr'><strong>prote</strong></span> 
     </span>
     <span class='ocr_line' id='line_1_23' title="bbox 132 3126 1428 3223; baseline 0.002 -26"><span class='ocrx_word' id='word_1_155' title='bbox 132 3138 249 3213; x_wconf 82' lang='lat' dir='ltr'><strong>gentes,</strong></span> <span class='ocrx_word' id='word_1_156' title='bbox 284 3129 433 3212; x_wconf 85' lang='lat' dir='ltr'><strong>lougeuis</strong></span> <span class='ocrx_word' id='word_1_157' title='bbox 456 3129 566 3197; x_wconf 78' lang='lat' dir='ltr'><strong>usibus</strong></span> <span class='ocrx_word' id='word_1_158' title='bbox 598 3129 841 3197; x_wconf 88' lang='lat' dir='ltr'><strong>consuetudinis</strong></span> <span class='ocrx_word' id='word_1_159' title='bbox 852 3126 892 3215; x_wconf 73' lang='lat'><strong>¹⁶)</strong></span> <span class='ocrx_word' id='word_1_160' title='bbox 924 3131 1110 3215; x_wconf 83' lang='lat' dir='ltr'><strong>approbetis</strong></span> <span class='ocrx_word' id='word_1_161' title='bbox 1137 3136 1170 3199; x_wconf 88' lang='lat' dir='ltr'><strong>ot</strong></span> <span class='ocrx_word' id='word_1_162' title='bbox 1193 3132 1322 3200; x_wconf 89' lang='lat' dir='ltr'><strong>demum</strong></span> <span class='ocrx_word' id='word_1_163' title='bbox 1354 3134 1428 3223; x_wconf 79' lang='lat' dir='ltr'><strong>iuro</strong></span> 
     </span>
     <span class='ocr_line' id='line_1_24' title="bbox 133 3241 1425 3329; baseline 0.005 -21"><span class='ocrx_word' id='word_1_164' title='bbox 133 3241 319 3327; x_wconf 76' lang='lat' dir='ltr'><strong>lglanicnsi</strong></span> <span class='ocrx_word' id='word_1_165' title='bbox 351 3241 463 3308; x_wconf 82' lang='lat' dir='ltr'><strong>viuere</strong></span> <span class='ocrx_word' id='word_1_166' title='bbox 494 3242 697 3309; x_wconf 88' lang='lat' dir='ltr'><strong>decernimus</strong></span> <span class='ocrx_word' id='word_1_167' title='bbox 727 3242 887 3326; x_wconf 86' lang='lat' dir='ltr'><strong>presentis</strong></span> <span class='ocrx_word' id='word_1_168' title='bbox 909 3248 1022 3311; x_wconf 89' lang='lat' dir='ltr'><strong>tenore</strong></span> <span class='ocrx_word' id='word_1_169' title='bbox 1050 3242 1258 3329; x_wconf 58' lang='lat' dir='ltr'><strong>priuilegiifl)</strong></span> <span class='ocrx_word' id='word_1_170' title='bbox 1290 3245 1425 3314; x_wconf 84' lang='lat' dir='ltr'><strong>firmiter</strong></span> 
     </span>
     <span class='ocr_line' id='line_1_25' title="bbox 133 3355 1425 3443; baseline 0.004 -21"><span class='ocrx_word' id='word_1_171' title='bbox 133 3364 159 3422; x_wconf 86' lang='lat' dir='ltr'><strong>et</strong></span> <span class='ocrx_word' id='word_1_172' title='bbox 179 3355 369 3437; x_wconf 84' lang='lat' dir='ltr'><strong>statuimus,</strong></span> <span class='ocrx_word' id='word_1_173' title='bbox 392 3356 433 3422; x_wconf 88' lang='lat' dir='ltr'><strong>de</strong></span> <span class='ocrx_word' id='word_1_174' title='bbox 454 3355 686 3423; x_wconf 88' lang='lat' dir='ltr'><strong>habundaciori</strong></span> <span class='ocrx_word' id='word_1_175' title='bbox 708 3357 811 3424; x_wconf 88' lang='lat' dir='ltr'><strong>eciam</strong></span> <span class='ocrx_word' id='word_1_176' title='bbox 833 3357 943 3441; x_wconf 84' lang='lat' dir='ltr'><strong>gracia</strong></span> <span class='ocrx_word' id='word_1_177' title='bbox 964 3362 998 3425; x_wconf 92' lang='lat' dir='ltr'><strong>et</strong></span> <span class='ocrx_word' id='word_1_178' title='bbox 1019 3358 1230 3442; x_wconf 76' lang='lat' dir='ltr'><strong>benignitatis</strong></span> <span class='ocrx_word' id='word_1_179' title='bbox 1253 3359 1425 3443; x_wconf 83' lang='lat' dir='ltr'><strong>cumulo¹⁸)</strong></span> 
     </span>
     <span class='ocr_line' id='line_1_26' title="bbox 134 3469 1426 3556; baseline 0.004 -19"><span class='ocrx_word' id='word_1_180' title='bbox 134 3470 266 3552; x_wconf 80' lang='lat' dir='ltr'><strong>pleniori</strong></span> <span class='ocrx_word' id='word_1_181' title='bbox 290 3488 401 3537; x_wconf 87' lang='lat' dir='ltr'><strong>omnes</strong></span> <span class='ocrx_word' id='word_1_182' title='bbox 415 3469 520 3553; x_wconf 91' lang='lat' dir='ltr'><strong>ipsius</strong></span> <span class='ocrx_word' id='word_1_183' title='bbox 542 3471 687 3537; x_wconf 87' lang='lat' dir='ltr'><strong>ciuitatis</strong></span> <span class='ocrx_word' id='word_1_184' title='bbox 711 3471 800 3538; x_wconf 88' lang='lat' dir='ltr'><strong>ciues</strong></span> <span class='ocrx_word' id='word_1_185' title='bbox 823 3469 865 3538; x_wconf 92' lang='lat' dir='ltr'><strong>ad</strong></span> <span class='ocrx_word' id='word_1_186' title='bbox 888 3477 1015 3556; x_wconf 89' lang='lat' dir='ltr'><strong>tempus</strong></span> <span class='ocrx_word' id='word_1_187' title='bbox 1037 3472 1198 3541; x_wconf 78' lang='lat' dir='ltr'><strong>libertatis</strong></span> <span class='ocrx_word' id='word_1_188' title='bbox 1221 3473 1340 3541; x_wconf 86' lang='lat' dir='ltr'><strong>solacio</strong></span> <span class='ocrx_word' id='word_1_189' title='bbox 1370 3494 1426 3542; x_wconf 83' lang='lat' dir='ltr'><strong>vo-</strong></span> 
     </span>
     <span class='ocr_line' id='line_1_27' title="bbox 133 3582 1425 3672; baseline 0.005 -23"><span class='ocrx_word' id='word_1_190' title='bbox 133 3583 233 3651; x_wconf 90' lang='lat' dir='ltr'><strong>lmnns</strong></span> <span class='ocrx_word' id='word_1_191' title='bbox 256 3584 471 3669; x_wconf 82' lang='lat' dir='ltr'><strong>congaudere,</strong></span> <span class='ocrx_word' id='word_1_192' title='bbox 494 3584 550 3652; x_wconf 94' lang='lat' dir='ltr'><strong>illo</strong></span> <span class='ocrx_word' id='word_1_193' title='bbox 572 3585 668 3652; x_wconf 89' lang='lat' dir='ltr'><strong>modo</strong></span> <span class='ocrx_word' id='word_1_194' title='bbox 700 3585 862 3668; x_wconf 84' lang='lat' dir='ltr'><strong>videlicet,</strong></span> <span class='ocrx_word' id='word_1_195' title='bbox 893 3582 969 3670; x_wconf 82' lang='lat' dir='ltr'><strong>vt¹&#39;)</strong></span> <span class='ocrx_word' id='word_1_196' title='bbox 993 3606 1013 3653; x_wconf 83' lang='lat' dir='ltr'><strong>a</strong></span> <span class='ocrx_word' id='word_1_197' title='bbox 1035 3584 1162 3672; x_wconf 58' lang='lat' dir='ltr'><strong>ieotow)</strong></span> <span class='ocrx_word' id='word_1_198' title='bbox 1184 3587 1272 3656; x_wconf 87' lang='lat' dir='ltr'><strong>beati</strong></span> <span class='ocrx_word' id='word_1_199' title='bbox 1301 3588 1425 3656; x_wconf 86' lang='lat' dir='ltr'><strong>Micha-</strong></span> 
     </span>
     <span class='ocr_line' id='line_1_28' title="bbox 134 3695 1424 3782; baseline 0.005 -19"><span class='ocrx_word' id='word_1_200' title='bbox 134 3695 209 3764; x_wconf 87' lang='lat' dir='ltr'><strong>helis</strong></span> <span class='ocrx_word' id='word_1_201' title='bbox 232 3716 337 3781; x_wconf 82' lang='lat' dir='ltr'><strong>nsque</strong></span> <span class='ocrx_word' id='word_1_202' title='bbox 359 3716 417 3782; x_wconf 87' lang='lat' dir='ltr'><strong>per</strong></span> <span class='ocrx_word' id='word_1_203' title='bbox 438 3698 520 3766; x_wconf 91' lang='lat' dir='ltr'><strong>dnos</strong></span> <span class='ocrx_word' id='word_1_204' title='bbox 541 3717 644 3766; x_wconf 87' lang='lat' dir='ltr'><strong>annos</strong></span> <span class='ocrx_word' id='word_1_205' title='bbox 666 3698 707 3766; x_wconf 90' lang='lat' dir='ltr'><strong>ab</strong></span> <span class='ocrx_word' id='word_1_206' title='bbox 730 3700 816 3766; x_wconf 89' lang='lat' dir='ltr'><strong>omni</strong></span> <span class='ocrx_word' id='word_1_207' title='bbox 838 3717 954 3766; x_wconf 86' lang='lat' dir='ltr'><strong>census</strong></span> <span class='ocrx_word' id='word_1_208' title='bbox 976 3701 1096 3768; x_wconf 86' lang='lat' dir='ltr'><strong>honera</strong></span> <span class='ocrx_word' id='word_1_209' title='bbox 1119 3701 1185 3768; x_wconf 91' lang='lat' dir='ltr'><strong>sint</strong></span> <span class='ocrx_word' id='word_1_210' title='bbox 1205 3700 1362 3769; x_wconf 89' lang='lat' dir='ltr'><strong>inmunes.</strong></span> <span class='ocrx_word' id='word_1_211' title='bbox 1386 3704 1424 3771; x_wconf 94' lang='lat' dir='ltr'><strong>In</strong></span> 
     </span>
     <span class='ocr_line' id='line_1_29' title="bbox 136 3810 1423 3898; baseline 0.006 -22"><span class='ocrx_word' id='word_1_212' title='bbox 136 3829 263 3892; x_wconf 87' lang='lat' dir='ltr'><strong>quornm</strong></span> <span class='ocrx_word' id='word_1_213' title='bbox 285 3810 351 3877; x_wconf 87' lang='lat' dir='ltr'><strong>fine</strong></span> <span class='ocrx_word' id='word_1_214' title='bbox 371 3830 527 3879; x_wconf 86' lang='lat' dir='ltr'><strong>annorum</strong></span> <span class='ocrx_word' id='word_1_215' title='bbox 549 3813 726 3896; x_wconf 85' lang='lat' dir='ltr'><strong>exspiranti</strong></span> <span class='ocrx_word' id='word_1_216' title='bbox 742 3832 859 3879; x_wconf 87' lang='lat' dir='ltr'><strong>census</strong></span> <span class='ocrx_word' id='word_1_217' title='bbox 875 3810 1069 3898; x_wconf 85' lang='lat' dir='ltr'><strong>succedat¹¹)</strong></span> <span class='ocrx_word' id='word_1_218' title='bbox 1093 3812 1258 3898; x_wconf 78' lang='lat' dir='ltr'><strong>solucio¹‘)</strong></span> <span class='ocrx_word' id='word_1_219' title='bbox 1281 3816 1423 3884; x_wconf 84' lang='lat' dir='ltr'><strong>libertati</strong></span> 
     </span>
     <span class='ocr_line' id='line_1_30' title="bbox 137 3918 1423 4010; baseline 0.004 -19"><span class='ocrx_word' id='word_1_220' title='bbox 137 3941 184 4004; x_wconf 86' lang='lat' dir='ltr'><strong>pro</strong></span> <span class='ocrx_word' id='word_1_221' title='bbox 205 3922 355 4005; x_wconf 73' lang='lat' dir='ltr'><strong>modo²³)‚</strong></span> <span class='ocrx_word' id='word_1_222' title='bbox 368 3945 431 4010; x_wconf 86' lang='lat' dir='ltr'><strong>quo</strong></span> <span class='ocrx_word' id='word_1_223' title='bbox 453 3922 566 4009; x_wconf 79' lang='lat' dir='ltr'><strong>eam²⁴)</strong></span> <span class='ocrx_word' id='word_1_224' title='bbox 581 3926 731 3993; x_wconf 83' lang='lat' dir='ltr'><strong>ciuitates</strong></span> <span class='ocrx_word' id='word_1_225' title='bbox 754 3927 882 3995; x_wconf 90' lang='lat' dir='ltr'><strong>soluent</strong></span> <span class='ocrx_word' id='word_1_226' title='bbox 896 3927 971 4009; x_wconf 82' lang='lat' dir='ltr'><strong>elie,</strong></span> <span class='ocrx_word' id='word_1_227' title='bbox 993 3918 1150 3995; x_wconf 78' lang='lat' dir='ltr'><strong>iacienda.</strong></span> <span class='ocrx_word' id='word_1_228' title='bbox 1174 3928 1308 3995; x_wconf 85' lang='lat' dir='ltr'><strong>Eisdem</strong></span> <span class='ocrx_word' id='word_1_229' title='bbox 1321 3928 1423 3996; x_wconf 84' lang='lat' dir='ltr'><strong>eciem</strong></span> 
     </span>
     <span class='ocr_line' id='line_1_31' title="bbox 138 4037 1422 4121; baseline 0.006 -20"><span class='ocrx_word' id='word_1_230' title='bbox 138 4038 263 4121; x_wconf 80' lang='lat' dir='ltr'><strong>onibus,</strong></span> <span class='ocrx_word' id='word_1_231' title='bbox 302 4038 359 4121; x_wconf 88' lang='lat' dir='ltr'><strong>qui</strong></span> <span class='ocrx_word' id='word_1_232' title='bbox 381 4039 500 4106; x_wconf 86' lang='lat' dir='ltr'><strong>dictam</strong></span> <span class='ocrx_word' id='word_1_233' title='bbox 532 4037 752 4107; x_wconf 83' lang='lat' dir='ltr'><strong>habitauerint</strong></span> <span class='ocrx_word' id='word_1_234' title='bbox 772 4038 948 4121; x_wconf 83' lang='lat' dir='ltr'><strong>ciuitatem,</strong></span> <span class='ocrx_word' id='word_1_235' title='bbox 982 4045 1110 4107; x_wconf 86' lang='lat' dir='ltr'><strong>contum</strong></span> <span class='ocrx_word' id='word_1_236' title='bbox 1131 4040 1282 4108; x_wconf 90' lang='lat' dir='ltr'><strong>duximus</strong></span> <span class='ocrx_word' id='word_1_237' title='bbox 1311 4043 1422 4110; x_wconf 81' lang='lat' dir='ltr'><strong>laneos</strong></span> 
     </span>
     <span class='ocr_line' id='line_1_32' title="bbox 138 4151 1422 4237; baseline 0.004 -21"><span class='ocrx_word' id='word_1_238' title='bbox 138 4151 360 4234; x_wconf 80' lang='lat' dir='ltr'><strong>concedendos,</strong></span> <span class='ocrx_word' id='word_1_239' title='bbox 382 4172 441 4236; x_wconf 89' lang='lat' dir='ltr'><strong>pro</strong></span> <span class='ocrx_word' id='word_1_240' title='bbox 465 4151 583 4236; x_wconf 84' lang='lat' dir='ltr'><strong>quibus</strong></span> <span class='ocrx_word' id='word_1_241' title='bbox 605 4151 728 4220; x_wconf 91' lang='lat' dir='ltr'><strong>hiidem</strong></span> <span class='ocrx_word' id='word_1_242' title='bbox 749 4151 838 4220; x_wconf 90' lang='lat' dir='ltr'><strong>ciues</strong></span> <span class='ocrx_word' id='word_1_243' title='bbox 860 4153 950 4220; x_wconf 89' lang='lat' dir='ltr'><strong>mille</strong></span> <span class='ocrx_word' id='word_1_244' title='bbox 971 4170 1096 4221; x_wconf 82' lang='lat' dir='ltr'><strong>murcos</strong></span> <span class='ocrx_word' id='word_1_245' title='bbox 1118 4153 1245 4237; x_wconf 77' lang='lat' dir='ltr'><strong>urgenti</strong></span> <span class='ocrx_word' id='word_1_246' title='bbox 1268 4154 1366 4221; x_wconf 87' lang='lat' dir='ltr'><strong>certis</strong></span> <span class='ocrx_word' id='word_1_247' title='bbox 1389 4160 1422 4221; x_wconf 88' lang='lat' dir='ltr'><strong>ct</strong></span> 
     </span>
     <span class='ocr_line' id='line_1_33' title="bbox 138 4261 1421 4351; baseline 0.004 -18"><span class='ocrx_word' id='word_1_248' title='bbox 138 4261 290 4335; x_wconf 79' lang='lat' dir='ltr'><strong>detinctis</strong></span> <span class='ocrx_word' id='word_1_249' title='bbox 323 4267 522 4350; x_wconf 87' lang='lat' dir='ltr'><strong>temporibus</strong></span> <span class='ocrx_word' id='word_1_250' title='bbox 555 4285 681 4335; x_wconf 71' lang='lat' dir='ltr'><strong>munere</strong></span> <span class='ocrx_word' id='word_1_251' title='bbox 712 4271 824 4335; x_wconf 86' lang='lat' dir='ltr'><strong>nostre</strong></span> <span class='ocrx_word' id='word_1_252' title='bbox 857 4267 993 4350; x_wconf 86' lang='lat' dir='ltr'><strong>soluent,</strong></span> <span class='ocrx_word' id='word_1_253' title='bbox 1024 4267 1176 4335; x_wconf 85' lang='lat' dir='ltr'><strong>videlicet</strong></span> <span class='ocrx_word' id='word_1_254' title='bbox 1208 4267 1294 4351; x_wconf 87' lang='lat' dir='ltr'><strong>quod</strong></span> <span class='ocrx_word' id='word_1_255' title='bbox 1327 4268 1421 4339; x_wconf 92' lang='lat' dir='ltr'><strong>modo</strong></span> 
     </span>
     <span class='ocr_line' id='line_1_34' title="bbox 140 4377 1420 4464; baseline 0 -17"><span class='ocrx_word' id='word_1_256' title='bbox 140 4380 237 4447; x_wconf 68' lang='lat' dir='ltr'><strong>mum</strong></span> <span class='ocrx_word' id='word_1_257' title='bbox 258 4377 458 4461; x_wconf 62' lang='lat' dir='ltr'><strong>drenow)</strong></span> <span class='ocrx_word' id='word_1_258' title='bbox 478 4398 605 4449; x_wconf 85' lang='lat' dir='ltr'><strong>marcas</strong></span> <span class='ocrx_word' id='word_1_259' title='bbox 627 4379 759 4461; x_wconf 88' lang='lat' dir='ltr'><strong>dabunt,</strong></span> <span class='ocrx_word' id='word_1_260' title='bbox 775 4379 808 4448; x_wconf 94' lang='lat' dir='ltr'><strong>in</strong></span> <span class='ocrx_word' id='word_1_261' title='bbox 830 4380 914 4448; x_wconf 85' lang='lat' dir='ltr'><strong>insto</strong></span> <span class='ocrx_word' id='word_1_262' title='bbox 933 4379 1068 4447; x_wconf 78' lang='lat' dir='ltr'><strong>Martini</strong></span> <span class='ocrx_word' id='word_1_263' title='bbox 1082 4380 1186 4464; x_wconf 90' lang='lat' dir='ltr'><strong>primo</strong></span> <span class='ocrx_word' id='word_1_264' title='bbox 1208 4379 1316 4447; x_wconf 83' lang='lat' dir='ltr'><strong>futuro</strong></span> <span class='ocrx_word' id='word_1_265' title='bbox 1340 4377 1420 4463; x_wconf 70' lang='lat'><strong>0²⁸),</strong></span> 
     </span>
     <span class='ocr_line' id='line_1_35' title="bbox 140 4486 1418 4578; baseline 0.003 -22"><span class='ocrx_word' id='word_1_266' title='bbox 140 4486 166 4556; x_wconf 89' lang='lat' dir='ltr'><strong>in</strong></span> <span class='ocrx_word' id='word_1_267' title='bbox 185 4491 306 4561; x_wconf 78' lang='lat' dir='ltr'><strong>Pascha</strong></span> <span class='ocrx_word' id='word_1_268' title='bbox 329 4491 420 4575; x_wconf 87' lang='grc'>000,</span> <span class='ocrx_word' id='word_1_269' title='bbox 442 4493 477 4559; x_wconf 90' lang='lat' dir='ltr'><strong>in</strong></span> <span class='ocrx_word' id='word_1_270' title='bbox 498 4493 582 4561; x_wconf 83' lang='lat' dir='ltr'><strong>festo</strong></span> <span class='ocrx_word' id='word_1_271' title='bbox 603 4493 762 4562; x_wconf 88' lang='lat' dir='ltr'><strong>Johannls</strong></span> <span class='ocrx_word' id='word_1_272' title='bbox 791 4493 1043 4578; x_wconf 79' lang='lat' dir='ltr'><strong>qmdrngentas</strong></span> <span class='ocrx_word' id='word_1_273' title='bbox 1065 4497 1176 4560; x_wconf 87' lang='lat' dir='ltr'><strong>nostro</strong></span> <span class='ocrx_word' id='word_1_274' title='bbox 1199 4489 1418 4577; x_wconf 78' lang='lat' dir='ltr'><strong>camerario²⁷)</strong></span> 
     </span>
     <span class='ocr_line' id='line_1_36' title="bbox 141 4604 1420 4690; baseline -0.001 -17"><span class='ocrx_word' id='word_1_275' title='bbox 141 4605 343 4688; x_wconf 71' lang='lat' dir='ltr'><strong>applicabunt</strong></span> <span class='ocrx_word' id='word_1_276' title='bbox 365 4606 411 4675; x_wconf 83' lang='lat' dir='ltr'><strong>Et</strong></span> <span class='ocrx_word' id='word_1_277' title='bbox 430 4625 531 4690; x_wconf 86' lang='lat' dir='ltr'><strong>quum</strong></span> <span class='ocrx_word' id='word_1_278' title='bbox 552 4606 676 4675; x_wconf 81' lang='lat' dir='ltr'><strong>racioni</strong></span> <span class='ocrx_word' id='word_1_279' title='bbox 697 4611 854 4674; x_wconf 85' lang='lat' dir='ltr'><strong>consonat</strong></span> <span class='ocrx_word' id='word_1_280' title='bbox 874 4611 908 4675; x_wconf 90' lang='lat' dir='ltr'><strong>et</strong></span> <span class='ocrx_word' id='word_1_281' title='bbox 928 4606 1078 4689; x_wconf 70' lang='lat' dir='ltr'><strong>congrunt</strong></span> <span class='ocrx_word' id='word_1_282' title='bbox 1091 4605 1237 4690; x_wconf 76' lang='lat' dir='ltr'><strong>equitati</strong></span> <span class='ocrx_word' id='word_1_283' title='bbox 1261 4610 1296 4673; x_wconf 80' lang='lat' dir='ltr'><strong>vt</strong></span> <span class='ocrx_word' id='word_1_284' title='bbox 1311 4604 1420 4687; x_wconf 83' lang='lat' dir='ltr'><strong>dignis</strong></span> 
     </span>
     <span class='ocr_line' id='line_1_37' title="bbox 1230 4736 1262 4786; baseline 0 -18"><span class='ocrx_word' id='word_1_285' title='bbox 1230 4736 1262 4786; x_wconf 65' lang='grc'><strong>6*</strong></span> 
     </span>
    </p>
   </div>
   <div class='ocr_carea' id='block_1_5' title="bbox 0 0 1580 5378">
    <p class='ocr_par' dir='ltr' id='par_1_8' title="bbox 0 0 1580 5378">
     <span class='ocr_line' id='line_1_38' title="bbox 0 0 1580 5378; baseline 0 0"><span class='ocrx_word' id='word_1_286' title='bbox 0 0 1580 5378; x_wconf 95' lang='lat' dir='ltr'><strong> </strong></span> 
     </span>
    </p>
   </div>
  </div>
 </body>
</html>
