3098 5392
140 401 201 468 193
758 403 834 455 rear.

134 628 231 692 super
253 608 363 690 Albos,
401 629 496 692 quom
519 614 636 692 gerunt
668 615 701 675 et
733 610 852 676 babent
885 629 982 693 super
1013 611 1117 693 ipsius
1148 612 1292 680 ciuitatis
1322 633 1439 699 mum

132 728 275 790 mentum
297 742 335 790 ac
356 723 625 805 melioracionem,
655 723 867 792 refeccionem
889 742 1052 792 murorum
1084 730 1118 792 et
1138 727 1277 793 taurinm
1298 728 1439 810 edific„¹

135 838 268 918 cionem,
291 837 379 920 ipsos
396 839 531 920 speciali
545 839 751 921 prerogatiua
766 840 854 904 tituli
869 839 982 905 dotare
994 838 1141 921 volendo,
1164 839 1366 924 diligencius
1401 860 1434 920 p.

137 953 328 1018 chilominus
352 956 535 1033 pensantes
562 952 651 1033 ipsos
674 969 790 1034 graues
813 969 916 1031 casus,
946 953 1086 1018 iacturas
1116 956 1150 1017 et
1171 952 1307 1019 iniurias
1333 959 1422 1028 tollo

74 1042 77 1047 ⁵
132 1083 232 1147 rasse,
256 1085 313 1148 pro
329 1064 453 1157 ¹quibus
476 1065 565 1147 ipsos
589 1083 628 1129 ex
649 1065 751 1146 regali
774 1066 947 1132 clemencia
969 1065 1128 1147 premiere
1149 1070 1183 1131 et
1198 1067 1358 1135 consolari
1376 1074 1411 1138 in·

132 1178 313 1258 tendentes,
335 1177 516 1270 libertatem
539 1178 836 1260 immunitatemque
857 1195 877 1242 a
898 1176 983 1243 festo
1004 1177 1129 1244 Pasche
1158 1197 1244 1246 nnnc
1272 1185 1402 1263 preterito

132 1291 214 1372 ipsis
228 1289 353 1357 ciuibus
367 1289 578 1372 indulgemus
586 1290 763 1356 liberaliter
773 1291 815 1356 ad
827 1292 1030 1372 septennium
1042 1292 1195 1359 continue
1204 1294 1394 1376 mitigandum

133 1405 179 1468 ita
195 1404 280 1486 quod
294 1403 336 1469 ad
351 1404 474 1469 nullum
490 1421 621 1468 censum
642 1421 702 1468 nec
722 1402 764 1467 ad
780 1403 861 1468 vllas
877 1403 1027 1468 collectas
1057 1421 1115 1469 sen
1138 1407 1321 1472 exaccionoa
1343 1407 1394 1471 siue

132 1516 248 1582 beruas
271 1517 404 1598 dandos,
427 1522 632 1599 preterquam
653 1516 694 1581 ad
717 1516 883 1583 dacionem
905 1517 1004 1582 berne
1025 1520 1186 1599 presentia
1214 1537 1271 1584 neu
1292 1520 1393 1586 collecte

132 1631 293 1713 generalis
315 1650 401 1697 nunc
422 1632 573 1713 imponite
602 1637 635 1697 et
656 1631 721 1697 nisi
743 1630 785 1696 ad
806 1631 1002 1697 solucionem
1025 1648 1140 1697 census
1166 1634 1323 1714 presentis
1339 1629 1394 1697 anni

131 1743 313 1811 faciendam
334 1762 392 1827 per
413 1762 469 1810 eos
491 1749 635 1827 tempore
655 1744 761 1810 medio
784 1744 851 1809 sint
872 1744 1009 1825 astricti,
1041 1749 1077 1809 vt
1098 1745 1242 1827 ipsorum
1262 1760 1396 1812 muromn

132 1864 165 1924 et
185 1859 323 1924 tmrium
344 1857 517 1924 refectioni
543 1863 577 1922 et
602 1857 816 1923 exstruccioni
845 1856 1008 1924 efficacius
1038 1859 1105 1923 sint
1134 1858 1259 1925 intenti.
1288 1859 1398 1941 Insuper

133 1972 336 2054 indulgemus
359 1978 392 2037 et
414 1971 617 2038 concedimus
640 1971 771 2052 eisdem,
795 1975 830 2035 vt
851 1970 938 2053 ligna
961 1971 994 2036 in
1016 1972 1137 2037 nostris
1167 1973 1262 2039 siluis
1283 1972 1398 2039 ubicun-

133 2105 194 2168 que
217 2084 318 2150 libere
345 2086 504 2167 recipiant
536 2090 569 2149 et
590 2084 734 2165 recipere
756 2084 883 2165 possint
915 2103 973 2167 pro
996 2084 1084 2150 calce
1116 2102 1174 2150 seu
1206 2091 1344 2152 cemento
1363 2103 1399 2151 co

132 2199 259 2281 quondo
281 2204 338 2264 aut
360 2198 530 2264 cremando
562 2216 601 2263 ac
623 2199 725 2262 eciam
747 2196 937 2278 rbicnmque
959 2198 1079 2279 roperti
1107 2196 1230 2264 fuerint
1251 2199 1399 2282 lapicidina

133 2313 172 2378 ad
196 2331 305 2378 muros
328 2312 548 2390 exstruendos‚
583 2311 655 2375 siue
676 2311 716 2375 ad
748 2311 866 2376 calcem
896 2310 1097 2393 coquendum
1126 2312 1198 2377 siue
1221 2311 1399 2378 cremandm

130 2427 209 2508 apti,
242 2427 304 2492 etsi
327 2428 393 2491 sint
415 2425 562 2491 inbonis
586 2425 705 2492 nostris
736 2425 808 2490 siue
838 2425 871 2489 in
892 2422 986 2489 bonis
1007 2422 1173 2505 nobilium,
1202 2425 1246 2490 ad
1267 2427 1350 2508 ipsos
1367 2423 1398 2487 lc·

130 2540 223 2622 pidoe
246 2541 416 2606 fodiendos
438 2542 509 2605 siue
531 2539 725 2622 frangendos
758 2539 888 2603 racione
910 2538 1139 2621 premissorum
1160 2539 1299 2622 predicti
1319 2532 1397 2605 nosci

131 2654 220 2720 ciues
254 2654 387 2719 liberam
409 2653 548 2719 babeant
577 2651 772 2719 facultatem.
818 2650 1010 2715 Mandamus
1032 2651 1132 2733 igitur
1157 2656 1195 2729 ¹et
1227 2652 1396 2735 precipimus

129 2766 304 2848 burgrauio
334 2771 443 2832 nostro
467 2766 651 2846 Grecnensi‚
683 2764 738 2846 qui
761 2782 846 2829 nunc
868 2768 918 2827 est
946 2767 1044 2844 atque
1068 2783 1127 2846 pro
1148 2770 1294 2849 tempore
1312 2761 1394 2838 luent,

130 2886 185 2944 aut
209 2880 463 2962 quibuscumque
485 2878 569 2958 aliis,
593 2883 627 2942 st
641 2878 729 2958 ipsos
753 2877 841 2942 ciues
863 2880 990 2941 nostros
1009 2875 1171 2958 predictos
1194 2879 1229 2943 in
1257 2874 1394 2961 promissio

130 3013 193 3057 non
227 2993 403 3074 impediant
437 2999 534 3073 utque
566 2991 724 3072 impedire
752 2990 934 3072 quempiam
963 2989 1161 3071 permittant·
1192 3009 1257 3074 que
1290 2992 1393 3058 ciere

130 3107 212 3185 gulis
235 3106 457 3170 munificencia
482 3103 677 3170 condonauit
697 3104 810 3170 harum
832 3108 1015 3169 nostrarum
1038 3104 1225 3172 testimonio
1246 3106 1389 3171 literarum

131 3219 249 3282 ilatum
272 3217 375 3298 Prage
396 3217 472 3281 llll
498 3217 652 3282 kalendas
668 3216 734 3282 bloi
757 3236 840 3282 anuo
863 3216 1178 3284 dominimillesimo
1198 3216 1390 3286 uooentaino

131 3331 284 3394 vicesimo
307 3329 419 3410 primo.
442 3348 613 3412 regnorum
636 3344 713 3394 uero
736 3335 918 3396 nostrorum
939 3347 1023 3396 anuo
1046 3330 1223 3398 miccino.

234 3483 285 3536 ble
309 3482 472 3536 arrarendbo
497 3487 563 3552 nyni
588 3483 669 3549 „t'oel
688 3483 756 3554 dipl.
780 3483 890 3538 membr.
908 3483 980 3537 MS}
999 3501 1014 3536 z
1033 3500 1053 3537 r.
1074 3489 1141 3540 140⁶
1164 3483 1335 3553 Bienenberg,
1352 3478 1388 3534 Gt·

130 3578 252 3634 sebicbte
269 3578 319 3633 der
337 3581 374 3634 St.
394 3579 561 3648 lioniggrata
580 3588 628 3635 str.
648 3586 706 3635 103.
725 3612 759 3620 -
777 3581 877 3637 Emler.
894 3579 1015 3648 Regesta
1032 3580 1079 3635 111.
1097 3578 1120 3634 ἱ.
1139 3584 1199 3635 6⁷8„

694 3810 758 3894 (lis.
784 3829 855 3895 121.

498 3962 595 4041 1321,
619 3964 660 4032 21
684 3966 839 4034 kvdtna.
869 3966 902 4035 V
923 3965 1055 4035 Prone.

130 4099 212 4166 Krril
233 4102 299 4167 Jon
317 4100 464 4183 proddcu'
485 4100 679 4183 ryclttcir'strr‘
690 4108 791 4170 mesto
806 4105 896 4170 [Μ
916 4126 951 4172 sc
970 4106 1046 4172 dem
1067 4107 1217 4192 ojiny'm
1236 4109 1329 4177 clani
1346 4099 1386 4173 dl·

127 4213 226 4296 cltody
246 4217 391 4280 mellono
414 4213 611 4280 Loooskdou
633 4218 750 4283 Beroea
778 4217 888 4301 ajolo
910 4218 1053 4285 amiam
1080 4240 1121 4285 aa
1141 4223 1207 4286 100
1227 4221 1287 4306 kop
1314 4243 1358 4306 pr.
1375 4220 1392 4283 l.

230 4389 297 4455 Nos
313 4388 476 4456 lohannes
492 4391 545 4456 dei
561 4394 668 4473 macie
685 4394 816 4460 Boemie
831 4398 863 4460 et
880 4394 1011 4462 Polonie
1024 4414 1091 4477 rer,
1108 4396 1400 4483 Luczemburgensis

127 4520 231 4567 clintes
254 4503 457 4585 marchieque
482 4505 725 4572 lbalissinensis
744 4509 902 4589 dominus
925 4514 1035 4575 notum
1060 4508 1197 4577 scimus
1215 4518 1328 4581 tenore
1347 4531 1407 4598 pre

126 4617 269 4681 sennium
292 4619 461 4697 uniuersis
484 4619 568 4699 quod
587 4619 747 4703 judicium
769 4623 913 4688 ciuitatis
935 4621 1231 4690 normannensis
1257 4644 1331 4693 cum
1350 4626 1410 4694 the
