3098 5392
723 378 799 432 1849.

669 589 687 628 *
711 573 775 656 (lle.
798 591 872 658 293.

482 744 579 823 1349,
602 743 646 813 23
663 746 864 831 listopadu.
886 745 920 814 V
934 746 1064 815 haze.

127 899 213 965 Kro'l
234 900 334 965 Κανά
355 902 377 964 Ι
380 900 409 963 V
417 903 580 984 potcrsuje
601 904 779 968 medicam
800 907 902 969 mesta
928 884 1001 969 Ustt
1023 903 1090 968 aad
1112 902 1232 967 Laberos
1258 901 1313 966 dcc
1329 900 1379 977 tuly

128 1018 192 1079 otcc
219 1012 311 1079 sothe
339 1012 428 1079 broile
456 1015 547 1081 Jonc
575 1037 620 1080 aa
648 1015 780 1081 adierint
804 1017 912 1100 prcivo
933 1013 1204 1102 Mapoeoarstoto
1233 1036 1255 1080 c
1278 1035 1316 1080 oo
1334 1009 1381 1099 jiot‘

589 1129 722 1212 soobody
735 1130 800 1214 jim
821 1130 959 1196 adeleni.

231 1301 370 1369 Karolus
393 1302 447 1369 dei
468 1305 579 1386 gracia
599 1304 815 1372 Romanorum
836 1323 892 1372 rex
914 1325 1040 1390 semper
1061 1312 1221 1390 augustus
1241 1312 1274 1373 et
1286 1303 1385 1372 Boemie

128 1436 193 1483 rex.
216 1415 267 1482 Ad
290 1421 477 1498 perpetuam
498 1417 547 1482 rei
569 1419 763 1484 memoriam.
791 1419 864 1485 Etsi
886 1420 975 1502 regie
997 1419 1168 1502 dignitatis
1189 1421 1387 1503 cmcumspocb

127 1530 312 1613 benignitas
342 1531 510 1597 uniuersos
540 1530 651 1598 fideles
675 1551 733 1598 sue
755 1532 875 1599 dicioni
898 1533 1059 1600 subiectos
1082 1533 1194 1600 innata
1216 1531 1387 1601 liberalitatis

129 1644 304 1711 clemencia
325 1663 383 1726 pro
405 1644 517 1711 fanore
542 1646 756 1728 prosequitur,
779 1647 820 1712 ad
841 1646 971 1713 illorum
991 1652 1098 1714 tamen
1130 1647 1301 1731 proiectus,
1327 1644 1388 1711 vtil-

129 1763 213 1823 tates
229 1762 262 1822 et
277 1757 441 1823 commoda
455 1756 639 1823 iernencius
655 1760 801 1841 aspirare
815 1764 972 1841 teneatur,
996 1778 1077 1842 quos
1099 1762 1200 1828 certis
1223 1756 1388 1844 argumentis

129 1871 170 1936 ad
193 1889 252 1936 sue
273 1870 476 1937 celsitudinis
500 1869 653 1954 obsequia
674 1872 796 1954 reperit
818 1873 969 1939 continue
991 1879 1189 1956 preparatos.
1225 1875 1306 1942 Sane
1325 1889 1388 1939 acce

129 1984 242 2050 dentes
264 1984 306 2049 ad
329 1989 439 2049 nostre
460 1984 640 2050 maiestatis
663 1985 864 2066 presenciam
893 1986 995 2052 nostri
1017 1986 1176 2053 dilecti..
1201 1988 1289 2055 ciues
1309 1991 1389 2053 noste

131 2098 275 2164 ciuitatis
298 2097 451 2164 Vscensis
474 2115 572 2179 super
592 2097 694 2163 Albea
715 2099 808 2164 nobis
831 2098 1044 2165 exhibuerunt
1064 2100 1129 2165 duo
1150 2102 1322 2185 priuilegia
1333 2097 1389 2182 ipsis

129 2230 187 2294 per
209 2212 296 2278 clare
316 2212 471 2276 memorie
492 2211 651 2277 illustrem
666 2210 855 2292 Johannem‚
879 2211 1014 2279 condam
1034 2213 1169 2280 Boemie
1190 2232 1307 2298 regem,
1328 2211 1390 2296 geni·

130 2332 234 2392 torem
256 2330 402 2391 nostrum
425 2324 637 2405 carissimum,
660 2324 737 2389 data
759 2329 792 2389 et
814 2342 975 2405 concessa,
1006 2330 1153 2407 petentes
1176 2345 1237 2394 nos
1257 2324 1391 2392 humiliter

130 2445 163 2508 et
183 2440 310 2519 deuote,
341 2443 498 2519 quatenus
529 2439 610 2520 ipsis
641 2437 753 2504 eadem
783 2438 956 2522 priuilegia
984 2438 1172 2522 approbare,
1207 2439 1356 2507 ratificma
1370 2440 1392 2501 et

131 2552 319 2621 confirmare
341 2552 534 2618 auctoritate
554 2552 645 2634 regia
667 2557 701 2617 et
715 2551 915 2634 benignitate
930 2535 1026 2618 solita
1040 2552 1256 2636 dignaremur.
1280 2555 1394 2635 Quomn

132 2666 386 2751 priuilegiorum
403 2665 499 2747 primi
516 2664 676 2745 videlicet,
693 2671 784 2731 tenor
802 2666 878 2732 talis
893 2671 959 2732 est:
981 2665 1048 2732 Nos
1063 2664 1231 2734 lohannes
1245 2666 1298 2733 dei
1311 2664 1395 2750 gracia

130 2782 262 2848 Boemie
277 2784 311 2846 et
325 2780 458 2846 Polonie
471 2798 528 2844 rex
543 2783 601 2845 etc.
627 2779 814 2864 (Nesleduje
829 2782 923 2846 znenl
939 2781 1017 2846 listu
1031 2780 1123 2847 krtle
1137 2780 1223 2847 Jana
1238 2780 1268 2848 d
1288 2780 1397 2846 vum

130 2895 172 2960 22
195 2893 302 2960 dubna
326 2894 411 2959 1325
435 2892 460 2958 d.
486 2892 573 2975 133).
605 2892 744 2958 Secundi
766 2911 843 2957 uero
865 2893 1030 2975 priuilegii
1052 2898 1145 2961 tenor
1167 2895 1245 2962 talis
1267 2899 1329 2962 est:
1346 2891 1398 2958 llos

130 3009 151 3074 J
153 3009 294 3074 ohannes
318 3007 371 3073 dei
393 3007 502 3089 gracia
524 3006 657 3072 Boemie
671 3011 705 3072 et
718 3006 852 3073 Polonie
873 3024 930 3073 rex
945 3011 1003 3073 etc.
1029 3005 1222 3092 (Ntsleduje
1237 3010 1327 3074 aneni
1338 3007 1399 3072 listu

130 3121 224 3187 tehoi
246 3121 337 3186 krale
359 3119 388 3185 d.
413 3119 549 3186 rPraze
566 3120 605 3185 19
621 3119 718 3185 ledna
742 3118 825 3184 1327
850 3118 875 3185 t.
901 3118 987 3202 144).
1010 3119 1078 3187 Nos
1094 3120 1207 3204 itaque
1221 3120 1400 3189 abundanter

130 3235 323 3316 multiplicia
345 3233 516 3316 probitatis
539 3239 572 3300 et
593 3234 730 3300 aliorum
760 3232 972 3299 seruiciorum
1000 3233 1125 3315 merita,
1162 3234 1283 3316 quibus
1310 3249 1401 3315 supra·

131 3347 211 3412 dicti
234 3347 322 3411 ciues
345 3345 505 3413 Vsceuses
527 3351 561 3411 et
583 3347 635 3412 sui
664 3346 908 3428 predecessores
938 3364 1014 3429 erga
1043 3365 1102 3413 nos
1124 3351 1159 3413 et
1180 3347 1400 3430 predecessores

131 3466 269 3540 nostros,
291 3460 451 3542 qnondam
465 3461 598 3526 Boemie
613 3477 706 3543 reges
722 3461 808 3526 clare
828 3460 990 3540 memorie,
1005 3461 1162 3526 hactenus
1176 3464 1300 3528 attemo
1314 3457 1400 3526 studio

133 3573 317 3637 claruerunt
346 3578 379 3639 et
409 3573 570 3639 cotidiano
602 3572 784 3638 sedulitatis
815 3570 931 3639 affectu
962 3590 1097 3655 operosa
1118 3571 1295 3657 diligencia
1313 3576 1401 3639 norm

133 3685 318 3751 celsitudini
341 3704 377 3751 se
401 3686 608 3767 conformant,
643 3684 838 3767 supradictis
868 3683 994 3750 ciuibus
1024 3683 1224 3754 Vscensibns
1253 3692 1287 3754 et
1312 3701 1400 3753 eomn

133 3798 371 3864 successoribus
404 3799 552 3881 predicta
585 3799 648 3865 duo
682 3797 855 3880 priuilegia
887 3815 945 3880 per
975 3798 1060 3864 clare
1089 3800 1246 3867 memorie
1266 3801 1399 3867 illustrem

133 3912 322 3993 Johannem,
354 3912 514 3993 quondam
536 3913 669 3978 Boemie
691 3930 809 3995 regem,
832 3912 1009 3994 genitorem
1030 3916 1177 3978 nostrum
1213 3915 1398 3985 camerinum,

131 4027 208 4091 data
230 4031 263 4091 et
285 4044 447 4106 concessa,
478 4031 513 4091 vt
534 4025 703 4108 prefertur,
734 4029 830 4107 prout
859 4024 900 4090 de
931 4023 1028 4090 uerbo
1059 4025 1101 4091 ad
1132 4025 1268 4092 uerbum
1293 4039 1398 4109 prescr-

131 4140 217 4205 tibus
240 4145 315 4204 sunt
337 4141 467 4219 inserta,
492 4139 715 4221 approbamus,
738 4136 934 4203 ratificamus
950 4137 1038 4203 etde
1053 4142 1141 4203 certa
1156 4144 1269 4206 nostra
1283 4134 1398 4206 sciencia

132 4255 282 4337 regioque
312 4253 482 4335 potestatis
513 4252 713 4335 plenitudine
736 4271 774 4317 ac
797 4251 930 4333 speciali
952 4255 1062 4317 nostre
1083 4250 1295 4336 benignitatis
1314 4249 1397 4336 gracia
1432 4256 1434 4301 ἓ

132 4366 363 4434 confirmamus.
406 4368 495 4433 Nulli
519 4385 593 4450 ergo
618 4368 745 4433 omnino
769 4366 934 4433 hominum
956 4365 1053 4432 liceat
1074 4366 1159 4432 hanc
1180 4371 1291 4435 nostre
1311 4359 1397 4433 confir·

132 4481 298 4561 macionis
328 4480 573 4563 approbationis
604 4485 637 4544 et
664 4478 892 4545 ratificacionis
924 4480 1074 4563 paginam
1103 4470 1397 4565 infringerentur

133 4613 215 4658 ausu
237 4595 407 4660 temerario
431 4595 598 4660 contraire.
630 4593 664 4660 Si
687 4595 758 4676 quis
782 4598 889 4659 autem
911 4593 972 4660 hoc
993 4597 1187 4676 attemptare
1209 4587 1398 4678 presumserit
