3098 5392
198 418 261 484 943
814 419 889 466 reor.

192 619 1518 712 pmuacpaoomcmoummuoemasffimue

755 734 941 802 naum

302 956 514 1023 wenceslaus
535 994 577 1002 -
601 962 713 1022 notum
743 957 881 1023 facimus
901 993 956 1035 -,
981 956 1069 1039 quod
1098 975 1174 1023 eum
1205 958 1302 1041 olym
1335 957 1513 1026 Henslinus

198 1073 306 1138 dictus
335 1069 445 1153 Snopl,
479 1071 563 1137 ciuis
592 1070 740 1136 ciuitatis
772 1068 983 1149 mmmm,
1014 1069 1093 1136 dum
1113 1070 1224 1137 adhue
1248 1079 1376 1156 ageret
1405 1075 1440 1140 in
1460 1075 1512 1139 uu·

197 1186 314 1268 manis,
348 1184 419 1251 zelo
450 1185 638 1250 deuociouis
670 1201 827 1250 accensus
859 1184 895 1248 in
924 1184 1034 1250 anime
1063 1202 1124 1250 sue
1150 1186 1346 1253 medium
1376 1189 1511 1254 minure

198 1304 327 1366 centnm
363 1316 541 1380 sexagenas
574 1317 760 1380 grossorum
794 1300 1001 1381 pragensium
1029 1318 1089 1382 pro
1118 1317 1184 1364 rna
1213 1301 1327 1367 missa
1359 1310 1509 1386 perpetua

199 1412 321 1495 absque
342 1416 451 1477 tamen
474 1429 634 1478 consensu
655 1417 767 1478 nocuo
788 1411 880 1494 regio
901 1411 1064 1494 legauerit
1081 1417 1115 1478 et
1128 1412 1286 1495 legitime
1301 1416 1352 1481 sit
1365 1421 1508 1494 testatus,

199 1544 264 1609 que
287 1525 418 1608 quidem
439 1527 577 1609 pecunie
599 1545 725 1592 summa
745 1544 805 1610 per
827 1525 1072 1609 sigismundum
1094 1527 1135 1591 de
1159 1526 1273 1608 Orlik,
1295 1531 1398 1614 regui
1413 1531 1506 1597 nostri

200 1639 335 1705 Boemie
364 1638 648 1720 subcamerarinm,
684 1658 723 1706 ac
747 1639 893 1722 judicem
926 1643 961 1703 et
985 1639 1113 1722 juratos
1147 1639 1240 1706 dicte
1273 1643 1429 1710 ciuitatis
1454 1642 1506 1709 ca-

199 1753 363 1834 dunensis,
384 1751 498 1818 fideles
518 1758 647 1818 nostros
669 1752 816 1833 dilectus,
838 1751 933 1818 uobis
947 1758 981 1817 et
996 1771 1122 1819 camem
1143 1759 1264 1821 nostre
1285 1758 1399 1840 regali
1421 1759 1505 1840 pleno

200 1867 381 1933 dinoscitur
398 1866 474 1950 jure
495 1865 691 1933 adiudicatae
733 1865 802 1934 Noa
824 1867 1012 1935 huiusmodi
1034 1867 1173 1950 pecunie
1195 1886 1370 1937 summum
1391 1871 1434 1937 ad
1453 1890 1504 1936 nos

200 1981 386 2048 deuolutam
420 1986 454 2046 et
485 1980 588 2061 nobis,
623 1985 660 2046 ut
688 1982 898 2064 premittitur,
931 1980 1175 2048 racionabiliter
1208 1983 1443 2052 adiudicatam
1471 1985 1504 2048 de

202 2097 315 2161 inuata
336 2094 431 2160 nobis
452 2094 664 2177 benignitatis
688 2097 864 2162 clemencia
884 2097 920 2163 in
942 2115 1020 2162 usus
1041 2099 1171 2162 nostros
1189 2097 1310 2180 regios
1327 2100 1501 2166 nullatmus

202 2213 395 2275 conuertere
409 2206 609 2289 affectantes,
632 2228 690 2292 pro
706 2229 769 2275 vno
783 2210 881 2276 altari
902 2210 938 2276 in
952 2208 1094 2292 pretorio
1116 2208 1207 2275 dicte
1230 2211 1390 2279 ciuitatis
1413 2213 1502 2279 Ceda-

199 2322 311 2389 nensis
335 2324 376 2388 de
398 2342 484 2389 nouo
506 2323 661 2405 erigendo
676 2329 710 2389 et
724 2343 782 2407 pro
797 2324 911 2391 usibus
925 2324 1107 2407 cappellani
1125 2341 1187 2390 seu
1201 2329 1354 2393 rectoris
1369 2327 1500 2393 eiusdem

201 2437 316 2502 altaris
353 2437 503 2520 deputari
540 2436 754 2518 decreuimus,
792 2437 943 2504 dedimus
985 2442 1018 2503 et
1053 2436 1256 2505 donauimus
1303 2441 1500 2523 presentibus

200 2549 357 2633 graciose,
381 2550 430 2616 sic
451 2550 613 2632 uidelicet,
630 2552 715 2634 quod
738 2571 797 2635 pro
820 2551 943 2618 eisdem
967 2556 1095 2618 centnm
1117 2552 1300 2634 sexagenis
1325 2572 1499 2638 grossorum

199 2681 258 2747 per
286 2664 394 2731 dictos
418 2664 573 2747 iudicem,
605 2667 753 2732 consules
773 2672 807 2732 et
823 2666 950 2749 juratos
980 2665 1125 2732 ciuitatis
1156 2662 1376 2735 Gadauensis
1398 2685 1497 2736 census

198 2797 323 2845 annuos
354 2784 388 2844 et
416 2784 591 2861 perpetuos
621 2781 656 2846 iu
684 2779 778 2846 bonis
800 2780 913 2846 liberis
944 2781 996 2846 vel
1019 2777 1173 2846 ciuilibus
1205 2780 1389 2862 prodictu
1417 2780 1496 2847 altari

199 2898 233 2957 et
254 2891 366 2957 usibus
388 2892 531 2959 ministri
553 2893 699 2959 eiusdem
723 2894 861 2959 debeant
882 2891 1023 2959 fideliter
1037 2910 1239 2975 comparare,
1262 2912 1367 2978 quem
1384 2894 1495 2980 quiden

199 3025 332 3073 censum
353 3006 479 3090 prefato
502 3008 598 3073 altari
621 3009 655 3073 iu
677 3007 819 3089 pretorio
842 3007 930 3072 dicte
952 3006 1097 3072 ciuitatis
1120 3005 1162 3070 de
1185 3025 1289 3089 nouo,
1318 3015 1359 3075 ut
1381 3007 1493 3090 premit·

198 3122 289 3204 titur,
321 3123 474 3205 erigendo
498 3128 531 3187 et
553 3141 610 3204 pro
633 3122 745 3188 usibus
779 3121 959 3204 cappellani
991 3136 1049 3186 seu
1077 3119 1224 3185 ministri
1248 3121 1365 3203 ipsius
1387 3136 1491 3189 exnunc

197 3242 296 3319 prout
326 3242 443 3302 extunc
474 3243 507 3302 et
539 3243 656 3302 extunc
686 3241 782 3318 prout
802 3230 936 3301 'exnunc
965 3235 1223 3316 incorporamus
1254 3235 1490 3307 inuisceramus

198 3351 445 3434 appropriemus
477 3356 509 3416 et
540 3351 732 3416 auctoritate
762 3350 853 3432 regia
882 3350 1017 3416 Boemie
1046 3348 1200 3413 decerta
1223 3355 1346 3416 nostra
1369 3346 1489 3417 sciencia

198 3465 347 3547 graciose
379 3466 580 3530 annectimus
603 3470 636 3531 et
666 3466 794 3531 unimus
817 3481 875 3546 per
905 3460 1066 3545 prefatum
1096 3462 1336 3543 cappellauum
1366 3483 1422 3531 seu
1443 3460 1488 3526 mi·

198 3581 338 3646 nistrum
369 3579 448 3644 dicti
479 3579 591 3643 altaris
623 3583 656 3643 et
679 3595 882 3644 successores
914 3594 990 3641 suos
1023 3576 1117 3641 aunis
1140 3574 1290 3659 siugulis
1313 3576 1486 3645 habenduu.

197 3694 385 3775 tollendum,
416 3693 589 3759 leuandum
620 3696 653 3758 et
672 3692 731 3758 sub
754 3692 904 3757 libertate
934 3689 1155 3756 ecelesiastica
1187 3694 1365 3774 perpetuis
1385 3698 1486 3771 tempu

197 3809 288 3874 ribus
311 3806 446 3890 pacifice
467 3807 715 3890 possidendum
739 3808 785 3871 ita
807 3812 925 3887 tamen,
949 3805 1035 3889 quod
1053 3804 1108 3887 jus
1130 3809 1334 3885 patronatus
1357 3825 1414 3873 seu
1429 3819 1485 3886 pre

199 3923 342 3989 aeutacio
365 3920 483 4004 prefati
506 3922 618 3986 altaris
636 3921 677 3986 ad
693 3921 883 4003 magistrum
899 3920 1031 4000 ciuium,
1055 3916 1206 3984 consules
1223 3923 1259 3984 et
1269 3920 1401 4003 juratos
1418 3917 1485 3982 dicte

200 4036 345 4103 ciuitatis
369 4033 579 4115 cadunensis,
612 4036 667 4117 qui
690 4054 775 4100 nunc
798 4039 875 4098 sunt
897 4032 949 4097 uel
971 4051 1030 4114 pro
1051 4036 1200 4114 tempore
1221 4031 1362 4115 fuerint,
1392 4046 1484 4116 perpe

198 4150 264 4216 tuis
295 4150 426 4215 inantea
455 4149 654 4230 temporibus
686 4149 803 4214 debeat
831 4148 1004 4230 periinere.
1049 4144 1248 4214 Mandautes
1282 4149 1484 4217 uniuersiset

199 4264 337 4346 singulis
382 4261 574 4328 officialibus
616 4263 737 4327 nostris
781 4262 961 4345 ceterisque
1002 4261 1122 4327 uostris
1165 4267 1201 4327 et
1237 4267 1337 4349 regni
1373 4260 1484 4332 Boenit

200 4377 339 4441 subditis
374 4379 407 4441 et
436 4374 585 4441 fidelibus
616 4374 751 4442 firmiter
784 4382 817 4441 et
847 4376 1004 4458 districte,
1040 4381 1202 4458 quatenus
1224 4379 1421 4447 ministrum
1440 4393 1482 4442 seu

204 4490 427 4571 cappellanum
450 4489 562 4554 altaris
586 4490 703 4572 prefati
722 4491 756 4556 iu
779 4491 986 4572 possessione
1001 4496 1034 4557 et
1047 4493 1268 4576 percepcioue
1291 4517 1408 4566 census
1427 4510 1482 4578 pre

199 4604 256 4668 foti
288 4605 472 4668 nullatenus
495 4604 683 4685 impediunt,
715 4606 792 4687 quin
815 4606 929 4688 pocius
950 4607 1058 4688 ipsum
1088 4607 1176 4675 circa
1213 4613 1359 4680 eundem
1391 4628 1480 4679 mauu
