3098 5392
222 485 306 552 1056
836 485 912 536 uos.

218 687 318 778 agris
341 695 382 761 de
400 683 548 761 domibus
572 698 605 760 et
626 694 723 774 areis,
739 693 838 775 ligna,
862 693 947 760 sicut
970 680 1181 774 premittitur,
1208 693 1254 758 ad
1280 695 1387 761 littus
1410 692 1533 761 deducu

218 808 414 875 tenebuntur
436 827 540 891 nsque
562 807 602 873 ad
626 825 742 890 aquam
765 807 940 874 deuoluere
963 825 1002 873 ac
1020 807 1123 873 eciam
1146 825 1352 891 preparare.
1379 808 1532 875 Judicinn

219 927 327 988 temen
352 921 470 988 ibidem
500 926 533 986 et
555 921 705 987 thelonea
727 922 850 986 tamin
874 920 1007 986 flumine
1030 939 1127 1002 quom
1158 921 1196 987 in
1221 921 1301 990 foro
1327 942 1408 990 cnm
1428 922 1531 989 ceten's

220 1034 382 1102 uniuersis
405 1035 551 1117 ipsorum
580 1035 792 1116 pertinenciis
816 1034 910 1101 nobis
933 1040 967 1100 et
988 1035 1109 1101 nostris
1141 1037 1411 1103 successoribus
1441 1054 1530 1102 reser-

221 1167 353 1228 uamus3
377 1147 526 1214 subsides
549 1153 656 1222 tamen
680 1148 721 1213 de
744 1149 821 1215 viiia
843 1148 1046 1216 Prziedczicz
1070 1148 1224 1231 predicta
1248 1150 1386 1216 nudum
1413 1167 1528 1216 censum

222 1280 280 1346 per
302 1265 443 1344 quatuor
465 1281 597 1344 grossos
621 1263 754 1328 diuisim
776 1263 870 1328 annis
893 1262 1031 1344 singulis
1055 1262 1187 1327 soluent
1214 1268 1251 1328 et
1274 1265 1394 1330 nullas
1414 1263 1528 1329 robotas

220 1381 277 1441 ant
299 1393 398 1441 onera
420 1375 549 1457 explere
572 1375 706 1441 ulterius
730 1375 939 1442 tenebuntur.
978 1375 1102 1455 Quibus
1126 1375 1290 1442 censibus
1321 1385 1358 1443 et
1381 1377 1527 1450 oneribus,

222 1489 307 1555 sicut
340 1486 511 1570 prefertur,
543 1490 638 1554 annis
673 1488 812 1571 singulis
843 1490 990 1571 expletis,
1022 1489 1245 1570 prenominati
1275 1491 1391 1557 incole
1422 1488 1524 1573 prefati

222 1601 326 1668 nostri
342 1601 431 1683 opidi
447 1606 480 1666 et
496 1603 582 1682 viiie,
598 1602 734 1667 heredes
751 1607 783 1666 ot
799 1591 1002 1668 successores
1018 1600 1218 1683 eorumdem,
1243 1604 1349 1670 nobis
1365 1611 1401 1671 et
1415 1620 1526 1670 succes

222 1715 349 1782 sonibus
361 1716 482 1782 nostris
495 1715 536 1780 ad
548 1716 655 1782 nullas
667 1717 748 1782 alias
765 1717 954 1782 exacciones
967 1734 1024 1781 sen
1040 1733 1138 1781 onera
1154 1718 1307 1799 amplius
1324 1719 1525 1789 tenebrosum

222 1829 340 1897 ceteris
361 1835 469 1895 tamen
492 1831 612 1896 nostris
636 1835 668 1896 et
684 1830 975 1896 subcamerariatns
998 1830 1310 1913 archiepiscopatus
1335 1833 1442 1899 nostri
1463 1832 1526 1897 Pm-

223 1943 333 2026 gensis
363 1943 500 2024 iuribus,
534 1950 643 2026 preter
675 1945 825 2028 superins
860 1949 1047 2010 enumerata
1078 1944 1152 2008 iure
1188 1952 1226 2010 et
1260 1965 1380 2026 onera,
1415 1962 1526 2028 semper

224 2058 335 2124 saluis.
373 2057 417 2123 Et
438 2063 475 2124 ut
497 2058 613 2142 prefati
638 2060 745 2126 incole
768 2077 907 2142 pernes
930 2077 967 2124 se
991 2058 1136 2125 senciant
1165 2057 1310 2125 uberius
1344 2061 1525 2134 concoctos,

226 2170 318 2253 ipsis,
340 2170 515 2239 heredibus
539 2190 577 2239 ac
600 2172 842 2239 successoribus
865 2173 1009 2255 ipsorum
1028 2173 1111 2237 hanc
1125 2172 1278 2254 graciam
1301 2173 1446 2241 facimus
1466 2189 1526 2254 spc-

226 2285 350 2368 ciaiem,
386 2286 469 2368 quod
508 2287 572 2369 ipsi
608 2287 642 2352 in
677 2287 783 2354 causis
819 2286 1003 2353 iudiciariis
1032 2285 1180 2351 adinstar
1212 2286 1362 2354 Maioris
1395 2284 1525 2354 ciuiuus

225 2399 398 2482 Pragensis
431 2400 696 2468 consuetudinem
732 2400 906 2468 obseruare
934 2398 1097 2465 debebunt
1124 2400 1300 2481 perpetuis
1333 2398 1524 2485 temporibus

224 2512 407 2596 othehem,
431 2513 520 2580 etad
536 2515 715 2597 predictam
737 2515 904 2582 ciuitatem
926 2513 1120 2595 pragensem
1143 2530 1247 2594 snper
1269 2512 1390 2582 dubiis
1411 2523 1445 2581 et
1465 2530 1525 2579 seu·

225 2627 345 2695 senciis
375 2627 576 2695 diffiniendis
598 2646 765 2697 recursum
795 2627 915 2694 babere
947 2631 980 2693 et
1002 2625 1175 2709 appellare,
1208 2629 1378 2709 quociens
1400 2628 1524 2713 ipsiset

226 2741 360 2810 cuilibet
388 2748 557 2827 grauatum
581 2760 618 2808 se
640 2743 804 2808 estimanti
829 2741 990 2808 videbitur
1012 2744 1242 2822 opportunum.
1278 2741 1318 2808 Si
1341 2749 1453 2809 autem
1473 2746 1523 2806 etc

224 2856 349 2943 [Konec
370 2859 437 2922 teto
459 2857 572 2941 iistiny
595 2855 740 2921 souhlasi
763 2855 875 2921 slovnd
897 2874 913 2920 s
936 2859 1054 2919 testem
1077 2836 1372 2938 piedcbazejiclbo
1388 2856 1464 2922 lictu
1479 2853 1524 2917 dr·

225 2971 309 3036 nebo
330 2971 435 3036 mestu
458 2970 663 3037 Pelhiimovu
685 2989 728 3037 na
750 2974 805 3035 str.
833 2969 942 3048 10421.
965 3004 1009 3014 -
1024 2967 1144 3032 Datum
1167 2965 1278 3049 Prage
1300 2986 1394 3036 anno
1415 2965 1523 3034 domini

224 3084 397 3151 millesimo
419 3084 738 3167 quadringentesimo
761 3087 863 3163 scuto,
887 3082 942 3147 die
964 3079 1105 3147 secunda
1127 3080 1255 3146 mensis
1279 3081 1448 3149 Octobris.

330 3274 403 3342 Orig.
422 3290 498 3343 perg.
517 3292 532 3327 ι
550 3273 663 3328 archien
680 3272 894 3342 arcibisknpstvi
911 3269 1070 3325 Proiskdho
1087 3268 1155 3323 fasc
1169 3268 1245 3323 vus
1260 3270 1394 3326 —Pecet
1412 3275 1521 3325 ntrim

224 3370 374 3440 PiipoJent
392 3369 410 3423 Ιι
429 3370 496 3424 iistu
514 3368 634 3424 doloika
651 3367 774 3439 kapitoly
792 3368 914 3422 Praskd
932 3367 940 3419 i
959 3373 990 3421 tn
1014 3365 1110 3421 slovnb
1134 3365 1193 3432 tuh,
1216 3366 1291 3434 jairo
1319 3384 1360 3422 na
1385 3368 1450 3423 lietu
1471 3363 1520 3420 Pe

225 3466 421 3532 biimovskdm,
440 3483 470 3522 se
482 3467 588 3520 ncltza'.

777 3747 808 3812 K
831 3747 888 3813 cis.
910 3746 983 3813 806.

627 3939 730 4018 1406,
754 3942 775 4008 2
800 3936 914 4023 rijna
936 3936 969 4004 V
992 3935 1123 4003 Prace.

472 4115 572 4219 chky'
589 4133 733 4216 pocddjdc'
748 4129 886 4214 pr'cklad
903 4124 1175 4212 prosonomasia
1198 4127 1289 4192 lietu.

333 4329 464 4415 Zbyndk
487 4329 593 4394 zboii
617 4327 738 4392 milosti
762 4323 945 4391 Praiskeho
967 4319 1092 4386 kostela
1118 4319 1322 4404 arcibiskup,
1346 4316 1515 4404 apobtolsie

230 4448 344 4514 stolice
373 4445 472 4527 posci.
496 4481 537 4489 -
563 4440 692 4508 Osobnd
722 4438 802 4520 pied
832 4437 920 4502 narni
948 4433 1117 4518 postaveni
1143 4433 1262 4516 jsouce
1297 4441 1427 4517 opstrm
1454 4430 1515 4511 oby·

230 4563 336 4628 vatele
357 4562 462 4626 mesta
483 4554 605 4622 nabebo
628 4556 679 4621 trb
703 4551 854 4636 mejicibo
877 4552 988 4634 Tema,
1018 4546 1257 4632 Becbynskebo
1280 4548 1384 4632 iurnje,
1410 4545 1514 4612 sobcu

230 4683 319 4744 stran
351 4673 432 4758 ieky
461 4668 604 4756 [Vltavy]
638 4670 649 4735 i
680 4667 729 4735 vsi
759 4665 831 4732 nabi
861 4664 983 4746 Pisdic,
1016 4662 1164 4729 ktsrtbto
1195 4680 1254 4729 res
1277 4661 1512 4746 piedieieotnu
