3150 5378
680 477 756 527 reos.
1278 476 1362 541 1023

51 687 227 755 districtus
262 689 436 751 stratarum
469 683 672 767 publicarum
700 682 849 766 publicos
881 687 914 748 et
947 683 1090 749 occultos
1126 683 1294 750 invasores
1328 688 1362 749 et

54 803 184 869 diuersi
207 800 337 883 generis
371 795 534 865 maleficos
568 798 704 879 iniistis
736 797 784 864 sic
817 801 850 863 et
872 815 960 863 nunc
982 796 1118 863 eandem
1139 797 1364 879 colliganciam

53 934 198 1000 perros
222 914 369 981 volumus
392 912 521 979 iteratis
543 907 668 978 ritibus
692 908 905 976 effectualiter
927 908 1104 976 obseruari.
1146 909 1191 977 Et
1212 909 1363 976 fidelitati

53 1036 169 1096 vestre
191 1034 303 1095 tenore
325 1024 529 1111 presencium
551 1024 703 1092 districte
725 1023 922 1106 precipimus
945 1027 979 1088 et
1000 1023 1201 1106 mandamus,
1232 1024 1362 1091 omnino

57 1144 219 1223 volentes,
242 1147 403 1224 quatenus
426 1157 483 1207 ros
507 1159 580 1207 cum
603 1138 787 1223 terrigenis,
811 1137 964 1204 videlicet
984 1137 1155 1220 militibus,
1189 1137 1361 1205 clientibus

54 1262 91 1323 et
116 1254 400 1322 communitatibus
423 1255 604 1336 ciuitatum,
637 1252 817 1335 opidorum,
852 1251 1002 1319 villarum
1035 1257 1069 1317 et
1100 1251 1254 1334 locorum,
1289 1270 1362 1319 cum

55 1369 191 1452 quibus,
224 1370 309 1436 sicut
338 1368 546 1452 premittitur,
587 1367 622 1433 in
655 1365 801 1450 predicto
835 1366 1001 1433 territorio
1037 1365 1129 1448 prius
1162 1364 1362 1433 confederati

55 1482 182 1563 inistis,
205 1483 245 1549 de
268 1501 352 1549 nouo
375 1480 583 1549 couiederare
605 1485 639 1546 et
660 1479 753 1547 unire
767 1484 801 1546 et
816 1479 1023 1546 inuaaoribus
1046 1486 1079 1545 et
1100 1478 1361 1546 deuastatoribus

57 1594 208 1663 eiusdem
241 1595 399 1662 territorii
429 1594 580 1662 Sacenais
610 1593 856 1676 quibuscunque
891 1593 1055 1673 resistere,
1090 1593 1179 1676 ipsos
1201 1592 1365 1660 distruere

57 1715 93 1777 et
116 1729 176 1792 pro
198 1726 309 1776 eorum
332 1707 516 1776 enormibus
539 1707 737 1788 excessibus,
761 1712 857 1789 prout
879 1706 1025 1774 criminis
1040 1707 1182 1789 qualitas
1207 1708 1363 1789 exposcit,

58 1823 181 1906 punire
202 1829 235 1888 et
258 1823 419 1904 corrigere
441 1821 587 1889 debeatis
609 1822 723 1900 tocies,
747 1821 879 1904 quocies
903 1825 1119 1903 opportunum
1140 1819 1250 1902 inerit,
1278 1821 1365 1888 sicut

60 1936 95 2003 id
121 1938 229 2019 ipsum
252 1936 285 2002 in
308 1936 383 2002 aliis
407 1936 512 2002 literis
533 1937 655 2003 nostris
686 1935 779 2003 robis
815 1953 873 2018 per
894 1946 954 2001 nos
985 1933 1126 2016 desuper
1158 1935 1361 2003 transmissis

59 2050 192 2134 plenius
215 2054 265 2115 est
288 2067 486 2132 expressum
530 2048 695 2131 Expresse
723 2048 827 2116 eciam
850 2048 1008 2129 volumus,
1030 2048 1117 2132 quod
1138 2047 1179 2114 ab
1201 2048 1363 2116 uniuersis

59 2169 94 2228 et
117 2162 257 2244 singulis
280 2163 447 2244 militibus,
477 2163 649 2230 clientibus
683 2181 742 2230 seu
775 2163 850 2230 aliis
884 2161 1156 2230 inhabitatoribus
1192 2168 1226 2229 et
1246 2162 1363 2230 incolis

59 2276 94 2342 in
118 2274 258 2343 confinio
295 2283 401 2343 restro
434 2276 653 2344 residentibus
689 2276 839 2360 diligenti
874 2277 1032 2344 scrutinio
1062 2276 1212 2360 indagari
1243 2277 1362 2361 velitis,

10 2388 13 2395 '
60 2395 173 2455 utrum
206 2388 248 2454 ad
270 2389 461 2471 premissam
491 2390 641 2456 vnionem
676 2394 708 2457 et
743 2391 967 2474 colliganciam
989 2409 1085 2457 suum
1106 2389 1241 2473 prebere
1263 2390 1366 2458 velint

61 2521 257 2571 consensum
281 2507 315 2568 et
336 2521 514 2569 assensum
559 2504 603 2570 Et
625 2506 660 2571 in
682 2522 804 2585 casum
827 2505 857 2571 si
880 2505 1042 2589 quispiam
1065 2522 1105 2571 ex
1127 2504 1210 2587 ipsis
1232 2506 1267 2571 in
1290 2523 1362 2588 pre·

59 2617 175 2684 miscis
197 2617 354 2682 remissus
376 2622 549 2700 conpertus
572 2617 671 2683 inerit
693 2623 728 2684 et
747 2618 789 2683 cd
805 2617 984 2701 predictam
1007 2618 1157 2685 vnionem
1182 2620 1365 2685 consentire

59 2749 127 2796 non
153 2727 260 2807 vellet,
291 2728 377 2794 hunc
409 2748 468 2812 per
490 2748 547 2796 vos
578 2730 708 2813 proprio
741 2750 799 2797 suo
822 2732 952 2796 nomine
974 2731 1068 2798 nobis
1091 2732 1239 2799 volumus
1262 2751 1363 2814 quan·

55 2843 170 2911 tocius
194 2842 348 2908 intimari.
372 2843 492 2909 Datum
514 2843 657 2910 Mendici
680 2844 733 2910 die
747 2843 792 2909 IV
815 2843 1018 2926 Nouembris,
1041 2863 1214 2927 regnorum
1236 2852 1361 2912 nostro·

53 2976 136 3025 rum
160 2974 246 3022 anno
269 2956 403 3023 Bocmie
424 2953 553 3038 nunu,
576 2957 793 3024 Romanorum
817 2977 892 3024 vero
915 2955 1028 3024 xxx0.

170 3144 241 3215 Kop.
261 3160 277 3198 r
295 3145 442 3216 registrum
460 3145 598 3216 privilegii
615 3146 728 3202 archiva
746 3165 780 3201 m.
800 3147 916 3203 Kadand
932 3147 972 3202 Νο
988 3153 1019 3202 tl
1040 3165 1075 3203 aa
1091 3148 1235 3218 nupiaem:
1261 3149 1364 3220 „Super

47 3243 161 3301 eadem
181 3242 343 3311 colligancia
354 3258 403 3298 eeu
415 3242 669 3299 confederacione“.
686 3274 720 3284 -
739 3243 921 3314 Schlesingcr,
939 3243 1165 3300 Urlrnndenbuch
1184 3244 1280 3300 derSt.
1292 3246 1362 3300 Saue

46 3352 105 3398 atr.
131 3342 192 3392 130.
220 3368 253 3378 -
283 3337 558 3410 VSebleeingerorb,
585 3339 725 3396 Stadbnch
752 3356 805 3396 ven
829 3341 905 3396 Brdx
932 3340 971 3396 Nl
989 3346 1039 3395 tut
1066 3340 1160 3396 listina
1187 3348 1216 3396 ta
1244 3341 1360 3411 emylem

50 3440 73 3495 k
97 3455 124 3492 r.
148 3440 217 3489 1418
238 3435 379 3504 poloienr.

649 3649 714 3731 do.
739 3664 812 3729 rou

381 3853 480 3935 11115,
504 3851 549 3923 14
572 3853 774 3940 listopudu.
799 3851 855 3920 Nu
877 3836 1052 3922 Zcbraicc.

38 4049 150 4124 Kra'l
184 4045 296 4112 l'dcluc
320 4045 374 4110 IV
399 4045 540 4130 ropiucje
572 4043 663 4109 Jorm
694 4064 729 4110 sc
758 4027 950 4113 &comoeda
984 4046 1071 4110 1000
1100 4046 1159 4131 top
1192 4069 1237 4113 rto
1270 4051 1367 4113 criste

37 4162 195 4238 Stis‘bru
224 4182 245 4224 a
277 4182 320 4225 rra
341 4157 511 4227 klditer'icb
543 4155 788 4239 diotecensi-em,
820 4157 1012 4236 liilcvske'm,
1045 4158 1308 4242 lbstoloprtskc'oo
1339 4184 1361 4227 o

594 4271 834 4356 Ncpomuckc'on.

171 4463 225 4518 Ille
245 4464 379 4535 rnkopisu
398 4446 525 4518 l'leslrdbo
544 4479 641 4518 mneea
657 4462 757 4528 Pelsel
777 4462 810 4516 Κ.
831 4463 1011 4518 Wenceslaus
1030 4463 1055 4516 ll
1074 4470 1122 4518 str.
1136 4469 1200 4517 11111.
