3150 5378
659 439 734 492 mre.
1321 440 1361 511 71

62 647 146 714 bnei
168 665 270 730 super
292 646 483 729 profundius
506 647 632 714 nouem
652 653 686 715 et
706 647 866 732 quidquid
883 647 970 712 lueri
993 646 1078 712 ferro
1092 645 1247 712 mediocri
1270 648 1357 715 subi-

60 765 110 825 tus
133 780 171 827 se
192 760 313 826 habere
328 761 479 844 potuerit,
495 761 536 826 ad
552 779 631 827 usus
647 779 723 827 suos
739 758 832 826 cedet
845 759 968 842 ubsque
982 759 1070 826 omui
1082 758 1356 844 iupedimentofil)

61 873 138 958 [17].
167 873 208 941 Si
229 880 338 941 eutem
359 874 538 959 burgenses
568 874 780 958 postmodum,
809 874 860 940 vel
884 873 1079 957 quicumque
1114 873 1167 954 sit
1190 874 1360 941 mellonem

61 1007 153 1054 smum
174 989 397 1055 necessarium
418 989 577 1070 habuerit,
600 994 749 1072 quartam
770 993 895 1071 partem
917 987 1068 1071 expensis
1090 986 1159 1052 auis
1182 985 1360 1053 elaborabit

62 1106 91 1165 et
120 1098 335 1184 obunebitfl)
373 1100 450 1186 [18].
484 1101 677 1184 Ubicunque
706 1120 798 1168 mons
832 1101 951 1185 aliquis
981 1118 1131 1168 mensum
1153 1099 1358 1167 adiudicatus

63 1213 168 1295 luerit,
193 1215 382 1297 inpediente
400 1233 553 1281 merismu
582 1215 718 1281 ulterius
746 1214 876 1294 mentia,
909 1212 1063 1283 uidelicet
1095 1213 1187 1279 laneo
1219 1211 1357 1296 burgen·

63 1328 152 1408 sium,
175 1328 225 1394 itu
247 1327 335 1410 quor
355 1333 423 1395 tres
444 1328 556 1395 laneos
578 1334 612 1395 et
631 1328 803 1394 dimidium
815 1327 860 1392 ad
874 1327 982 1393 miuus
997 1326 1144 1409 optinere
1162 1346 1229 1394 neu
1244 1328 1357 1410 possit,

60 1441 206 1523 predicta
234 1460 387 1508 mensure
416 1442 491 1508 nori
512 1443 632 1508 mentis
654 1441 689 1507 iu
710 1442 806 1508 metis
828 1441 914 1506 lanei
936 1440 1146 1523 burgensium
1167 1445 1274 1507 sumet
1295 1441 1358 1507 ini·

62 1554 141 1621 cium
172 1559 209 1621 et
238 1554 287 1622 sic
316 1573 501 1625 mensurum
522 1554 664 1621 debitam
687 1553 846 1643 optinebit
866 1552 928 1620 VII
953 1554 1129 1637 leucorum,
1151 1559 1265 1641 postea
1286 1554 1357 1638 regi

62 1668 147 1751 lues,
183 1669 317 1737 domine
348 1668 503 1737 Heinrioo
537 1689 610 1737 cum
638 1668 793 1739 mnibus
827 1668 896 1735 auus
930 1667 1103 1739 antedictis
1125 1667 1217 1750 duos,
1235 1667 1355 1753 juretis

60 1783 136 1850 lues
158 1780 449 1867 meramnum
469 1781 552 1868 [79].
576 1782 611 1850 si
633 1787 741 1851 autem
768 1782 855 1850 inter
884 1782 965 1850 duos
991 1786 1120 1849 montes
1153 1786 1355 1849 mensuratus

60 1915 159 1962 nouus
181 1915 277 1964 meos
299 1914 449 1963 mensuro
471 1895 676 1962 adiumentus
698 1895 798 1962 fuerit
814 1900 852 1961 et
868 1894 1016 1962 debitum
1037 1912 1222 1963 mensuram
1235 1894 1355 1962 lubere

61 2010 208 2091 potuerit
243 2010 370 2076 scilicet
405 2010 548 2078 omnium
580 2008 755 2090 laneorum,
788 2014 1001 2076 mensuretur.
1045 2008 1080 2075 si
1102 2013 1212 2075 sutem
1241 2008 1355 2075 babila

61 2142 206 2190 mensura
229 2122 354 2207 aliquid
376 2122 582 2206 superfuerit,
605 2122 730 2191 scilicet
751 2122 867 2218 minus*
882 2121 1006 2188 duobus
1029 2122 1142 2205 laneis,
1165 2122 1252 2205 quor
1273 2122 1354 2189 dici·

62 2241 108 2301 tur
127 2236 296 2319 mersbur,
319 2237 361 2302 ed
375 2255 453 2304 usus
468 2236 562 2304 cedat
575 2233 808 2320 iuratorumrt)
824 2235 859 2303 si
875 2255 951 2303 vero
974 2235 1038 2305 duo
1053 2235 1139 2302 luuei
1159 2240 1218 2306 ,aut
1231 2237 1352 2320 plures,

45 2348 252 2433 ‚intentores
277 2350 339 2432 qui
369 2350 403 2416 in
434 2351 481 2417 ais
512 2348 671 2432 laborant,
692 2348 795 2416 libere
815 2349 988 2433 posideum
1008 2368 1161 2422 mensura
1180 2349 1273 2435 prius
1295 2349 1353 2417 ha·

62 2458 129 2528 bitu
153 2459 235 2548 [80].
257 2462 293 2529 si
317 2464 390 2546 quis
412 2483 471 2548 per
492 2483 683 2532 consensum
700 2463 823 2547 Judicis
853 2468 886 2530 et
914 2464 1014 2546 illius,
1045 2464 1101 2547 qui
1131 2469 1256 2535 mentes
1278 2483 1351 2547 por·

64 2573 139 2656 tigit
169 2575 342 2643 stollouem
373 2578 569 2662 iniciuuerit‚
599 2583 633 2645 et
661 2579 743 2644 alter
772 2578 1005 2661 superueniens
1034 2583 1110 2643 cute
1131 2578 1239 2660 ipsum
1260 2582 1351 2645 extre

65 2685 195 2755 debitam
227 2708 422 2773 mensurum,
452 2693 576 2758 scilicet
607 2693 705 2758 trium
736 2691 905 2758 laneorum
938 2695 971 2756 et
1000 2690 1138 2772 dimidii,
1170 2691 1351 2774 peculium

65 2802 224 2869 solonem
254 2804 305 2869 uel
335 2824 393 2886 per
425 2824 658 2890 quamcumque
690 2805 819 2873 foueam
851 2805 940 2888 prior
971 2805 1137 2870 metallum
1170 2804 1348 2871 inuenerit:

65 2912 138 2981 lutis
159 2915 302 2983 testibus
325 2924 359 2984 et
380 2919 581 3001 examinetis,
604 2917 860 2986 mensuromVII
882 2918 1048 2989 laneorum
1068 2916 1158 3000 prior
1181 2917 1347 3000 optinebit.

64 3021 129 3114 [81].
152 3031 348 3112 Quicunque
369 3032 574 3099 inuentomm
596 3034 673 3099 uolui
691 3032 811 3099 montis
833 3031 998 3101 metallum
1021 3034 1054 3098 et
1074 3034 1217 3097 meatum
1239 3030 1348 3099 debito

62 3143 144 3209 modo
166 3143 272 3209 iudici
294 3144 417 3225 primus
447 3148 693 3228 presenuuerit,
723 3165 815 3213 nemo
844 3151 920 3212 unte
942 3146 1050 3227 ipsum
1072 3145 1123 3210 uel
1146 3149 1220 3226 post
1240 3144 1348 3226 ipsum

63 3253 219 3339 iuspaoio
236 3258 332 3323 vuius
348 3258 432 3324 lanei
447 3258 594 3325 luborure
615 3265 788 3342 presumat
813 3260 875 3340 Qui
898 3264 1006 3325 eutem
1029 3264 1140 3324 contra
1162 3256 1346 3324 huiusmodi

63 3372 208 3436 statutum
245 3370 328 3435 infra
363 3372 540 3454 predictam
573 3392 754 3439 mensuram
785 3372 930 3439 laborare
964 3371 1206 3455 presumpserit,
1241 3371 1345 3437 omnis

63 3481 131 3549 lucri
154 3485 245 3550 illius
267 3484 361 3551 leuce
384 3504 497 3567 expers
520 3486 728 3568 permanebit,
755 3487 878 3568 primus
901 3490 1009 3551 eutem
1035 3504 1160 3551 omnem
1181 3484 1345 3551 iusticiam

65 3594 264 3679 optinebit⁵⁸l
289 3596 390 3663 smus
412 3600 460 3664 rei
491 3603 590 3664 testes
622 3605 713 3664 suut:
738 3599 851 3665 Gallus
874 3599 914 3665 de
936 3599 1118 3681 Lipoliticz,
1141 3599 1282 3664 Buzluus
1305 3598 1345 3664 de

65 3705 225 3791 Zobiduch‚
249 3708 398 3777 Jursicus
421 3711 461 3777 de
483 3711 634 3791 lonicus,
658 3712 773 3778 Petrus
796 3713 836 3777 de
851 3711 932 3795 Ray,
948 3711 1135 3777 Wintherus
1150 3711 1191 3776 de
1206 3711 1344 3793 Mahleo,

66 3817 227 3889 Bodizlnus
262 3824 302 3890 de
340 3823 618 3908 Crumatshingeu,
656 3825 787 3890 Beneda
824 3825 864 3890 de
900 3825 1127 3907 Mamertion,
1160 3825 1271 3890 Beoek
1304 3825 1344 3890 de

67 3931 194 4017 blussin,
232 3935 416 4003 Nstshuwoi
454 3938 494 4003 de
527 3937 678 4020 Tupadel.
710 3939 793 4005 Actu
825 3957 900 4004 vero
934 3945 1010 4005 suot
1042 3939 1100 4005 hec
1130 3956 1214 4005 enno
1237 3938 1344 4021 grume

67 4043 375 4134 praemunis
399 4048 459 4116 VI⁰
479 4051 552 4116 idus
574 4049 674 4116 Junii.

154 4229 225 4301 Orig.
243 4247 318 4302 perp.
338 4231 478 4287 varchiru
496 4249 531 4285 m.
552 4230 726 4288 Nemeclreho
747 4231 849 4288 Brodu
884 4233 902 4287 S
920 4233 1017 4289 dvbma
1034 4233 1126 4303 pbknb
1144 4231 1341 4304 zeebouanymi

65 4322 176 4394 telkimi,
202 4327 337 4398 kulatymi
364 4327 481 4397 pebetmi
506 4331 581 4399 pinu
598 4329 841 4384 zLichtemburlra
858 4329 976 4385 zellehe
1001 4330 1090 4385 uoslru
1108 4345 1145 4384 ua
1162 4328 1342 4400 hedvrtbnyeh

66 4421 138 4474 milch
154 4422 304 4494 berrenych
323 4439 339 4476 a
357 4421 499 4493 fielovycln
524 4422 567 4478 Na
582 4424 667 4492 jednt
690 4425 778 4480 menil
796 4425 884 4496 pecori
899 4426 929 4494 je
948 4426 1105 4496 nokloneny
1124 4426 1173 4481 itit
1190 4442 1221 4481 se
1239 4426 1342 4481 sfflie

66 4516 136 4581 niun
152 4526 295 4586 ostrveme,
319 4519 428 4587 vjehon
447 4520 518 4575 robu
536 4520 633 4590 plilba,
651 4520 705 4575 uod
724 4524 754 4576 ni
770 4522 838 4592 rybu
856 4539 873 4578 e
891 4524 970 4576 vetuo
993 4522 1046 4576 neb
1068 4522 1174 4593 parohy
1192 4521 1341 4592 sjeduoho

68 4606 151 4666 hiem
167 4632 197 4670 sc
213 4616 295 4671 &etue
315 4618 493 4686 rozvetvujlcl
516 4633 534 4672 s
557 4616 647 4671 kolam
670 4617 799 4686 legenda:
820 4623 852 4685 ,τ
861 4618 887 4672 8.
899 4648 904 4660 ·
915 4617 1339 4674 HENRIcInmnvcffl'm-
