<?xml version="1.0" encoding="UTF-8"?>
<!DOCTYPE html PUBLIC "-//W3C//DTD XHTML 1.0 Transitional//EN"
    "http://www.w3.org/TR/xhtml1/DTD/xhtml1-transitional.dtd">
<html xmlns="http://www.w3.org/1999/xhtml" xml:lang="en" lang="en">
 <head>
  <title>
</title>
<meta http-equiv="Content-Type" content="text/html;charset=utf-8" />
  <meta name='ocr-system' content='tesseract 3.04.00' />
  <meta name='ocr-capabilities' content='ocr_page ocr_carea ocr_par ocr_line ocrx_word'/>
</head>
<body>
  <div class='ocr_page' id='page_1' title='image "./sbrkapramenprva01kingoog/sbrkapramenprva01kingoog_1031.png"; bbox 0 0 3098 5392; ppageno 0'>
   <div class='ocr_carea' id='block_1_1' title="bbox 219 332 913 454">
    <p class='ocr_par' dir='ltr' id='par_1_1' title="bbox 219 332 913 454">
     <span class='ocr_line' id='line_1_1' title="bbox 219 332 913 454; baseline -0.003 -18"><span class='ocrx_word' id='word_1_1' title='bbox 219 388 284 454; x_wconf 75' lang='lat'>986</span> <span class='ocrx_word' id='word_1_2' title='bbox 569 332 574 340; x_wconf 30' lang='grc' dir='ltr'>Ι</span> <span class='ocrx_word' id='word_1_3' title='bbox 836 387 913 437; x_wconf 76' lang='lat' dir='ltr'>asos.</span> 
     </span>
    </p>
   </div>
   <div class='ocr_carea' id='block_1_2' title="bbox 217 590 1523 745">
    <p class='ocr_par' dir='ltr' id='par_1_2' title="bbox 217 590 1523 745">
     <span class='ocr_line' id='line_1_2' title="bbox 217 590 1523 662; baseline 0.001 -14"><span class='ocrx_word' id='word_1_4' title='bbox 217 593 399 657; x_wconf 78' lang='lat' dir='ltr'>contribuere</span> <span class='ocrx_word' id='word_1_5' title='bbox 419 591 520 648; x_wconf 90' lang='lat' dir='ltr'>debeat</span> <span class='ocrx_word' id='word_1_6' title='bbox 546 592 622 647; x_wconf 82' lang='lat' dir='ltr'>reiut</span> <span class='ocrx_word' id='word_1_7' title='bbox 647 591 752 648; x_wconf 86' lang='lat' dir='ltr'>Luna“.</span> <span class='ocrx_word' id='word_1_8' title='bbox 779 621 812 633; x_wconf 94' lang='lat'>-</span> <span class='ocrx_word' id='word_1_9' title='bbox 839 591 1029 662; x_wconf 86' lang='lat' dir='ltr'>Schleainger,</span> <span class='ocrx_word' id='word_1_10' title='bbox 1051 590 1282 647; x_wconf 88' lang='lat' dir='ltr'>Urlrnndenbnch</span> <span class='ocrx_word' id='word_1_11' title='bbox 1311 592 1365 647; x_wconf 89' lang='lat' dir='ltr'>der</span> <span class='ocrx_word' id='word_1_12' title='bbox 1393 593 1434 649; x_wconf 75' lang='lat' dir='ltr'>St</span> <span class='ocrx_word' id='word_1_13' title='bbox 1460 592 1523 648; x_wconf 74' lang='lat' dir='ltr'>sm</span> 
     </span>
     <span class='ocr_line' id='line_1_3' title="bbox 217 687 318 745; baseline -0.02 -2"><span class='ocrx_word' id='word_1_14' title='bbox 217 687 241 745; x_wconf 69' lang='grc' dir='ltr'>ὖ.</span> <span class='ocrx_word' id='word_1_15' title='bbox 260 695 318 742; x_wconf 75' lang='grc'><strong>276.</strong></span> 
     </span>
    </p>
   </div>
   <div class='ocr_carea' id='block_1_3' title="bbox 604 921 1128 1207">
    <p class='ocr_par' dir='ltr' id='par_1_3' title="bbox 604 921 1128 1207">
     <span class='ocr_line' id='line_1_4' title="bbox 765 921 970 1003; baseline -0.015 0"><span class='ocrx_word' id='word_1_16' title='bbox 765 921 871 1003; x_wconf 75' lang='lat' dir='ltr'>*Cis</span> <span class='ocrx_word' id='word_1_17' title='bbox 898 935 970 1003; x_wconf 79' lang='grc'><strong>764.</strong></span> 
     </span>
     <span class='ocr_line' id='line_1_5' title="bbox 604 1106 1128 1207; baseline 0.002 -15"><span class='ocrx_word' id='word_1_18' title='bbox 604 1126 704 1207; x_wconf 82' lang='lat'>1404,</span> <span class='ocrx_word' id='word_1_19' title='bbox 728 1127 772 1196; x_wconf 79' lang='lat'>29</span> <span class='ocrx_word' id='word_1_20' title='bbox 795 1127 931 1196; x_wconf 86' lang='lat' dir='ltr'>dubna.</span> <span class='ocrx_word' id='word_1_21' title='bbox 955 1126 988 1195; x_wconf 86' lang='lat' dir='ltr'>V</span> <span class='ocrx_word' id='word_1_22' title='bbox 1011 1106 1128 1195; x_wconf 69' lang='lat' dir='ltr'>Zatci.</span> 
     </span>
    </p>
   </div>
   <div class='ocr_carea' id='block_1_4' title="bbox 213 1316 1521 1860">
    <p class='ocr_par' dir='ltr' id='par_1_4' title="bbox 216 1316 1521 1402">
     <span class='ocr_line' id='line_1_6' title="bbox 216 1316 1521 1402; baseline 0.002 -20"><span class='ocrx_word' id='word_1_23' title='bbox 216 1319 299 1386; x_wconf 76' lang='lat' dir='ltr'>Krdl</span> <span class='ocrx_word' id='word_1_24' title='bbox 327 1319 441 1386; x_wconf 80' lang='lat' dir='ltr'>Vdeiao</span> <span class='ocrx_word' id='word_1_25' title='bbox 463 1321 486 1384; x_wconf 90' lang='lat' dir='ltr'><em>I</em></span> <span class='ocrx_word' id='word_1_26' title='bbox 489 1318 519 1382; x_wconf 90' lang='lat' dir='ltr'><em>V</em></span> <span class='ocrx_word' id='word_1_27' title='bbox 528 1319 673 1402; x_wconf 77' lang='lat' dir='ltr'>poooluje</span> <span class='ocrx_word' id='word_1_28' title='bbox 693 1320 786 1386; x_wconf 76' lang='lat' dir='ltr'>Janu</span> <span class='ocrx_word' id='word_1_29' title='bbox 814 1338 848 1385; x_wconf 76' lang='lat' dir='ltr'>ae</span> <span class='ocrx_word' id='word_1_30' title='bbox 868 1318 1001 1401; x_wconf 68' lang='lat' dir='ltr'>adeon,</span> <span class='ocrx_word' id='word_1_31' title='bbox 1032 1316 1197 1384; x_wconf 60' lang='lat' dir='ltr'>§belhimo</span> <span class='ocrx_word' id='word_1_32' title='bbox 1224 1317 1346 1384; x_wconf 72' lang='lat' dir='ltr'>mistero</span> <span class='ocrx_word' id='word_1_33' title='bbox 1378 1339 1400 1384; x_wconf 87' lang='lat' dir='ltr'>a</span> <span class='ocrx_word' id='word_1_34' title='bbox 1417 1318 1521 1402; x_wconf 76' lang='lat' dir='ltr'>pisor&#39;r&#39;</span> 
     </span>
    </p>

    <p class='ocr_par' dir='ltr' id='par_1_5' title="bbox 217 1417 1519 1518">
     <span class='ocr_line' id='line_1_7' title="bbox 217 1417 1519 1518; baseline -0.002 -18"><span class='ocrx_word' id='word_1_35' title='bbox 217 1438 319 1500; x_wconf 72' lang='lat' dir='ltr'>mesta</span> <span class='ocrx_word' id='word_1_36' title='bbox 342 1417 443 1512; x_wconf 63' lang='lat' dir='ltr'>Zoioe,</span> <span class='ocrx_word' id='word_1_37' title='bbox 467 1434 529 1518; x_wconf 78' lang='lat' dir='ltr'>obp</span> <span class='ocrx_word' id='word_1_38' title='bbox 550 1455 568 1499; x_wconf 84' lang='lat' dir='ltr'>o</span> <span class='ocrx_word' id='word_1_39' title='bbox 590 1435 645 1500; x_wconf 70' lang='lat' dir='ltr'>dos</span> <span class='ocrx_word' id='word_1_40' title='bbox 667 1433 860 1500; x_wconf 82' lang='lat' dir='ltr'>svobodne‘ho</span> <span class='ocrx_word' id='word_1_41' title='bbox 889 1433 965 1499; x_wconf 73' lang='lat' dir='ltr'>trba</span> <span class='ocrx_word' id='word_1_42' title='bbox 987 1430 1158 1518; x_wconf 55' lang='lat' dir='ltr'>opacantia</span> <span class='ocrx_word' id='word_1_43' title='bbox 1185 1430 1226 1498; x_wconf 85' lang='lat' dir='ltr'>od</span> <span class='ocrx_word' id='word_1_44' title='bbox 1247 1429 1395 1498; x_wconf 64' lang='lat' dir='ltr'>kobdibo</span> <span class='ocrx_word' id='word_1_45' title='bbox 1418 1432 1519 1499; x_wconf 76' lang='lat' dir='ltr'>demd-</span> 
     </span>
    </p>

    <p class='ocr_par' dir='ltr' id='par_1_6' title="bbox 216 1543 1518 1631">
     <span class='ocr_line' id='line_1_8' title="bbox 216 1543 1518 1631; baseline -0.001 -17"><span class='ocrx_word' id='word_1_46' title='bbox 216 1547 284 1614; x_wconf 74' lang='lat' dir='ltr'>ctbo</span> <span class='ocrx_word' id='word_1_47' title='bbox 306 1569 328 1614; x_wconf 86' lang='lat' dir='ltr'>o</span> <span class='ocrx_word' id='word_1_48' title='bbox 350 1547 447 1614; x_wconf 77' lang='lat' dir='ltr'>ciatho</span> <span class='ocrx_word' id='word_1_49' title='bbox 473 1547 655 1631; x_wconf 72' lang='lat' dir='ltr'>prodovode</span> <span class='ocrx_word' id='word_1_50' title='bbox 683 1569 777 1615; x_wconf 84' lang='lat' dir='ltr'>maso</span> <span class='ocrx_word' id='word_1_51' title='bbox 808 1570 853 1614; x_wconf 79' lang='lat' dir='ltr'>aa</span> <span class='ocrx_word' id='word_1_52' title='bbox 883 1549 958 1614; x_wconf 76' lang='lat' dir='ltr'>trba</span> <span class='ocrx_word' id='word_1_53' title='bbox 987 1545 1177 1613; x_wconf 78' lang='lat' dir='ltr'>roobodae&#39;m</span> <span class='ocrx_word' id='word_1_54' title='bbox 1210 1543 1299 1610; x_wconf 83' lang='lat' dir='ltr'>mobl</span> <span class='ocrx_word' id='word_1_55' title='bbox 1322 1566 1373 1628; x_wconf 80' lang='lat' dir='ltr'>po</span> <span class='ocrx_word' id='word_1_56' title='bbox 1395 1545 1518 1629; x_wconf 65' lang='lat' dir='ltr'>joanem</span> 
     </span>
    </p>

    <p class='ocr_par' dir='ltr' id='par_1_7' title="bbox 213 1656 1518 1860">
     <span class='ocr_line' id='line_1_9' title="bbox 213 1656 1518 1746; baseline -0.003 -19"><span class='ocrx_word' id='word_1_57' title='bbox 213 1662 302 1746; x_wconf 69' lang='lat' dir='ltr'>prodi</span> <span class='ocrx_word' id='word_1_58' title='bbox 322 1661 426 1740; x_wconf 68' lang='lat' dir='ltr'>bruti,</span> <span class='ocrx_word' id='word_1_59' title='bbox 448 1661 549 1727; x_wconf 75' lang='lat' dir='ltr'>aodok</span> <span class='ocrx_word' id='word_1_60' title='bbox 571 1661 611 1727; x_wconf 79' lang='lat' dir='ltr'>od</span> <span class='ocrx_word' id='word_1_61' title='bbox 633 1662 749 1730; x_wconf 75' lang='lat' dir='ltr'>misird</span> <span class='ocrx_word' id='word_1_62' title='bbox 770 1661 911 1738; x_wconf 73' lang='lat' dir='ltr'>r&#39;eantkti,</span> <span class='ocrx_word' id='word_1_63' title='bbox 933 1659 1054 1728; x_wconf 75' lang='lat' dir='ltr'>itter&#39;to</span> <span class='ocrx_word' id='word_1_64' title='bbox 1077 1657 1230 1744; x_wconf 76' lang='lat' dir='ltr'>mosny‘oh</span> <span class='ocrx_word' id='word_1_65' title='bbox 1256 1656 1412 1726; x_wconf 61' lang='lat' dir='ltr'>tremeat</span> <span class='ocrx_word' id='word_1_66' title='bbox 1433 1680 1518 1726; x_wconf 85' lang='lat' dir='ltr'>moso</span> 
     </span>
     <span class='ocr_line' id='line_1_10' title="bbox 547 1773 1186 1860; baseline 0.002 -21"><span class='ocrx_word' id='word_1_67' title='bbox 547 1775 729 1857; x_wconf 78' lang='lat' dir='ltr'>proddvoji,</span> <span class='ocrx_word' id='word_1_68' title='bbox 752 1776 815 1859; x_wconf 74' lang='lat' dir='ltr'>uby</span> <span class='ocrx_word' id='word_1_69' title='bbox 835 1774 943 1842; x_wconf 63' lang='lat' dir='ltr'>rateto</span> <span class='ocrx_word' id='word_1_70' title='bbox 964 1773 1186 1860; x_wconf 67' lang='lat' dir='ltr'>nepoiadoool.</span> 
     </span>
    </p>
   </div>
   <div class='ocr_carea' id='block_1_5' title="bbox 211 1967 1518 4660">
    <p class='ocr_par' dir='ltr' id='par_1_8' title="bbox 211 1967 1518 4660">
     <span class='ocr_line' id='line_1_11' title="bbox 318 1967 1518 2051; baseline -0.001 -19"><span class='ocrx_word' id='word_1_71' title='bbox 318 1967 528 2033; x_wconf 79' lang='lat' dir='ltr'>wenceslaus</span> <span class='ocrx_word' id='word_1_72' title='bbox 560 1969 613 2034; x_wconf 93' lang='lat' dir='ltr'>dei</span> <span class='ocrx_word' id='word_1_73' title='bbox 647 1968 758 2051; x_wconf 82' lang='lat' dir='ltr'><strong>gracia</strong></span> <span class='ocrx_word' id='word_1_74' title='bbox 789 1969 1005 2036; x_wconf 88' lang='lat' dir='ltr'>Romanorum</span> <span class='ocrx_word' id='word_1_75' title='bbox 1038 1987 1095 2034; x_wconf 88' lang='lat' dir='ltr'>rex</span> <span class='ocrx_word' id='word_1_76' title='bbox 1129 1984 1256 2049; x_wconf 90' lang='lat' dir='ltr'>semper</span> <span class='ocrx_word' id='word_1_77' title='bbox 1291 1973 1459 2050; x_wconf 88' lang='lat' dir='ltr'>augustus</span> <span class='ocrx_word' id='word_1_78' title='bbox 1489 1972 1518 2032; x_wconf 90' lang='lat' dir='ltr'>et</span> 
     </span>
     <span class='ocr_line' id='line_1_12' title="bbox 216 2080 1516 2165; baseline 0.001 -20"><span class='ocrx_word' id='word_1_79' title='bbox 216 2082 350 2147; x_wconf 86' lang='lat' dir='ltr'>Boemie</span> <span class='ocrx_word' id='word_1_80' title='bbox 371 2100 438 2147; x_wconf 88' lang='lat' dir='ltr'>rex.</span> <span class='ocrx_word' id='word_1_81' title='bbox 461 2081 583 2147; x_wconf 88' lang='lat' dir='ltr'>Notum</span> <span class='ocrx_word' id='word_1_82' title='bbox 606 2082 743 2148; x_wconf 85' lang='lat' dir='ltr'>iacimus</span> <span class='ocrx_word' id='word_1_83' title='bbox 765 2088 879 2150; x_wconf 89' lang='lat' dir='ltr'>tenore</span> <span class='ocrx_word' id='word_1_84' title='bbox 907 2082 1111 2165; x_wconf 91' lang='lat' dir='ltr'>presencium</span> <span class='ocrx_word' id='word_1_85' title='bbox 1133 2080 1308 2161; x_wconf 73' lang='lat' dir='ltr'>uniuersis,</span> <span class='ocrx_word' id='word_1_86' title='bbox 1332 2081 1424 2164; x_wconf 88' lang='lat' dir='ltr'>quod</span> <span class='ocrx_word' id='word_1_87' title='bbox 1446 2100 1516 2165; x_wconf 91' lang='lat' dir='ltr'>pen-</span> 
     </span>
     <span class='ocr_line' id='line_1_13' title="bbox 218 2192 1515 2279; baseline -0.002 -18"><span class='ocrx_word' id='word_1_88' title='bbox 218 2197 299 2261; x_wconf 80' lang='lat' dir='ltr'>satis</span> <span class='ocrx_word' id='word_1_89' title='bbox 321 2197 424 2279; x_wconf 87' lang='lat' dir='ltr'>gratis</span> <span class='ocrx_word' id='word_1_90' title='bbox 446 2195 596 2263; x_wconf 90' lang='lat' dir='ltr'>fidelibus</span> <span class='ocrx_word' id='word_1_91' title='bbox 620 2202 653 2262; x_wconf 90' lang='lat' dir='ltr'>et</span> <span class='ocrx_word' id='word_1_92' title='bbox 675 2196 850 2263; x_wconf 80' lang='lat' dir='ltr'>indefessis</span> <span class='ocrx_word' id='word_1_93' title='bbox 881 2195 1046 2277; x_wconf 80' lang='lat' dir='ltr'>obsequiis</span> <span class='ocrx_word' id='word_1_94' title='bbox 1073 2195 1166 2261; x_wconf 91' lang='lat' dir='ltr'>nobis</span> <span class='ocrx_word' id='word_1_95' title='bbox 1188 2212 1246 2276; x_wconf 92' lang='lat' dir='ltr'>per</span> <span class='ocrx_word' id='word_1_96' title='bbox 1268 2192 1459 2262; x_wconf 87' lang='lat' dir='ltr'>Johannem</span> <span class='ocrx_word' id='word_1_97' title='bbox 1479 2195 1515 2258; x_wconf 89' lang='lat' dir='ltr'>dc</span> 
     </span>
     <span class='ocr_line' id='line_1_14' title="bbox 213 2307 1516 2393; baseline -0.002 -17"><span class='ocrx_word' id='word_1_98' title='bbox 213 2309 338 2393; x_wconf 86' lang='lat' dir='ltr'>Sytbor,</span> <span class='ocrx_word' id='word_1_99' title='bbox 367 2315 525 2376; x_wconf 89' lang='lat' dir='ltr'>rectorem</span> <span class='ocrx_word' id='word_1_100' title='bbox 550 2310 722 2376; x_wconf 90' lang='lat' dir='ltr'>scolarium</span> <span class='ocrx_word' id='word_1_101' title='bbox 732 2308 757 2388; x_wconf 77' lang='grc'>1&gt;</span> <span class='ocrx_word' id='word_1_102' title='bbox 792 2316 826 2375; x_wconf 88' lang='lat' dir='ltr'>et</span> <span class='ocrx_word' id='word_1_103' title='bbox 858 2313 995 2392; x_wconf 88' lang='lat' dir='ltr'>protunc</span> <span class='ocrx_word' id='word_1_104' title='bbox 1030 2308 1191 2375; x_wconf 87' lang='lat' dir='ltr'>notarium</span> <span class='ocrx_word' id='word_1_105' title='bbox 1225 2307 1377 2375; x_wconf 89' lang='lat' dir='ltr'>ciuitatis</span> <span class='ocrx_word' id='word_1_106' title='bbox 1413 2315 1516 2376; x_wconf 88' lang='lat' dir='ltr'>nostre</span> 
     </span>
     <span class='ocr_line' id='line_1_15' title="bbox 212 2420 1514 2506; baseline -0.003 -18"><span class='ocrx_word' id='word_1_107' title='bbox 212 2423 387 2489; x_wconf 86' lang='lat' dir='ltr'>Zaczensis</span> <span class='ocrx_word' id='word_1_108' title='bbox 400 2421 434 2505; x_wconf 81' lang='lat'>²),</span> <span class='ocrx_word' id='word_1_109' title='bbox 467 2421 595 2489; x_wconf 89' lang='lat' dir='ltr'>fidelem</span> <span class='ocrx_word' id='word_1_110' title='bbox 618 2429 765 2490; x_wconf 89' lang='lat' dir='ltr'>nostrum</span> <span class='ocrx_word' id='word_1_111' title='bbox 787 2422 952 2505; x_wconf 90' lang='lat' dir='ltr'>dilectum,</span> <span class='ocrx_word' id='word_1_112' title='bbox 987 2422 1109 2488; x_wconf 92' lang='lat' dir='ltr'>dudum</span> <span class='ocrx_word' id='word_1_113' title='bbox 1124 2420 1280 2488; x_wconf 75' lang='lat' dir='ltr'>exhibitis</span> <span class='ocrx_word' id='word_1_114' title='bbox 1303 2427 1338 2488; x_wconf 88' lang='lat' dir='ltr'>et</span> <span class='ocrx_word' id='word_1_115' title='bbox 1362 2440 1514 2506; x_wconf 89' lang='lat' dir='ltr'>processu</span> 
     </span>
     <span class='ocr_line' id='line_1_16' title="bbox 214 2533 1513 2618; baseline 0 -18"><span class='ocrx_word' id='word_1_116' title='bbox 214 2536 371 2618; x_wconf 88' lang='lat' dir='ltr'>temporis</span> <span class='ocrx_word' id='word_1_117' title='bbox 402 2554 440 2601; x_wconf 89' lang='lat' dir='ltr'>eo</span> <span class='ocrx_word' id='word_1_118' title='bbox 465 2535 596 2618; x_wconf 87' lang='lat' dir='ltr'>quidem</span> <span class='ocrx_word' id='word_1_119' title='bbox 626 2536 782 2602; x_wconf 89' lang='lat' dir='ltr'>solercius</span> <span class='ocrx_word' id='word_1_120' title='bbox 813 2533 1003 2601; x_wconf 88' lang='lat' dir='ltr'>exhibendis</span> <span class='ocrx_word' id='word_1_121' title='bbox 1035 2534 1098 2601; x_wconf 91' lang='lat' dir='ltr'>sibi</span> <span class='ocrx_word' id='word_1_122' title='bbox 1120 2539 1154 2601; x_wconf 90' lang='lat' dir='ltr'>et</span> <span class='ocrx_word' id='word_1_123' title='bbox 1175 2533 1353 2601; x_wconf 86' lang='lat' dir='ltr'>heredibus</span> <span class='ocrx_word' id='word_1_124' title='bbox 1378 2537 1449 2603; x_wconf 91' lang='lat' dir='ltr'>suis</span> <span class='ocrx_word' id='word_1_125' title='bbox 1472 2537 1513 2601; x_wconf 91' lang='lat' dir='ltr'>le·</span> 
     </span>
     <span class='ocr_line' id='line_1_17' title="bbox 215 2647 1511 2733; baseline -0.004 -17"><span class='ocrx_word' id='word_1_126' title='bbox 215 2651 338 2733; x_wconf 89' lang='lat' dir='ltr'>gitimis</span> <span class='ocrx_word' id='word_1_127' title='bbox 366 2685 410 2697; x_wconf 93' lang='lat'><em>-</em></span> <span class='ocrx_word' id='word_1_128' title='bbox 439 2650 522 2715; x_wconf 89' lang='lat' dir='ltr'>hanc</span> <span class='ocrx_word' id='word_1_129' title='bbox 553 2650 694 2732; x_wconf 89' lang='lat' dir='ltr'>graciam</span> <span class='ocrx_word' id='word_1_130' title='bbox 724 2647 928 2715; x_wconf 87' lang='lat' dir='ltr'>—iacimus</span> <span class='ocrx_word' id='word_1_131' title='bbox 960 2649 1117 2731; x_wconf 81' lang='lat' dir='ltr'>graciose,</span> <span class='ocrx_word' id='word_1_132' title='bbox 1147 2647 1233 2732; x_wconf 85' lang='lat' dir='ltr'>quod</span> <span class='ocrx_word' id='word_1_133' title='bbox 1265 2648 1425 2716; x_wconf 82' lang='lat' dir='ltr'>videlicet</span> <span class='ocrx_word' id='word_1_134' title='bbox 1453 2648 1511 2731; x_wconf 88' lang='lat' dir='ltr'>ipsi</span> 
     </span>
     <span class='ocr_line' id='line_1_18' title="bbox 214 2760 1510 2846; baseline -0.004 -17"><span class='ocrx_word' id='word_1_135' title='bbox 214 2783 234 2829; x_wconf 91' lang='lat' dir='ltr'>a</span> <span class='ocrx_word' id='word_1_136' title='bbox 249 2761 393 2844; x_wconf 86' lang='lat' dir='ltr'>quolibet</span> <span class='ocrx_word' id='word_1_137' title='bbox 407 2760 558 2829; x_wconf 88' lang='lat' dir='ltr'>carnifice</span> <span class='ocrx_word' id='word_1_138' title='bbox 580 2762 735 2846; x_wconf 90' lang='lat' dir='ltr'>indigena</span> <span class='ocrx_word' id='word_1_139' title='bbox 757 2761 879 2829; x_wconf 78' lang='lat' dir='ltr'>sorensi</span> <span class='ocrx_word' id='word_1_140' title='bbox 899 2780 957 2829; x_wconf 93' lang='lat' dir='ltr'>seu</span> <span class='ocrx_word' id='word_1_141' title='bbox 972 2768 1124 2829; x_wconf 85' lang='lat' dir='ltr'>extraneo</span> <span class='ocrx_word' id='word_1_142' title='bbox 1140 2781 1213 2828; x_wconf 90' lang='lat' dir='ltr'>cnm</span> <span class='ocrx_word' id='word_1_143' title='bbox 1227 2761 1385 2829; x_wconf 90' lang='lat' dir='ltr'>carnibus</span> <span class='ocrx_word' id='word_1_144' title='bbox 1401 2762 1510 2829; x_wconf 90' lang='lat' dir='ltr'>diebus</span> 
     </span>
     <span class='ocr_line' id='line_1_19' title="bbox 214 2874 1509 2959; baseline -0.004 -16"><span class='ocrx_word' id='word_1_145' title='bbox 214 2878 276 2943; x_wconf 85' lang='lat' dir='ltr'>fori</span> <span class='ocrx_word' id='word_1_146' title='bbox 299 2878 333 2943; x_wconf 94' lang='lat' dir='ltr'>in</span> <span class='ocrx_word' id='word_1_147' title='bbox 348 2877 427 2944; x_wconf 85' lang='lat' dir='ltr'>Saos</span> <span class='ocrx_word' id='word_1_148' title='bbox 451 2877 484 2941; x_wconf 96' lang='lat' dir='ltr'>in</span> <span class='ocrx_word' id='word_1_149' title='bbox 507 2875 577 2942; x_wconf 84' lang='lat' dir='ltr'>foro</span> <span class='ocrx_word' id='word_1_150' title='bbox 599 2876 701 2943; x_wconf 89' lang='lat' dir='ltr'>libero</span> <span class='ocrx_word' id='word_1_151' title='bbox 724 2894 782 2959; x_wconf 90' lang='lat' dir='ltr'>per</span> <span class='ocrx_word' id='word_1_152' title='bbox 797 2894 856 2942; x_wconf 91' lang='lat' dir='ltr'>nos</span> <span class='ocrx_word' id='word_1_153' title='bbox 878 2875 1005 2959; x_wconf 85' lang='lat' dir='ltr'>pridem</span> <span class='ocrx_word' id='word_1_154' title='bbox 1027 2880 1150 2943; x_wconf 85' lang='lat' dir='ltr'>statuto</span> <span class='ocrx_word' id='word_1_155' title='bbox 1171 2874 1335 2942; x_wconf 86' lang='lat' dir='ltr'>stantibus</span> <span class='ocrx_word' id='word_1_156' title='bbox 1352 2881 1388 2941; x_wconf 83' lang='lat' dir='ltr'>et</span> <span class='ocrx_word' id='word_1_157' title='bbox 1403 2893 1509 2942; x_wconf 79' lang='lat' dir='ltr'>carnes</span> 
     </span>
     <span class='ocr_line' id='line_1_20' title="bbox 214 2989 1509 3073; baseline -0.003 -17"><span class='ocrx_word' id='word_1_158' title='bbox 214 2990 437 3071; x_wconf 70' lang='lat' dir='ltr'>vendentibus</span> <span class='ocrx_word' id='word_1_159' title='bbox 462 2990 595 3056; x_wconf 89' lang='lat' dir='ltr'>eciamsi</span> <span class='ocrx_word' id='word_1_160' title='bbox 611 2991 720 3073; x_wconf 89' lang='lat' dir='ltr'>plures</span> <span class='ocrx_word' id='word_1_161' title='bbox 737 2991 771 3056; x_wconf 94' lang='lat' dir='ltr'>in</span> <span class='ocrx_word' id='word_1_162' title='bbox 787 3009 850 3056; x_wconf 88' lang='lat' dir='ltr'>rna</span> <span class='ocrx_word' id='word_1_163' title='bbox 874 2989 951 3056; x_wconf 89' lang='lat' dir='ltr'>sede</span> <span class='ocrx_word' id='word_1_164' title='bbox 974 3007 1033 3056; x_wconf 89' lang='lat' dir='ltr'>seu</span> <span class='ocrx_word' id='word_1_165' title='bbox 1054 2989 1218 3070; x_wconf 76' lang='lat' dir='ltr'>mucosus,</span> <span class='ocrx_word' id='word_1_166' title='bbox 1242 2989 1296 3054; x_wconf 85' lang='lat' dir='ltr'>vei</span> <span class='ocrx_word' id='word_1_167' title='bbox 1313 2989 1403 3055; x_wconf 84' lang='lat' dir='ltr'>circa</span> <span class='ocrx_word' id='word_1_168' title='bbox 1418 3007 1509 3055; x_wconf 80' lang='lat' dir='ltr'>vnum</span> 
     </span>
     <span class='ocr_line' id='line_1_21' title="bbox 214 3101 1509 3186; baseline -0.005 -17"><span class='ocrx_word' id='word_1_169' title='bbox 214 3109 364 3169; x_wconf 88' lang='lat' dir='ltr'>truncum</span> <span class='ocrx_word' id='word_1_170' title='bbox 388 3103 568 3169; x_wconf 87' lang='lat' dir='ltr'>sectibilem</span> <span class='ocrx_word' id='word_1_171' title='bbox 591 3108 723 3183; x_wconf 84' lang='lat' dir='ltr'>starent,</span> <span class='ocrx_word' id='word_1_172' title='bbox 748 3123 845 3169; x_wconf 87' lang='lat' dir='ltr'>vnum</span> <span class='ocrx_word' id='word_1_173' title='bbox 867 3122 1016 3186; x_wconf 91' lang='lat' dir='ltr'>grossum</span> <span class='ocrx_word' id='word_1_174' title='bbox 1037 3107 1226 3186; x_wconf 86' lang='lat' dir='ltr'>argenteum</span> <span class='ocrx_word' id='word_1_175' title='bbox 1250 3101 1328 3168; x_wconf 92' lang='lat' dir='ltr'>boni</span> <span class='ocrx_word' id='word_1_176' title='bbox 1352 3109 1387 3168; x_wconf 89' lang='lat' dir='ltr'>et</span> <span class='ocrx_word' id='word_1_177' title='bbox 1403 3102 1509 3185; x_wconf 81' lang='lat' dir='ltr'>legalis</span> 
     </span>
     <span class='ocr_line' id='line_1_22' title="bbox 211 3213 1511 3300; baseline -0.003 -19"><span class='ocrx_word' id='word_1_178' title='bbox 211 3216 364 3298; x_wconf 90' lang='lat' dir='ltr'>ponderis</span> <span class='ocrx_word' id='word_1_179' title='bbox 383 3217 554 3299; x_wconf 83' lang='lat' dir='ltr'>pragensis</span> <span class='ocrx_word' id='word_1_180' title='bbox 569 3223 697 3282; x_wconf 88' lang='lat' dir='ltr'>monete</span> <span class='ocrx_word' id='word_1_181' title='bbox 711 3217 803 3300; x_wconf 89' lang='lat' dir='ltr'>regni</span> <span class='ocrx_word' id='word_1_182' title='bbox 819 3217 953 3283; x_wconf 91' lang='lat' dir='ltr'>Boemie</span> <span class='ocrx_word' id='word_1_183' title='bbox 967 3217 1098 3300; x_wconf 81' lang='lat' dir='ltr'>exigere</span> <span class='ocrx_word' id='word_1_184' title='bbox 1112 3220 1230 3282; x_wconf 86' lang='lat' dir='ltr'>etcum</span> <span class='ocrx_word' id='word_1_185' title='bbox 1241 3213 1360 3282; x_wconf 84' lang='lat' dir='ltr'>effectu</span> <span class='ocrx_word' id='word_1_186' title='bbox 1372 3217 1511 3298; x_wconf 89' lang='lat' dir='ltr'>recipere</span> 
     </span>
     <span class='ocr_line' id='line_1_23' title="bbox 211 3328 1509 3413; baseline -0.002 -19"><span class='ocrx_word' id='word_1_187' title='bbox 211 3330 350 3412; x_wconf 89' lang='lat' dir='ltr'>singuiis</span> <span class='ocrx_word' id='word_1_188' title='bbox 368 3328 482 3395; x_wconf 88' lang='lat' dir='ltr'>diebus</span> <span class='ocrx_word' id='word_1_189' title='bbox 505 3328 687 3395; x_wconf 84' lang='lat' dir='ltr'>forensibus</span> <span class='ocrx_word' id='word_1_190' title='bbox 704 3348 762 3395; x_wconf 92' lang='lat' dir='ltr'>seu</span> <span class='ocrx_word' id='word_1_191' title='bbox 784 3329 846 3395; x_wconf 89' lang='lat' dir='ltr'>fori</span> <span class='ocrx_word' id='word_1_192' title='bbox 869 3331 1034 3412; x_wconf 89' lang='lat' dir='ltr'>perpetuis</span> <span class='ocrx_word' id='word_1_193' title='bbox 1056 3328 1257 3413; x_wconf 81' lang='lat' dir='ltr'>temporibus</span> <span class='ocrx_word' id='word_1_194' title='bbox 1281 3329 1509 3412; x_wconf 87' lang='lat' dir='ltr'>impedimento</span> 
     </span>
     <span class='ocr_line' id='line_1_24' title="bbox 212 3442 1507 3526; baseline -0.001 -20"><span class='ocrx_word' id='word_1_195' title='bbox 212 3442 430 3524; x_wconf 84' lang='lat' dir='ltr'>quorumlibet</span> <span class='ocrx_word' id='word_1_196' title='bbox 459 3444 569 3524; x_wconf 89' lang='lat' dir='ltr'>procul</span> <span class='ocrx_word' id='word_1_197' title='bbox 592 3443 686 3524; x_wconf 89' lang='lat' dir='ltr'>pulso</span> <span class='ocrx_word' id='word_1_198' title='bbox 710 3442 849 3523; x_wconf 88' lang='lat' dir='ltr'>ualeant,</span> <span class='ocrx_word' id='word_1_199' title='bbox 881 3442 1021 3508; x_wconf 88' lang='lat' dir='ltr'>debeant</span> <span class='ocrx_word' id='word_1_200' title='bbox 1041 3448 1139 3526; x_wconf 75' lang='lat' dir='ltr'>atque</span> <span class='ocrx_word' id='word_1_201' title='bbox 1161 3442 1300 3525; x_wconf 84' lang='lat' dir='ltr'>possint,</span> <span class='ocrx_word' id='word_1_202' title='bbox 1323 3442 1374 3508; x_wconf 93' lang='lat' dir='ltr'>sic</span> <span class='ocrx_word' id='word_1_203' title='bbox 1398 3449 1507 3517; x_wconf 81' lang='lat' dir='ltr'>tamen,</span> 
     </span>
     <span class='ocr_line' id='line_1_25' title="bbox 212 3554 1507 3637; baseline -0.004 -16"><span class='ocrx_word' id='word_1_204' title='bbox 212 3556 297 3636; x_wconf 86' lang='lat' dir='ltr'>quod</span> <span class='ocrx_word' id='word_1_205' title='bbox 327 3556 475 3637; x_wconf 74' lang='lat' dir='ltr'>magistri</span> <span class='ocrx_word' id='word_1_206' title='bbox 506 3554 673 3621; x_wconf 82' lang='lat' dir='ltr'>carnifices</span> <span class='ocrx_word' id='word_1_207' title='bbox 704 3554 849 3620; x_wconf 88' lang='lat' dir='ltr'>ciuitatis</span> <span class='ocrx_word' id='word_1_208' title='bbox 872 3556 1045 3621; x_wconf 87' lang='lat' dir='ltr'>Zaczensis</span> <span class='ocrx_word' id='word_1_209' title='bbox 1068 3555 1214 3637; x_wconf 84' lang='lat' dir='ltr'>predicte</span> <span class='ocrx_word' id='word_1_210' title='bbox 1243 3554 1368 3621; x_wconf 91' lang='lat' dir='ltr'>talibus</span> <span class='ocrx_word' id='word_1_211' title='bbox 1402 3556 1507 3622; x_wconf 87' lang='lat' dir='ltr'>diebus</span> 
     </span>
     <span class='ocr_line' id='line_1_26' title="bbox 212 3665 1506 3751; baseline -0.002 -18"><span class='ocrx_word' id='word_1_212' title='bbox 212 3667 274 3735; x_wconf 87' lang='lat' dir='ltr'>fori</span> <span class='ocrx_word' id='word_1_213' title='bbox 297 3674 406 3751; x_wconf 90' lang='lat' dir='ltr'>preter</span> <span class='ocrx_word' id='word_1_214' title='bbox 428 3686 447 3733; x_wconf 89' lang='lat' dir='ltr'>a</span> <span class='ocrx_word' id='word_1_215' title='bbox 469 3667 660 3750; x_wconf 89' lang='lat' dir='ltr'>prescriptis</span> <span class='ocrx_word' id='word_1_216' title='bbox 692 3665 897 3732; x_wconf 89' lang='lat' dir='ltr'>carnificibus</span> <span class='ocrx_word' id='word_1_217' title='bbox 913 3667 954 3733; x_wconf 93' lang='lat' dir='ltr'>ad</span> <span class='ocrx_word' id='word_1_218' title='bbox 977 3666 1082 3733; x_wconf 85' lang='lat' dir='ltr'>forum</span> <span class='ocrx_word' id='word_1_219' title='bbox 1104 3666 1250 3744; x_wconf 92' lang='lat' dir='ltr'>liberum,</span> <span class='ocrx_word' id='word_1_220' title='bbox 1281 3674 1320 3734; x_wconf 88' lang='lat' dir='ltr'>ut</span> <span class='ocrx_word' id='word_1_221' title='bbox 1342 3669 1506 3750; x_wconf 75' lang='lat' dir='ltr'>profertur,</span> 
     </span>
     <span class='ocr_line' id='line_1_27' title="bbox 215 3780 1506 3863; baseline -0.004 -16"><span class='ocrx_word' id='word_1_222' title='bbox 215 3783 378 3863; x_wconf 85' lang='lat' dir='ltr'>deputatis</span> <span class='ocrx_word' id='word_1_223' title='bbox 401 3781 502 3847; x_wconf 90' lang='lat' dir='ltr'>diuisi</span> <span class='ocrx_word' id='word_1_224' title='bbox 533 3780 567 3846; x_wconf 93' lang='lat' dir='ltr'>in</span> <span class='ocrx_word' id='word_1_225' title='bbox 589 3780 659 3847; x_wconf 84' lang='lat' dir='ltr'>iero</span> <span class='ocrx_word' id='word_1_226' title='bbox 690 3785 777 3846; x_wconf 87' lang='lat' dir='ltr'>stare</span> <span class='ocrx_word' id='word_1_227' title='bbox 807 3780 919 3846; x_wconf 89' lang='lat' dir='ltr'>ordine</span> <span class='ocrx_word' id='word_1_228' title='bbox 946 3799 1079 3846; x_wconf 90' lang='lat' dir='ltr'>snorum</span> <span class='ocrx_word' id='word_1_229' title='bbox 1107 3780 1335 3848; x_wconf 86' lang='lat' dir='ltr'>maoeeilorum</span> <span class='ocrx_word' id='word_1_230' title='bbox 1366 3782 1506 3855; x_wconf 75' lang='lat' dir='ltr'>debeant.¹</span> 
     </span>
     <span class='ocr_line' id='line_1_28' title="bbox 214 3894 1506 3978; baseline -0.002 -19"><span class='ocrx_word' id='word_1_231' title='bbox 214 3894 372 3978; x_wconf 89' lang='lat' dir='ltr'>aquibus</span> <span class='ocrx_word' id='word_1_232' title='bbox 405 3896 525 3960; x_wconf 90' lang='lat' dir='ltr'>nullam</span> <span class='ocrx_word' id='word_1_233' title='bbox 557 3896 727 3976; x_wconf 90' lang='lat' dir='ltr'>pecuniam</span> <span class='ocrx_word' id='word_1_234' title='bbox 760 3895 889 3977; x_wconf 88' lang='lat' dir='ltr'>exigere</span> <span class='ocrx_word' id='word_1_235' title='bbox 924 3896 978 3961; x_wconf 90' lang='lat' dir='ltr'>uel</span> <span class='ocrx_word' id='word_1_236' title='bbox 1009 3895 1156 3977; x_wconf 91' lang='lat' dir='ltr'>recipere</span> <span class='ocrx_word' id='word_1_237' title='bbox 1190 3895 1435 3976; x_wconf 84' lang='lat' dir='ltr'>astringuntur.</span> <span class='ocrx_word' id='word_1_238' title='bbox 1475 3895 1506 3960; x_wconf 90' lang='lat' dir='ltr'>In</span> 
     </span>
     <span class='ocr_line' id='line_1_29' title="bbox 215 4008 1505 4091; baseline -0.002 -15"><span class='ocrx_word' id='word_1_239' title='bbox 215 4030 325 4076; x_wconf 90' lang='lat' dir='ltr'>casum</span> <span class='ocrx_word' id='word_1_240' title='bbox 348 4028 435 4090; x_wconf 91' lang='lat' dir='ltr'>nero,</span> <span class='ocrx_word' id='word_1_241' title='bbox 461 4029 523 4090; x_wconf 86' lang='lat' dir='ltr'>quo</span> <span class='ocrx_word' id='word_1_242' title='bbox 539 4028 693 4091; x_wconf 87' lang='lat' dir='ltr'>processu</span> <span class='ocrx_word' id='word_1_243' title='bbox 709 4009 864 4090; x_wconf 90' lang='lat' dir='ltr'>temporis</span> <span class='ocrx_word' id='word_1_244' title='bbox 880 4013 990 4076; x_wconf 91' lang='lat' dir='ltr'>nostro</span> <span class='ocrx_word' id='word_1_245' title='bbox 1005 4008 1058 4075; x_wconf 89' lang='lat' dir='ltr'>uel</span> <span class='ocrx_word' id='word_1_246' title='bbox 1071 4027 1295 4076; x_wconf 88' lang='lat' dir='ltr'>successorum</span> <span class='ocrx_word' id='word_1_247' title='bbox 1318 4016 1505 4085; x_wconf 89' lang='lat' dir='ltr'>nostrorum,</span> 
     </span>
     <span class='ocr_line' id='line_1_30' title="bbox 213 4120 1504 4206; baseline -0.002 -18"><span class='ocrx_word' id='word_1_248' title='bbox 213 4143 326 4206; x_wconf 89' lang='lat' dir='ltr'>regum</span> <span class='ocrx_word' id='word_1_249' title='bbox 348 4123 489 4203; x_wconf 88' lang='lat' dir='ltr'>Boemie,</span> <span class='ocrx_word' id='word_1_250' title='bbox 514 4122 648 4204; x_wconf 88' lang='lat' dir='ltr'>speciali</span> <span class='ocrx_word' id='word_1_251' title='bbox 664 4120 815 4187; x_wconf 83' lang='lat' dir='ltr'>mandato</span> <span class='ocrx_word' id='word_1_252' title='bbox 832 4141 890 4187; x_wconf 90' lang='lat' dir='ltr'>sen</span> <span class='ocrx_word' id='word_1_253' title='bbox 907 4120 1079 4205; x_wconf 90' lang='lat' dir='ltr'>quibusuia</span> <span class='ocrx_word' id='word_1_254' title='bbox 1102 4121 1177 4188; x_wconf 91' lang='lat' dir='ltr'>aliis</span> <span class='ocrx_word' id='word_1_255' title='bbox 1193 4121 1299 4188; x_wconf 89' lang='lat' dir='ltr'>modis</span> <span class='ocrx_word' id='word_1_256' title='bbox 1314 4121 1504 4197; x_wconf 88' lang='lat' dir='ltr'>huiusmodi,</span> 
     </span>
     <span class='ocr_line' id='line_1_31' title="bbox 211 4234 1503 4318; baseline -0.004 -15"><span class='ocrx_word' id='word_1_257' title='bbox 211 4237 347 4303; x_wconf 91' lang='lat' dir='ltr'>liberum</span> <span class='ocrx_word' id='word_1_258' title='bbox 368 4236 473 4302; x_wconf 85' lang='lat' dir='ltr'>iorum</span> <span class='ocrx_word' id='word_1_259' title='bbox 496 4237 530 4302; x_wconf 94' lang='lat' dir='ltr'>in</span> <span class='ocrx_word' id='word_1_260' title='bbox 553 4236 744 4303; x_wconf 86' lang='lat' dir='ltr'>vendicione</span> <span class='ocrx_word' id='word_1_261' title='bbox 766 4236 913 4302; x_wconf 87' lang='lat' dir='ltr'>carnium</span> <span class='ocrx_word' id='word_1_262' title='bbox 935 4236 1099 4318; x_wconf 89' lang='lat' dir='ltr'>deperiret</span> <span class='ocrx_word' id='word_1_263' title='bbox 1127 4240 1161 4301; x_wconf 92' lang='lat' dir='ltr'>et</span> <span class='ocrx_word' id='word_1_264' title='bbox 1182 4234 1290 4302; x_wconf 89' lang='lat' dir='ltr'>denuo</span> <span class='ocrx_word' id='word_1_265' title='bbox 1313 4236 1401 4303; x_wconf 92' lang='lat' dir='ltr'>dono</span> <span class='ocrx_word' id='word_1_266' title='bbox 1423 4236 1503 4318; x_wconf 91' lang='lat' dir='ltr'>regio</span> 
     </span>
     <span class='ocr_line' id='line_1_32' title="bbox 213 4348 1501 4433; baseline -0.002 -18"><span class='ocrx_word' id='word_1_267' title='bbox 213 4355 322 4416; x_wconf 92' lang='lat' dir='ltr'>nostro</span> <span class='ocrx_word' id='word_1_268' title='bbox 357 4351 409 4416; x_wconf 88' lang='lat' dir='ltr'>uei</span> <span class='ocrx_word' id='word_1_269' title='bbox 433 4368 654 4416; x_wconf 87' lang='lat' dir='ltr'>successorum</span> <span class='ocrx_word' id='word_1_270' title='bbox 686 4354 870 4416; x_wconf 90' lang='lat' dir='ltr'>nostrorum</span> <span class='ocrx_word' id='word_1_271' title='bbox 893 4368 950 4414; x_wconf 90' lang='lat' dir='ltr'>seu</span> <span class='ocrx_word' id='word_1_272' title='bbox 984 4348 1219 4415; x_wconf 88' lang='lat' dir='ltr'>consuetudine</span> <span class='ocrx_word' id='word_1_273' title='bbox 1248 4355 1308 4415; x_wconf 84' lang='lat' dir='ltr'>aut</span> <span class='ocrx_word' id='word_1_274' title='bbox 1338 4349 1501 4433; x_wconf 87' lang='lat' dir='ltr'>quomodo</span> 
     </span>
     <span class='ocr_line' id='line_1_33' title="bbox 211 4445 1503 4547; baseline -0.002 -17"><span class='ocrx_word' id='word_1_275' title='bbox 211 4484 337 4547; x_wconf 86' lang='lat' dir='ltr'>cunque</span> <span class='ocrx_word' id='word_1_276' title='bbox 359 4465 455 4530; x_wconf 89' lang='lat' dir='ltr'>aliter</span> <span class='ocrx_word' id='word_1_277' title='bbox 477 4463 706 4530; x_wconf 81' lang='lat' dir='ltr'>reformaretur</span> <span class='ocrx_word' id='word_1_278' title='bbox 727 4469 784 4528; x_wconf 91' lang='lat' dir='ltr'>aut</span> <span class='ocrx_word' id='word_1_279' title='bbox 800 4445 1052 4544; x_wconf 85' lang='lat' dir='ltr'>restauraretur,</span> <span class='ocrx_word' id='word_1_280' title='bbox 1076 4462 1341 4547; x_wconf 85' lang='lat' dir='ltr'>quociesounque</span> <span class='ocrx_word' id='word_1_281' title='bbox 1362 4465 1440 4531; x_wconf 86' lang='lat' dir='ltr'>talis</span> <span class='ocrx_word' id='word_1_282' title='bbox 1461 4481 1503 4528; x_wconf 90' lang='lat' dir='ltr'>re·</span> 
     </span>
     <span class='ocr_line' id='line_1_34' title="bbox 212 4573 1501 4660; baseline -0.005 -17"><span class='ocrx_word' id='word_1_283' title='bbox 212 4577 366 4644; x_wconf 86' lang='lat' dir='ltr'>formacio</span> <span class='ocrx_word' id='word_1_284' title='bbox 389 4597 447 4644; x_wconf 92' lang='lat' dir='ltr'>seu</span> <span class='ocrx_word' id='word_1_285' title='bbox 470 4578 669 4644; x_wconf 87' lang='lat' dir='ltr'>restauracio</span> <span class='ocrx_word' id='word_1_286' title='bbox 692 4577 837 4644; x_wconf 91' lang='lat' dir='ltr'>eiusdem</span> <span class='ocrx_word' id='word_1_287' title='bbox 863 4576 926 4643; x_wconf 86' lang='lat' dir='ltr'>iori</span> <span class='ocrx_word' id='word_1_288' title='bbox 950 4575 1102 4643; x_wconf 90' lang='lat' dir='ltr'>carnium</span> <span class='ocrx_word' id='word_1_289' title='bbox 1129 4575 1224 4642; x_wconf 90' lang='lat' dir='ltr'>liberi</span> <span class='ocrx_word' id='word_1_290' title='bbox 1253 4575 1397 4660; x_wconf 51' lang='lat' dir='ltr'>beroth,</span> <span class='ocrx_word' id='word_1_291' title='bbox 1427 4573 1501 4660; x_wconf 86' lang='lat' dir='ltr'>qnod</span> 
     </span>
    </p>
   </div>
   <div class='ocr_carea' id='block_1_6' title="bbox 0 0 1554 5392">
    <p class='ocr_par' dir='ltr' id='par_1_9' title="bbox 0 0 1554 5392">
     <span class='ocr_line' id='line_1_35' title="bbox 0 0 1554 5392; baseline 0 1"><span class='ocrx_word' id='word_1_292' title='bbox 0 0 1554 5392; x_wconf 95' lang='lat' dir='ltr'> </span> 
     </span>
    </p>
   </div>
  </div>
 </body>
</html>
