3098 5392
630 438 707 495 ima
1263 436 1329 507 103

136 643 201 711 Nos
223 643 461 732 wencezlaus]
483 647 538 714 dai
558 646 671 731 mutin
691 650 751 715 etc.
782 650 894 713 notum
914 646 1052 713 tacimus
1075 644 1237 713 uniuersis
1258 649 1326 711 tam

52 756 233 837 muntium
248 776 353 842 onam
371 758 504 840 intutis,
518 758 605 843 qnod
625 772 686 826 nos
707 758 865 827 iudicium
880 758 915 825 in
936 758 1071 825 ciuitate
1085 762 1196 826 nostra
1216 757 1248 825 N
1250 777 1328 825 uen-

53 867 134 951 burga
154 888 228 937 cnm
248 890 313 938 vna
334 872 429 940 domo
457 873 493 939 in
522 872 636 941 eadem
657 872 793 941 ciuitate
813 877 935 955 nostra,
956 891 1020 940 vno
1049 871 1231 939 molendino
1254 890 1328 939 oum

53 979 142 1049 decom
162 984 244 1051 rotis
265 984 302 1053 in
322 983 435 1067 Albas,
457 984 540 1053 duos
561 985 673 1055 laneos
695 984 732 1053 in
753 986 831 1053 villu
853 982 950 1071 [Vnk]
971 989 1006 1052 et
1019 989 1145 1069 septem
1164 985 1276 1053 laneos
1291 985 1326 1051 in
1404 976 1407 981 ’

53 1094 133 1160 tilla.
149 1147 157 1161 .
173 1147 182 1162 .
205 1095 336 1180 liberos,
359 1116 433 1167 oum
446 1098 688 1182 piscacionibus
702 1099 738 1165 in
752 1116 838 1183 aqna
859 1096 1027 1183 [Martius]
1048 1102 1083 1165 et
1103 1098 1178 1165 aliis
1200 1096 1327 1167 iuribus

52 1207 98 1273 rite
116 1207 157 1274 sd
179 1208 268 1276 idem
289 1209 448 1279 iudicium
469 1210 691 1296 spectantibus
705 1210 910 1279 vendidimus
925 1261 957 1276 ..
982 1208 1148 1294 [Ekhardo
1171 1216 1205 1278 et
1217 1209 1328 1297 Petro]

53 1317 185 1388 totnom
218 1320 261 1389 do
294 1320 452 1409 Gorliou¹)
473 1330 509 1391 et
539 1326 685 1409 ipsorum
706 1322 880 1393 heredibus
901 1343 961 1409 pro
994 1329 1123 1392 centum
1144 1330 1178 1393 et
1210 1325 1334 1409 uiginti.

54 1432 175 1517 narois')
207 1435 406 1505 hmeditarie
432 1439 675 1523 possidendum,
697 1439 922 1524 promittentes
956 1438 1005 1505 eis
1026 1442 1139 1507 tenore
1166 1438 1329 1523 presentis

55 1549 145 1632 scripti
175 1549 353 1619 detondere
374 1556 409 1621 at
428 1550 596 1636 mutaret
628 1553 717 1622 diota
737 1552 823 1622 bom
852 1557 965 1621 contra
995 1550 1171 1637 quemlibet
1199 1570 1255 1619 eos
1277 1551 1334 1617 vel.

55 1677 143 1729 comm
177 1664 315 1733 hmedes
353 1664 397 1735 de
431 1666 515 1751 ipsis
553 1666 649 1735 bonis
688 1668 845 1753 impetere
854 1664 880 1751 ⁴)
914 1667 1074 1735 volentem
1109 1664 1196 1731 infru
1229 1663 1329 1731 trium

57 1790 189 1844 tutorum
223 1778 372 1861 spacium
392 1797 414 1845 a
438 1779 800 1849 dstautmianandorum
820 1779 1025 1866 presencium
1046 1779 1137 1847 iuxta
1158 1781 1332 1846 consuetu.

60 1884 146 1957 dinem
176 1896 265 1957 torus
295 1897 416 1974 nostre,
449 1898 484 1959 et
515 1894 545 1960 si
577 1892 661 1963 forte
691 1890 821 1979 ipsas⁵)
854 1893 1027 1962 defendero
1058 1911 1122 1961 non
1146 1908 1329 1977 possemus,

58 2002 116 2068 iuno
132 2008 256 2072 tantm
275 2003 319 2074 de
339 2004 429 2075 diota
447 2006 588 2090 pecunia
608 2005 842 2090 deisloubimus
856 2006 909 2073 vol
929 2005 1149 2088 restituemus,
1173 2010 1329 2088 quuutum
1367 2052 1370 2059 ·

60 2110 130 2180 inxts
156 2117 276 2185 iustam
304 2118 547 2187 estimationem
579 2119 752 2204 proborum
782 2120 925 2187 virorum
947 2116 1081 2205 [valeat]
1114 2136 1177 2202 res,
1206 2119 1329 2203 inqua

62 2224 128 2306 ipsos
147 2230 317 2300 defendere
336 2250 402 2300 non
426 2233 599 2316 potuimus.
623 2233 744 2299 Datum
765 2232 869 2323 Ptoge
890 2236 950 2299 eto.

140 2381 262 2456 Rnkopin
279 2385 406 2456 hpitoly
417 2385 596 2457 Pnuiakdui)
617 2385 718 2454 „Liber
733 2384 883 2443 formarum
901 2385 1014 2442 Henrioi
1025 2384 1219 2463 ltalioi‘flsign.
1237 2384 1272 2440 Κ.
1284 2391 1332 2441 aa·

65 2475 151 2534 uiti
165 2500 187 2535 o.
204 2480 292 2537 dlvi
305 2481 474 2553 scnipisem
488 2481 638 2551 „vendicio
653 2482 777 2553 judicii“.
794 2512 831 2524 —-
847 2481 938 2552 Voigt,
956 2480 1138 2537 Formelbuch
1156 2480 1207 2537 des
1224 2481 1326 2551 kdnigl.

70 2566 145 2630 tuns
165 2575 311 2635 Heinricns
328 2577 443 2636 Itulicnn
469 2578 515 2651 (B)
541 2577 581 2634 N⁰
606 2578 742 2649 oxum
759 2610 795 2621 -
811 2578 958 2649 Varisnty:
989 2580 1009 2648 ¹)
1027 2578 1124 2634 Sohdzt
1148 2594 1166 2634 r
1191 2580 1223 2634 Δ.
1248 2609 1282 2619 -
1306 2578 1328 2646 ’)

69 2674 148 2725 onim
167 2674 265 2731 marcis
282 2677 318 2732 Δ.
336 2705 371 2716 -
388 2677 410 2745 ¹)
428 2680 570 2733 antestare
593 2676 625 2730 B.
644 2706 679 2716 -
695 2676 718 2746 ⁴)
736 2675 871 2747 impedito
888 2676 921 2730 Δ.
939 2704 974 2718 -·
993 2676 1013 2743 ⁸)
1039 2675 1110 2747 ipsis
1127 2674 1158 2728 B.
1176 2705 1212 2716 —
1227 2674 1329 2742 Emler,

71 2757 157 2830 toea
179 2768 254 2826 na
282 2774 361 2827 scas
378 2770 507 2833 -sm
525 2770 573 2829 ua
597 2771 639 2827 ur.
658 2771 780 2827 vuum
796 2771 831 2827 u
860 2787 898 2828 m
915 2770 1080 2842 motusic
1108 2770 1283 2843 symonem
1301 2769 1328 2825 o.

72 2856 263 2922 *Pddadech
281 2868 324 2920 28.
344 2864 570 2922 damnatitii.
593 2870 634 2922 62.

617 3132 682 3216 Cis.
706 3150 757 3216 39.

412 3302 551 3375 Kolom
573 3322 605 3373 r.
628 3303 726 3372 1287.
748 3304 781 3374 V
803 3302 935 3375 Pnaze.

74 3450 128 3523 itii
151 3461 264 3529 tutelae
287 3456 332 3526 ΙΙ.
355 3462 517 3538 omcmtu‘e
545 3461 740 3544 ooyootetom
761 3465 860 3529 misto
889 3459 1088 3543 Npmoorkc,
1118 3462 1153 3527 ie
1168 3461 1330 3544 posiocpt‘l

70 3560 168 3640 imam
187 3595 222 3641 ac
243 3572 394 3641 Zaor'aoe
421 3571 607 3640 Edhardovi
628 3596 649 3640 o
679 3573 815 3649 Petrosd,
844 3572 966 3659 ittery'm
988 3574 1109 3658 prodol
1138 3572 1332 3658 rychtdc'sioi

70 3679 169 3768 idatii,
199 3709 246 3755 ao
274 3687 336 3753 dod
362 3687 427 3755 tcta
456 3688 516 3754 dod
535 3688 652 3770 ir'ctc'np
675 3686 819 3754 ddcdoda
850 3686 967 3754 zaddo
988 3686 1187 3772 nocctejtcdo
1209 3686 1332 3754 kocaor'c

10 3868 13 3889 Ξ
70 3785 134 3875 to„
153 3823 173 3867 o
193 3803 228 3868 ic
249 3801 314 3885 ijo
334 3821 380 3868 no
401 3805 437 3869 to
459 3800 519 3868 dod
538 3801 602 3868 tcta
631 3801 671 3867 od
688 3801 820 3883 placent
850 3799 969 3868 drokio
992 3823 1013 3867 o
1035 3801 1184 3870 hemido
1205 3800 1332 3886 komocp
1417 3800 1420 3805 ’

10 3916 13 3971 ἰ
70 3899 197 3982 tuaac
230 3914 421 3998 osoodoccp'c,
454 3914 515 3999 adp
547 3935 587 3981 cc
616 3918 647 3980 to
681 3914 747 3997 opti
762 3913 898 3996 potioni
929 3894 1019 3981 most
1036 3916 1164 4000 toccdjis'
1183 3914 1330 3999 oproviti.

141 4069 375 4157 wencezlaus]
397 4073 450 4139 dei
473 4073 582 4156 gracia
605 4078 665 4140 eto.
697 4074 859 4140 uniuersis
881 4078 1027 4141 tenorem
1057 4074 1261 4157 presencium
1283 4074 1331 4139 in·

68 4188 193 4258 omma
215 4192 249 4253 et
270 4186 426 4269 precipue
440 4186 676 4253 habitatoribus
699 4187 844 4255 ciuitatis
864 4187 1107 4270 Nuuburgenais
1130 4193 1163 4253 ot
1184 4188 1260 4269 hiis,
1275 4190 1331 4272 qui

66 4297 168 4366 undem
190 4301 361 4367 ciuitatem
381 4298 565 4365 inhabitare
586 4298 756 4381 voluerint,
780 4300 921 4382 graciam
944 4305 978 4366 et
1000 4300 1240 4367 omnebonum.
1265 4302 1330 4367 No·

63 4412 158 4495 tentis,
179 4433 239 4480 nos
272 4413 429 4479 Ekhardo
452 4417 484 4480 et
517 4413 613 4479 Petro
635 4414 676 4480 de
701 4414 829 4481 Gorlicz
860 4413 941 4482 duos
971 4414 1130 4496 denarios
1160 4414 1216 4499 qui
1239 4415 1332 4481 nobis

55 4523 149 4592 omne
167 4528 286 4595 debent
309 4527 351 4593 de
373 4530 532 4610 prouentu
555 4527 670 4595 iudicii
696 4528 730 4592 in
752 4527 957 4609 Nnenburch‚
980 4529 1189 4610 commisisse,
1219 4535 1255 4594 vt
1275 4548 1332 4595 eos

48 4639 197 4724 recipiunt
217 4660 285 4725 per.
297 4641 438 4707 duorum
470 4659 627 4707 annornm
657 4641 803 4723 spacium
824 4659 845 4707 a
866 4642 943 4709 dcto
971 4643 1240 4711 numerandorum
1259 4660 1335 4723 pro·
