3098 5392
175 421 250 487 900¹
791 412 868 464 teti.

179 650 201 693 a
221 625 362 706 Ιεὶάὲεενμ
383 644 509 690 sommo
530 622 624 687 teme
643 643 683 688 ao
706 622 820 687 odoleno
837 619 999 703 potludeoi
1019 617 1140 685 skaidai
1161 621 1349 708 aemskpcb,
1375 627 1494 695 aeolii-

174 741 266 878 dejice
287 761 320 805 se
340 759 386 804 uo
408 742 449 812 to,
477 738 513 802 ie
532 734 607 802 kral
627 732 759 800 adhorti
779 738 879 800 mesto
902 755 924 798 a
945 732 1087 815 nosram
1108 735 1275 804 oscobodo'l
1296 759 1348 805 aa
1371 741 1495 811 adtolit

554 847 596 913 let
619 847 659 912 od
675 848 805 929 piscani
825 845 966 912 tolcooe'to
988 846 1089 913 temo.

281 1040 492 1111 Wenceslaus
526 1040 580 1106 dei
610 1041 721 1123 gracia
754 1040 970 1107 Romanorum
1000 1057 1056 1106 rer
1091 1058 1222 1125 semper
1259 1056 1429 1129 augustus
1463 1059 1493 1118 et

179 1159 311 1226 Boemie
333 1175 401 1223 rex.
431 1153 557 1223 Illustri
572 1153 729 1236 Procopio
750 1152 931 1219 marchioni
954 1153 1112 1235 blorauie,
1134 1155 1285 1241 principi
1318 1168 1356 1228 et
1378 1171 1491 1247 patruo

175 1250 311 1353 nostro,
327 1276 361 1337 et
382 1267 591 1352 sigismundo
614 1267 654 1333 de
677 1267 780 1346 Orlik,
815 1267 906 1349 regni
929 1267 1032 1333 nostri
1063 1255 1210 1335 noento
1231 1272 1489 1360 subcamerario,

176 1383 327 1453 fidelibus
361 1383 482 1450 uostris
517 1380 656 1462 dilectis,
690 1381 834 1463 graciam
866 1382 990 1464 regiam
1025 1386 1058 1447 et
1088 1383 1356 1456 omnebonum.
1402 1392 1491 1461 Licet

178 1498 260 1565 alias
291 1497 389 1564 certis
416 1495 622 1565 monasteriis
656 1500 689 1560 et
720 1493 908 1565 ciuitatibus
938 1497 1031 1578 regni
1062 1497 1167 1565 nostri
1198 1497 1343 1569 Boemie
1366 1505 1489 1589 aliquas

179 1611 346 1678 libertates
376 1610 575 1676 concesserit
603 1613 716 1676 nostra
743 1609 913 1690 serenitas,
943 1609 990 1674 ita
1012 1606 1175 1690 videlicet,
1199 1616 1237 1678 vt
1260 1614 1305 1680 ad
1330 1623 1488 1687 certorum

178 1742 336 1801 annorum
360 1722 505 1804 spacium
535 1721 576 1787 ab
599 1720 746 1788 omnibns
778 1725 810 1787 et
834 1721 973 1803 singulis
991 1721 1116 1804 bernis,
1147 1725 1311 1811 collectis,
1345 1733 1488 1799 exactio

181 1837 278 1925 nibus
311 1854 368 1902 seu
397 1834 674 1918 imposicionibus,
708 1853 910 1919 quocumque
938 1836 1069 1902 nomine
1098 1844 1273 1924 vocentur,
1295 1842 1396 1912 liberi
1417 1865 1492 1912 esse

180 1949 319 2017 debeant
340 1948 470 2032 penitus
502 1954 535 2014 et
556 1949 707 2031 exempti,
737 1953 833 2030 prout
855 1948 930 2015 dats
957 1967 1055 2031 super
1077 1949 1139 2016 hoc
1160 1951 1229 2018 alie
1252 1961 1371 2025 nostre
1393 1938 1491 2027 maie

179 2064 274 2133 statis
303 2063 412 2133 littore
440 2063 611 2129 manifeste
633 2062 822 2131 declarant:
854 2065 930 2146 quia
952 2069 1060 2129 tamen
1086 2082 1145 2146 pro
1168 2065 1382 2148 pacificando
1404 2078 1486 2139 statu

181 2177 328 2245 eiusdem
362 2177 454 2259 regni
488 2176 591 2244 nostri
624 2182 658 2242 et
689 2176 904 2260 reprimendis
937 2175 1121 2261 raptoribus
1153 2185 1188 2244 et
1217 2182 1364 2251 aliorum
1393 2186 1485 2253 male

179 2289 313 2359 ficorum
335 2289 501 2358 hominum
531 2288 696 2372 peruersis
719 2289 888 2361 conatibus
910 2289 1067 2357 notabilia
1088 2308 1217 2359 summa
1240 2299 1385 2378 pecunie
1406 2299 1483 2365 indi·

126 2482 128 2487 ,
181 2422 304 2488 gemus,
340 2405 461 2472 idcirco
491 2403 677 2471 huiusmodi
706 2404 888 2470 libertatem
919 2405 1000 2487 ipsis
1031 2422 1089 2488 per
1111 2423 1182 2488 nos,
1214 2414 1254 2474 ut
1277 2414 1483 2495 premittitur,

181 2536 368 2587 concessam
402 2537 460 2600 pro
496 2535 580 2584 anno
618 2518 761 2600 presenti
798 2516 966 2583 dumtaxat
1003 2534 1129 2584 cassam
1163 2536 1240 2587 esse
1284 2523 1482 2593 decernimus

183 2633 313 2716 penitus
348 2638 381 2698 et
422 2632 562 2697 inanem.
613 2629 792 2697 Scribimus
829 2649 956 2715 quoque
992 2637 1058 2697 tam
1095 2632 1266 2714 religiosis
1306 2638 1482 2720 abbatibus,

182 2746 345 2831 prioribus
369 2752 400 2812 et
424 2742 703 2811 comendatoribus
741 2745 1019 2825 monasteriorum,
1055 2763 1151 2826 quam
1182 2747 1290 2815 eciam
1320 2753 1481 2835 magistris

183 2859 304 2926 ciuium
336 2863 369 2925 et
392 2856 642 2924 comunitatibus
669 2856 849 2937 ciuitatum,
880 2862 1003 2922 utnon
1026 2855 1176 2924 obstante
1198 2861 1355 2931 libertate
1377 2866 1481 2932 huius·

182 2972 269 3040 modi
302 2978 422 3038 certam
453 2971 590 3057 pecunie
620 2988 776 3035 summam
810 2970 912 3052 regali
936 2988 1062 3037 camere
1084 2977 1196 3038 nostre
1219 2979 1411 3057 persoluere
1431 2979 1480 3044 de

183 3086 280 3152 beant
311 3104 369 3168 pro
401 3085 461 3150 hac
494 3085 574 3164 vice,
604 3083 843 3167 propterquod
873 3082 964 3149 vobis
995 3088 1107 3150 tenore
1137 3091 1348 3167 presencium
1378 3093 1480 3159 comit·

183 3200 282 3266 umus
313 3205 345 3265 et
368 3199 491 3264 seriose
523 3195 732 3279 precipiendo
757 3195 959 3278 mandamus
990 3201 1149 3280 quatenus
1172 3218 1192 3264 a
1215 3201 1356 3284 prelatis
1380 3225 1479 3273 mona·

184 3313 295 3380 storiis
318 3317 352 3379 et
374 3309 562 3377 ciuitatibus
585 3309 770 3375 huiusmodi
794 3310 931 3391 pecunie
954 3328 1111 3377 summam
1134 3317 1248 3381 nostro
1264 3319 1398 3385 nomine
1419 3320 1476 3385 exi·

183 3445 260 3510 gere
290 3432 324 3491 et
355 3424 521 3507 requirere
550 3422 655 3489 modis
686 3423 834 3489 omnibns
867 3423 1023 3506 debeatis,
1053 3425 1220 3508 prouisuri
1247 3431 1371 3515 taliter,
1395 3434 1479 3499 utin

186 3539 352 3606 solucione
382 3537 567 3603 huiusmodi
599 3556 722 3603 summe
748 3537 981 3619 rempublicam
1009 3543 1043 3604 et
1064 3557 1235 3608 commune
1256 3542 1379 3611 bonum
1401 3548 1478 3612 eins-

183 3654 256 3719 dem
286 3652 378 3735 regni
408 3671 471 3718 non
504 3651 670 3733 contingat
702 3651 888 3733 aliqualiter
919 3651 1080 3733 impediri.
1126 3654 1248 3721 Datum
1283 3658 1478 3741 Nuremberg

184 3767 237 3833 die
268 3765 345 3831 Vlll
377 3763 581 3844 Nouembris,
619 3782 790 3846 regnorum
829 3769 1013 3831 nostrorum
1050 3783 1133 3833 anno
1168 3769 1305 3838 Boemie
1342 3772 1477 3852 XlssiVQ

184 3881 399 3947 Romanorum
424 3875 658 3946 veronxlnb.

756 4037 806 4101 Ad
830 4037 1016 4103 mandatum
1040 4038 1164 4104 domini
1184 4041 1275 4124 regis

552 4149 761 4216 Wenceslaus
785 4151 972 4233 patriarcba
994 4152 1235 4237 Anthiocensis,
1259 4158 1477 4225 cancellarius.

289 4340 360 4408 Orig.
385 4356 461 4408 perg.
486 4357 501 4392 v
521 4339 632 4393 urclrivu
657 4355 678 4394 c.
697 4340 724 4393 k.
744 4339 981 4394 mistodrditelstri
1002 4340 1122 4395 vPraze
1148 4343 1173 4395 A
1190 4342 1218 4398 11
1237 4343 1259 4399 b
1279 4352 1322 4401 98.
1359 4347 1479 4404 Smenii

186 4434 274 4502 podati
298 4435 467 4491 lrrdlovskou
491 4452 526 4489 na
547 4436 618 4489 rubn
636 4434 810 4504 piitiitdnotu
838 4437 880 4490 ule
899 4436 980 4490 valnd
992 4435 1182 4506 poikozeuou.
1204 4437 1346 4496 Veterem
1360 4448 1481 4514 prirnim

186 4530 322 4598 rukopisu
351 4531 461 4585 archivo
489 4548 523 4584 nr.
542 4531 632 4601 Praby
659 4531 813 4600 apodatkn
838 4531 889 4585 XV
907 4533 1001 4587 stolati
1026 4548 1063 4588 na
1085 4533 1103 4587 l.
1122 4537 1195 4588 25³b
1221 4535 1264 4591 dte
1283 4551 1315 4592 se
1337 4555 1354 4594 o
1374 4541 1482 4598 bernicb

188 4643 204 4680 a
223 4624 333 4679 tiroctch
352 4624 469 4690 rodntcb,
485 4626 530 4693 jol
551 4626 585 4679 do
606 4625 720 4696 komory
740 4628 888 4681 krolorslrc
907 4627 1005 4697 platily
1023 4628 1146 4699 kltdtery
1166 4647 1181 4685 a
1199 4631 1269 4686 kral.
1284 4635 1376 4691 mesto
1393 4639 1484 4694 takto:
