3098 5392
647 417 723 467 rasa.
1283 412 1347 480 327

148 616 317 685 Johannes
340 618 392 686 dei
415 622 524 702 gracia
546 621 679 688 Boemie
701 641 756 688 rex
773 642 811 689 aa
826 622 1117 705 anemburgensis
1135 640 1249 689 comes.
1267 623 1347 689 Prn-

46 729 201 796 dentibus
224 733 306 797 viris
323 784 330 797 .
347 784 355 797 .
375 732 489 815 jndici,
506 787 513 799 .
532 786 539 800 .
559 736 678 819 juratis
704 754 742 802 aa
764 738 917 819 magistro
941 736 1062 802 ciuium
1083 736 1117 800 in
1139 735 1346 818 Nuenburga,

46 839 196 910 fidelibus
219 846 341 911 nostris
368 845 507 927 dilectis,
539 848 680 930 graciam
712 868 802 915 suam
825 855 858 915 et
880 867 973 915 omne
1002 848 1129 914 bonum.
1176 849 1266 915 Scire
1288 867 1346 915 vos

49 957 206 1038 volumus,
230 960 316 1040 quod
338 960 567 1042 molendinum,
590 963 676 1044 quod
699 964 840 1029 seruitor
860 968 970 1028 noster
992 961 1099 1028 dictus
1120 961 1289 1027 ll‘uchuin
1312 961 1346 1026 in

51 1067 211 1138 Camarow
242 1090 340 1154 super
362 1072 465 1139 Albea
495 1076 675 1141 construxit
697 1079 730 1141 et
752 1075 792 1141 de
815 1094 899 1142 nouo
927 1071 1101 1154 edificauit,
1136 1073 1197 1139 hoc
1226 1072 1346 1139 iactum

54 1189 97 1247 cst
119 1202 158 1248 ex
180 1183 320 1267 quadam
335 1185 532 1268 ignorancia,
555 1185 597 1253 de
618 1205 681 1269 quo
703 1207 789 1254 nunc
811 1187 975 1253 informati
992 1204 1113 1267 sumus,
1137 1186 1222 1267 qnod
1244 1186 1345 1251 Thas-

56 1297 119 1360 soni
135 1297 227 1378 prius
245 1296 434 1365 dederamus
458 1305 492 1366 et
513 1319 611 1384 super
633 1320 671 1367 eo
694 1302 818 1382 priores
834 1305 962 1367 nostras
978 1301 1103 1366 litteras
1120 1299 1235 1365 habuit
1249 1317 1345 1382 quam

58 1405 266 1476 lrncbwinus.
290 1410 449 1478 Nolumus
472 1419 589 1496 tamen,
613 1415 699 1496 quod
722 1415 828 1480 dictus
848 1414 1058 1480 Truchwinus
1081 1413 1115 1478 in
1137 1411 1345 1479 edificacione

59 1521 183 1597 predicti
215 1525 391 1592 molendini
420 1527 552 1610 aliquod
582 1527 755 1610 dampnum
788 1527 905 1592 habeat
935 1531 992 1592 aut
1021 1525 1176 1608 paciatur,
1212 1524 1269 1591 sed
1292 1543 1347 1590 vo·

61 1627 160 1716 lomus,
185 1636 272 1718 qnod
294 1638 449 1722 quicquid
471 1639 615 1722 prefatus
633 1640 842 1707 lrnchwinus
862 1640 896 1705 in
912 1637 1120 1705 edificacione
1135 1643 1169 1704 et
1183 1642 1345 1704 smuctnrs

60 1761 153 1814 coram
176 1749 268 1815 vobis
292 1751 514 1818 demonstrare
535 1754 664 1835 poterit,
688 1753 772 1836 quod
795 1753 830 1818 id
852 1770 910 1834 per
932 1752 1053 1818 dictum
1068 1752 1267 1817 Thassonem
1288 1756 1346 1817 aut

59 1859 156 1941 adnm,
181 1862 238 1942 qui
259 1863 442 1944 predictum
463 1865 682 1931 molendinum
705 1866 822 1932 habere
845 1866 992 1945 voluerit,
1016 1862 1079 1930 sibi
1100 1865 1292 1931 restituatur
1313 1868 1347 1930 et

50 1975 229 2041 omnimode
249 1979 466 2060 percoluntur,
488 1980 535 2044 ita
556 1985 673 2060 tamen,
697 1980 783 2061 quod
798 1979 920 2045 dictum
941 1977 1159 2044 molendinum
1181 1982 1215 2043 et
1236 1995 1347 2044 omncs

48 2089 204 2153 nicetes
237 2090 308 2155 eius
337 2090 428 2172 prins
459 2097 627 2175 perceptas
659 2097 691 2157 et
720 2091 945 2175 percipiendas
975 2092 1200 2173 inposterum
1221 2090 1345 2156 tamdiu

40 2192 164 2266 babere
187 2200 351 2267 tenebitur
373 2208 406 2268 et
428 2203 565 2284 debebit,
589 2203 690 2269 donec
706 2203 830 2286 prelato
843 2204 1033 2270 Trnchwino
1055 2222 1114 2269 sna
1134 2204 1273 2286 pecunia
1286 2221 1345 2286 pro

35 2314 191 2395 sepefato
212 2314 396 2381 molendino
419 2315 518 2382 fuerit
538 2317 741 2399 integraliter
764 2322 797 2383 et
819 2318 852 2382 in
874 2322 987 2399 parata
1017 2317 1154 2399 pecunia
1180 2316 1345 2399 persoluta

36 2431 102 2491 aut
124 2425 312 2508 certificata,
335 2427 421 2511 quod
442 2429 579 2512 proinde
600 2429 681 2494 bene
704 2434 737 2495 et
758 2430 873 2495 merito
895 2430 1038 2512 potuerit
1059 2429 1248 2496 contentari.
1292 2429 1345 2494 In·

38 2557 144 2620 super
167 2541 196 2606 si
218 2541 385 2623 predictus
408 2543 508 2609 Tssso
539 2547 596 2608 aut
625 2543 707 2608 alter
736 2543 918 2626 quicunque
945 2543 1105 2624 prelatum
1127 2542 1345 2608 molendinum

37 2650 164 2719 habere
185 2654 335 2736 noluerit,
359 2656 517 2737 nolumus,
541 2656 626 2739 quod
648 2674 668 2720 a
690 2655 778 2720 dicta
801 2656 935 2721 ciuitate
957 2660 1067 2722 nostra
1094 2654 1343 2738 Nuenbnrgensi

46 2765 253 2849 alienaretur,
286 2767 344 2833 aed
374 2787 412 2834 eo
437 2768 512 2852 jure
542 2774 574 2835 et
603 2768 697 2834 modo
726 2768 845 2834 habere
868 2774 900 2834 et
921 2774 1032 2835 tenere
1054 2767 1224 2848 debebunt,
1260 2767 1346 2833 sicut

49 2877 233 2946 ancwinus
257 2886 454 2962 prenotatus.
490 2882 580 2960 Item,
606 2887 742 2964 quatuor
765 2882 953 2963 septimane,
977 2899 1038 2965 qua
1062 2886 1139 2946 sunt
1160 2899 1242 2947 anno
1267 2898 1344 2961 qno-

63 2988 132 3056 libet
152 2999 284 3076 propter
313 2994 408 3060 deum
439 2994 600 3078 deputate,
631 3000 726 3076 prout
749 2997 906 3061 veraciter
928 2995 1154 3073 intelleximus,
1185 2993 1344 3072 nolumus,

65 3104 136 3179 qnod
156 3105 241 3172 dicte
264 3112 403 3186 quatuor
433 3108 610 3190 septimane
636 3127 760 3191 quoquo
790 3108 884 3174 modo
913 3107 1140 3190 infringantur,
1173 3108 1230 3172 sed
1260 3126 1344 3172 anno

68 3217 192 3289 quolibet
207 3220 412 3302 expleantur;
436 3226 470 3286 et
492 3223 521 3286 si
543 3226 731 3303 prenotatus
744 3221 866 3285 Thasso
890 3219 980 3285 robis
997 3240 1060 3286 non
1076 3220 1198 3284 valeret
1212 3220 1253 3284 ad
1269 3239 1343 3285 con·

72 3326 153 3396 tinem
180 3337 215 3397 et
242 3333 283 3398 ad
307 3334 362 3415 jus
386 3334 529 3400 ciuitatis
553 3340 668 3413 restro,
703 3339 780 3399 tunc
810 3335 966 3414 volumus,
1002 3334 1086 3416 quod
1117 3334 1237 3415 aliquis
1271 3353 1345 3399 con·

74 3438 169 3511 ciuium
190 3448 337 3530 predicte
360 3452 467 3513 vestre
489 3447 634 3513 ciuitatis
657 3465 677 3510 s
700 3445 843 3527 sepefato
866 3446 1055 3512 Truchuino
1087 3447 1192 3526 ipsum
1224 3447 1345 3511 molen·

80 3547 163 3624 diuum
186 3562 220 3625 in
242 3578 282 3625 ea
304 3562 450 3642 pecunia,
474 3565 508 3624 vt
530 3560 711 3642 predictum
733 3564 791 3639 est,
822 3566 855 3624 et
877 3560 1022 3624 exsoluat
1051 3564 1084 3623 et
1106 3559 1150 3639 id,
1181 3559 1265 3640 qnod
1294 3578 1345 3625 re

77 3661 177 3737 siduum
199 3673 300 3739 luerit
321 3673 405 3738 vltra
427 3674 597 3755 pecuniam
620 3673 699 3737 dicti
721 3672 912 3752 Trochuini,
940 3673 1098 3750 volumus,
1122 3676 1156 3735 rt
1171 3671 1251 3735 illud
1266 3673 1344 3737 Tas-

76 3785 123 3847 sni
143 3788 341 3852 restituatur.
365 3787 518 3852 Preterea
533 3787 680 3852 volumus
703 3791 736 3850 et
758 3786 906 3851 districte
922 3785 1012 3851 vobis
1029 3784 1236 3867 precipiendo
1255 3803 1344 3849 man-

75 3885 170 3979 damus,
205 3905 376 3981 qnatenus,
407 3900 435 3963 si
466 3898 630 3980 predictus
661 3899 783 3963 Tlrasso
817 3903 874 3962 aut
907 3899 989 3963 alter
1014 3898 1197 3979 quicunque
1219 3895 1343 3978 prefato

73 4000 236 4077 Tmohuino
267 4014 300 4077 in
328 4013 493 4078 solucione
526 4030 584 4077 sne
614 4012 750 4092 pecunie
780 4029 838 4076 seu
868 4011 942 4075 aliis
972 4011 1076 4075 modis
1099 4010 1344 4091 quibuscunque

67 4120 172 4206 aliquid
194 4126 410 4208 preiudicium
433 4143 490 4190 sen
514 4143 688 4206 grauarnen
719 4124 838 4188 inferre
872 4124 1000 4203 vellent,
1035 4128 1152 4188 extunc
1184 4122 1343 4203 prelatum

64 4232 272 4304 lluchwinum
295 4238 335 4303 ab
350 4238 534 4303 huiusmodi
550 4238 679 4303 iniuriis
697 4256 754 4301 seu
771 4236 1012 4325 grauaminibus
1025 4236 1218 4303 anctoritate
1232 4240 1344 4302 nostre

53 4353 136 4433 regia
170 4370 209 4417 aa
232 4370 290 4432 pro
320 4370 417 4431 posse
450 4356 556 4416 vestro
587 4351 671 4416 tucri
702 4356 735 4414 et
764 4349 935 4414 defendere
965 4350 1145 4415 omnimode
1175 4349 1343 4429 studeatis,

45 4464 104 4529 loc
126 4464 314 4528 nullatenus
344 4464 537 4528 ommissuri.
584 4463 706 4528 Harum
731 4464 814 4528 serie
845 4464 1018 4528 literarum.
1065 4464 1184 4528 Datum
1209 4463 1343 4529 Lucem·

41 4580 125 4660 burg
149 4576 182 4641 in
206 4576 290 4642 festo
313 4575 485 4642 diuisionis
514 4577 680 4642 beatorum
712 4579 853 4643 omnium
875 4578 1094 4660 apostolorum
1115 4596 1199 4642 suno
1222 4577 1343 4642 domini

34 4687 385 4761 siccamine.
