3150 5378
694 564 769 613 raoe.
1295 562 1380 629 1027

72 776 212 859 pretatis
233 775 329 842 bonis
363 773 432 838 suis
463 790 520 853 per
543 771 647 853 ipsam
679 768 892 836 Katherinem
924 771 986 854 ipsi
1010 769 1153 838 Johanni
1176 789 1235 837 suo
1258 771 1376 838 marito

73 908 183 956 coram
205 888 340 971 prefatis
364 885 506 953 scabinis
529 891 562 951 et
584 882 781 951 consulibus
794 883 940 967 predicte
955 884 1100 950 ciuitatis
1123 889 1235 951 nostre
1256 884 1378 952 factam

72 1008 180 1069 ratam
202 1008 235 1067 et
257 1007 382 1085 gratam
405 999 524 1065 habere
557 1006 590 1065 et
621 996 810 1065 confirmare
841 998 1021 1080 gratiosius
1045 997 1261 1080 dignaremur.
1307 997 1375 1064 Nos

73 1133 154 1179 uero
190 1114 299 1180 habito
332 1117 484 1194 respectu
514 1111 556 1177 ad
579 1109 773 1193 multiplicia
806 1109 975 1176 fidelitatis
1005 1109 1160 1193 obsequia
1192 1110 1285 1177 nobis
1319 1130 1378 1194 per

71 1227 236 1310 prefatum
269 1226 451 1293 iohannem
485 1225 642 1291 hactenus
664 1224 812 1305 impensa
836 1229 868 1289 et
890 1241 1045 1305 processu
1070 1224 1228 1306 temporis
1250 1224 1374 1307 impen-

70 1340 180 1406 denda
202 1359 265 1405 non
289 1357 348 1421 per
369 1356 511 1405 errorem
532 1344 588 1403 aut
612 1336 802 1420 improuide,
826 1337 883 1403 sed
899 1339 1006 1404 animo
1030 1336 1209 1403 deliberato
1224 1356 1372 1420 sanoque
1496 1418 1502 1429 ι

70 1453 221 1521 fidelium
236 1459 418 1519 nostrorum
433 1450 608 1516 accedente
623 1449 759 1516 consilio
775 1450 1033 1531 resignacionem
1046 1448 1234 1515 medietatis
1256 1449 1376 1533 prefati

67 1566 193 1650 judicii
217 1585 279 1631 vna
299 1584 372 1631 cum
393 1564 487 1631 bonis
510 1563 701 1647 prescriptis
723 1582 781 1644 per
803 1561 962 1645 prefatam
983 1561 1197 1629 Katherinam
1229 1565 1377 1646 predicto

68 1680 226 1759 Johanni,
243 1679 348 1761 ipsius
364 1676 554 1759 conthorali,
570 1694 679 1744 coram
701 1675 844 1745 scabims
867 1680 900 1742 et
923 1675 1109 1742 consulibus
1125 1676 1271 1759 predicte
1293 1677 1377 1743 ciui·

67 1793 151 1859 tatis
174 1798 286 1856 nostre
307 1791 508 1874 Pylzncnsis‚
544 1791 629 1857 sicut
659 1791 868 1873 premittitur,
898 1789 1016 1857 factam
1049 1794 1154 1856 ratam
1186 1797 1220 1856 et
1251 1795 1375 1873 gratem

65 1906 238 1982 habentes,
273 1905 377 1987 ipsam
408 1902 670 1969 confirmauimus
701 1907 735 1969 et
766 1904 888 1968 uirtute
918 1904 1122 1986 presencium
1150 1903 1242 1985 regia
1264 1907 1375 1968 aucto·

10 2034 12 2039 ·
63 2021 170 2084 ritate
191 2017 323 2083 Boemie
355 2023 388 2084 et
418 2019 569 2084 decerta
601 2022 714 2083 nostra
744 2018 886 2083 sciencia
925 2016 1107 2099 graciosins
1138 2014 1373 2098 confirmamus,

63 2132 219 2198 volentes
242 2149 404 2213 expresse,
426 2130 513 2213 quod
538 2129 676 2212 predicti
694 2129 813 2213 judicii
836 2130 1044 2196 medietatem
1067 2148 1129 2195 vna
1151 2149 1225 2196 cum
1239 2129 1375 2213 prefatis

61 2246 178 2324 bonis,
211 2249 247 2309 ut
269 2243 441 2326 prefertur,
477 2245 642 2327 predictus
666 2243 832 2311 Johannes
855 2243 928 2310 Plik
951 2248 984 2309 et
1005 2243 1185 2310 Katherina
1218 2244 1375 2327 predicta,

59 2360 178 2443 ipsius
193 2357 399 2437 conthoralis,
422 2375 545 2422 necnon
568 2356 673 2439 ipsius
694 2355 832 2423 heredes
848 2362 881 2421 et
895 2373 1110 2436 successores,
1136 2356 1272 2422 alteram
1295 2376 1372 2423 uero

59 2470 219 2540 eiusdem
236 2469 354 2553 judicii
377 2469 583 2535 medietatem
616 2468 762 2551 predicta
792 2470 928 2551 Regina,
963 2468 1068 2552 ipsius
1090 2468 1270 2536 Katherine
1293 2475 1370 2536 neta

60 2594 96 2653 ct
124 2583 205 2664 tilia,
229 2582 346 2665 prelati
369 2581 506 2648 Henrici
528 2582 682 2664 orphana,
714 2601 811 2666 quam
834 2583 907 2665 ipsa
930 2582 1107 2648 liutherius
1135 2602 1208 2648 cum
1231 2583 1375 2649 tuicione

59 2708 95 2764 et
124 2697 365 2781 gubernatione
387 2695 533 2762 eiusdem
557 2713 613 2761 seu
638 2694 822 2761 medietatis
857 2696 995 2778 predicti
1013 2695 1132 2778 judicii
1155 2696 1189 2760 in
1212 2701 1374 2776 potestate

60 2830 129 2878 sura
153 2808 273 2874 hebere
296 2812 329 2873 et
350 2813 462 2873 tenere
492 2805 609 2872 debeat
637 2806 772 2887 tamdiu,
803 2826 971 2890 quousque
1004 2809 1077 2890 ipsa
1107 2808 1233 2890 Regina
1264 2810 1372 2875 debite

60 2942 128 2993 sue
160 2922 360 2988 maturitatis
390 2925 423 2987 et
443 2920 654 2987 discrecionis
685 2938 786 2987 annos
817 2920 916 2985 tuerit
947 2921 1091 3002 plenarie
1114 2927 1273 3003 assecuta,
1298 2940 1371 2987 cum

61 3036 235 3104 uniuersis
258 3041 291 3101 et
313 3035 450 3118 singulis
485 3033 699 3115 libertatibus,
733 3035 950 3114 honoranciis,
985 3035 1145 3117 censibus,
1178 3036 1371 3117 redditibus,

59 3147 370 3229 consuetudinibus,
402 3147 561 3215 fructibus
592 3155 624 3214 et
654 3149 875 3231 mouentibus,
912 3151 944 3215 in
967 3149 1213 3233 quibuscunque
1248 3146 1370 3236 [rebus]

59 3263 251 3333 consistant
274 3261 434 3344 quibusue
458 3260 652 3343 specialibus
677 3268 902 3344 nuncupentur
925 3262 1117 3343 nominibus,
1151 3270 1248 3345 prout
1269 3266 1371 3330 eciam

60 3377 185 3445 eadem
208 3375 315 3440 omnia
336 3374 502 3456 predictus
525 3372 686 3441 Henricus
709 3376 876 3458 hucusque
898 3375 1021 3456 habuit,
1043 3376 1150 3442 tenuit
1171 3382 1204 3442 et
1226 3377 1372 3459 possedit

59 3500 96 3559 et
123 3490 159 3556 id
183 3489 288 3572 ipsum
319 3489 353 3554 in
376 3489 480 3555 literis
511 3489 685 3571 regalibus,
717 3509 796 3572 quas
828 3508 847 3553 a
877 3491 1094 3556 serenissimis
1128 3490 1291 3572 quondam
1314 3492 1370 3556 do-

59 3603 168 3674 minis
190 3600 339 3668 Johanne
362 3601 513 3670 videlicet
535 3621 597 3669 auo
620 3608 653 3669 et
674 3600 806 3683 Karolo,
821 3604 970 3684 genitore
988 3604 1103 3670 inclite
1120 3604 1234 3670 domus
1250 3611 1368 3683 nostre,

57 3715 203 3786 Boemie
234 3714 365 3797 regibus
398 3718 519 3782 nestris
553 3717 749 3798 carissimis,
785 3735 908 3784 necnon
939 3736 959 3783 a
989 3717 1082 3784 nobis
1114 3737 1212 3800 super
1244 3719 1369 3800 prefato

51 3828 191 3917 judicio
207 3827 334 3909 habent,
349 3833 461 3894 tenent
477 3835 508 3895 et
525 3828 703 3912 possident,
719 3830 865 3911 plenarie
881 3830 1074 3912 continetur,
1096 3849 1221 3897 exnunc
1237 3832 1368 3898 inantea

55 3943 199 4021 habere,
232 3946 343 4007 tenere
374 3948 407 4007 et
437 3943 603 4026 perpetuis
638 3943 837 4026 temporibus
868 3942 1006 4009 debeant
1034 3941 1168 4026 pacifice
1190 3944 1367 4027 possidere,

54 4053 310 4139 impedimentis
344 4055 560 4136 quorumlibet
590 4055 719 4138 penitus
760 4057 871 4139 procul
905 4057 1012 4138 motis,
1047 4057 1095 4123 sic
1127 4063 1247 4138 tamen,
1282 4059 1367 4139 quod

57 4168 239 4257 predictus
254 4166 420 4234 iohannes
436 4175 468 4234 et
484 4169 673 4252 Katherina,
697 4172 893 4237 conthoralis
917 4188 985 4252 sua,
1010 4171 1163 4254 quamdiu
1186 4172 1364 4254 predictam

54 4282 226 4365 Regim
242 4280 276 4345 in
291 4285 451 4362 potestate
474 4300 534 4347 sue
556 4281 738 4364 habuerint,
763 4285 866 4366 ipsius
883 4285 1007 4367 Regine
1030 4284 1114 4351 bona
1134 4286 1280 4351 minuere
1302 4305 1366 4351 non

55 4397 217 4474 debeant,
240 4393 298 4459 sed
320 4395 433 4476 pocius
456 4395 627 4479 adaugere.
650 4397 774 4464 Eadem
796 4399 899 4465 eciam
921 4399 1057 4481 Regina,
1080 4405 1248 4481 postquam
1264 4419 1365 4465 annos

55 4510 178 4579 debite
199 4525 257 4572 sue
279 4509 476 4575 maturitatis
500 4515 533 4575 et
555 4510 766 4580 discrecionis
789 4513 906 4595 adepta
928 4518 960 4579 et
982 4518 1133 4579 assecuto
1154 4512 1262 4593 tuerit,
1291 4530 1362 4595 pre-

56 4626 156 4692 dicta
172 4637 233 4686 sua
246 4619 331 4686 bona
346 4627 491 4703 paterna,
514 4624 548 4689 in
569 4624 815 4708 quibuscunque
837 4627 1027 4706 consistant,
1050 4644 1108 4709 per
1130 4626 1286 4709 seipsam
1308 4627 1365 4692 ha-

54 4738 153 4813 here,
177 4737 290 4798 tenere
312 4739 345 4798 et
366 4733 547 4816 gubernare
569 4737 697 4817 poterit,
720 4742 816 4819 prout
838 4738 900 4803 sibi
921 4739 1173 4806 conueniencius
1195 4744 1228 4805 et
1251 4740 1364 4805 utilius
