3098 5392
676 110 752 161 raes.
1308 111 1373 177 573

79 333 282 382 successores
316 316 438 384 eisdem
470 318 678 386 braxantibus
714 319 909 386 tenebuntur
941 318 1143 401 integraliter
1176 325 1371 387 restaurare.

79 429 230 498 Ceterum
253 431 417 514 sepedicto
432 433 584 499 Michaeli
608 432 811 515 indulsimus,
834 433 980 500 iauemns
1003 436 1037 498 et
1058 432 1265 500 admissimus
1279 431 1320 517 ¹⁸)
1340 439 1373 502 et

78 545 282 626 presentibus
305 546 519 629 indulgemus,
542 548 627 631 quod
649 548 720 630 ipse
743 567 780 614 eo
804 547 1038 615 commodosius
1068 565 1184 628 aquam
1211 549 1310 614 talem
1330 548 1371 616 ad
1448 528 1452 535 ¹

77 659 244 726 ciuitatem
272 665 306 726 et
335 660 376 726 ad
406 662 477 728 loca
507 662 693 744 supradicta
722 662 840 728 ducere
866 662 981 743 valeat,
1015 660 1099 745 quod
1132 661 1204 742 ipse
1237 662 1371 728 eandem

76 790 193 856 equam
216 773 250 839 in
273 773 416 840 fontibus
439 775 511 840 siue
535 775 625 855 locis,
656 774 846 856 ubicumque
876 775 958 840 hanc
987 774 1131 856 reperire
1150 775 1287 856 poterit,
1321 793 1372 840 re-

77 887 186 970 cipere
216 887 339 969 debeat,
356 892 389 953 et
403 887 556 970 piscinas,
580 907 659 972 quas
674 889 745 970 ipse
760 889 825 955 iam
847 889 888 956 ad
907 889 967 955 hoc
982 888 1067 969 lecit,
1091 887 1125 954 in
1144 887 1224 955 locis
1241 888 1372 969 quibus·

77 1019 215 1082 cumque
237 1001 375 1068 situatas
397 1020 454 1085 per
477 1021 513 1068 se
533 1003 639 1085 possit
655 1003 850 1070 hereditarie
863 1001 1039 1084 possidere.
1063 1001 1219 1067 Nolentes
1238 1002 1372 1069 nichilo-

75 1115 184 1182 minus
207 1120 240 1181 et
261 1116 422 1197 presentis
446 1116 559 1199 scripti
580 1117 760 1199 patrocinio
790 1115 925 1182 firmiter
957 1115 1148 1196 inhibemus,
1182 1134 1223 1180 ne
1254 1115 1371 1198 aliquis

76 1229 108 1293 in
131 1228 328 1295 braxatoriis
351 1229 495 1294 ciuitatis
521 1235 631 1295 nostre
660 1229 855 1312 supradicte,
884 1248 946 1312 que
976 1247 1061 1295 nunc
1091 1233 1166 1294 sunt
1188 1228 1238 1294 vel
1263 1246 1372 1293 succe·

76 1340 174 1405 dente
195 1344 340 1423 tempore
362 1360 419 1424 per
441 1360 660 1424 quoscumque
675 1341 911 1423 edificarentur,
933 1341 1070 1409 forsitan
1091 1341 1227 1407 braxare
1249 1342 1370 1422 volens,

76 1455 307 1537 cuiuscumque
330 1460 434 1521 status
458 1455 609 1536 extiterit,
633 1456 695 1521 sibi
719 1461 829 1522 contra
851 1455 1031 1537 predictum
1053 1458 1199 1520 nostrum
1221 1455 1372 1537 generale

76 1571 234 1632 statutum
256 1586 294 1632 ao
316 1567 526 1633 donacionem
558 1567 693 1650 prelatis
716 1567 867 1634 Michaeli
897 1572 930 1632 et
958 1567 1026 1633 suis
1057 1567 1307 1649 successoribus,
1337 1573 1373 1632 vt

76 1679 266 1763 predicitur,
300 1680 418 1746 factam
448 1681 588 1764 aliquam
611 1680 869 1763 singularitatem
890 1678 997 1746 facere
1018 1685 1076 1745 aut
1098 1680 1161 1746 sibi
1183 1699 1241 1762 per
1263 1698 1298 1745 se
1321 1680 1371 1744 vel

80 1812 141 1875 per
151 1792 234 1859 alios
249 1793 290 1859 ad
305 1793 503 1859 braxandum
518 1795 718 1873 cerauniam,
733 1794 798 1859 nisi
814 1794 918 1859 soluto
934 1793 1024 1875 prius
1040 1793 1203 1876 sepedicto
1218 1792 1372 1858 Michaeli

76 1907 127 1971 vel
162 1906 231 1972 suis
255 1906 495 1973 successoribus
525 1907 566 1972 de
594 1906 767 1972 braxatura
797 1926 859 1971 vno
891 1924 1002 1987 grosso
1025 1907 1076 1972 vel
1098 1906 1202 1972 solido
1224 1905 1371 1988 bedensi,

75 2038 194 2101 aquam
218 2018 456 2101 quomodolibet
482 2019 599 2084 ducere
627 2018 768 2084 audeant
789 2019 840 2083 vel
863 2022 1057 2100 presumant
1102 2018 1137 2086 Si
1159 2018 1215 2100 qui
1237 2037 1313 2086 vero
1336 2037 1372 2085 se

74 2134 151 2200 huic
190 2138 300 2198 nostro
339 2136 460 2198 statuto
493 2132 664 2198 temerarie
697 2133 731 2197 ln
762 2133 871 2213 aliquo
908 2150 1069 2215 opponere
1105 2133 1371 2214 presumpserint,

74 2251 192 2313 extunc
214 2246 295 2328 ipsis
311 2245 464 2312 Michaeli
487 2252 520 2312 et
543 2247 610 2312 suls
633 2245 806 2312 heredibus
829 2265 866 2311 ac
889 2245 1130 2312 successoribus
1153 2245 1194 2311 ad
1217 2246 1371 2312 resisten-

74 2361 152 2426 dum
172 2360 295 2425 eisdem
318 2378 376 2426 nos
399 2360 554 2426 assistere
576 2359 734 2441 volumus,
758 2378 813 2426 eos
830 2360 916 2425 circa
931 2360 1038 2425 omnia
1054 2361 1202 2441 superius
1218 2377 1372 2443 expressa

75 2471 213 2555 pacifice
236 2472 466 2553 conseruando,
493 2473 551 2537 tali
576 2473 678 2538 eciam
699 2471 825 2538 adiecta
849 2472 1046 2552 condicione,
1078 2472 1163 2553 quod
1187 2472 1371 2554 sepedictus

74 2586 216 2651 Michael
239 2589 272 2650 et
294 2585 414 2667 singuli
437 2603 640 2651 successores
662 2590 792 2667 pontem
806 2586 961 2651 maiorem
975 2589 1065 2650 mans
1080 2584 1215 2650 fluuium
1231 2585 1371 2650 Zazauie

73 2719 178 2783 prope
201 2700 361 2781 hospitale
382 2699 502 2766 factum
525 2704 557 2764 et
580 2701 681 2764 eciam
704 2718 813 2765 omnes
837 2699 918 2764 alies
941 2703 1055 2781 pontes
1071 2701 1146 2763 ante
1161 2697 1273 2762 ualuas
1290 2697 1370 2762 ciui-

72 2815 152 2879 tatis
176 2819 285 2879 nostre
307 2812 471 2895 sepedicta
493 2832 565 2878 oum
586 2812 698 2894 paruis
721 2811 819 2894 lignis
843 2812 981 2893 desuper
1003 2809 1171 2893 ponendis,
1196 2827 1258 2890 que
1273 2810 1369 2891 wlga-

73 2928 156 2993 riter
180 2927 365 2992 streuholoz
389 2926 549 3005 dicuntur,
574 2926 864 3006 quocienscumque
887 2922 1048 3004 deficiunt,
1073 2925 1142 2989 suis
1165 2923 1306 3007 propriis
1321 2922 1369 2986 in-

73 3042 186 3122 pensis
222 3046 254 3104 et
287 3039 449 3105 laboribus
479 3039 649 3103 meliorare
679 3056 716 3102 ao
746 3037 921 3103 reformare
954 3037 1092 3102 debeant
1125 3042 1157 3102 et
1190 3040 1369 3117 teneantur,

73 3154 276 3220 addicientes
288 3151 327 3236 ¹⁴)
352 3154 453 3218 eciam
476 3152 517 3216 de
536 3152 645 3233 gracia
661 3151 804 3232 speciali,
815 3149 854 3234 15)
879 3152 907 3217 si
931 3170 1069 3234 unquam
1085 3150 1276 3217 succedente
1291 3155 1370 3215 tem·

72 3287 152 3350 pore
176 3267 381 3348 supradictus
405 3265 544 3329 Michael
563 3265 614 3329 vel
632 3265 682 3329 sui
697 3265 831 3330 heredes
849 3265 934 3331 circa
949 3265 1070 3330 dictum
1085 3265 1228 3330 laborem
1241 3263 1369 3328 diucius

72 3399 264 3464 permanere
279 3399 318 3445 ex
333 3396 533 3462 quacumque
549 3396 646 3444 causa
661 3397 723 3443 non
740 3384 872 3459 possent
886 3379 1032 3459 forsitan,
1056 3378 1141 3461 quod
1157 3377 1220 3459 ipsi
1232 3377 1369 3442 eundem

72 3495 217 3560 laborem
240 3498 273 3558 et
294 3511 403 3559 curam
426 3511 498 3557 oum
520 3490 714 3556 utilitatibus
737 3491 891 3572 predictis
918 3490 1011 3586 alteri
1034 3490 1157 3556 adhoc
1180 3495 1255 3572 apto
1278 3489 1369 3555 licite

72 3607 284 3686 committere,
310 3606 452 3687 obligare
476 3605 526 3669 vel
542 3605 680 3670 vendere
696 3610 856 3686 poterunt,
880 3606 934 3687 qui
951 3604 1043 3669 nobis
1059 3609 1092 3669 et
1107 3603 1233 3669 ciuibus
1249 3603 1369 3668 nostris

71 3716 348 3801 Brodcnsibus¹⁶l
373 3719 479 3784 emnia
502 3720 652 3801 superius
685 3737 837 3799 expressa
861 3720 930 3783 sine
952 3719 1068 3800 quouis
1090 3717 1293 3799 negligencia
1314 3717 1370 3782 ad-

71 3834 200 3914 inplere
221 3832 392 3897 tenebitur.
439 3832 501 3911 Qui
532 3833 634 3897 eciam
659 3832 789 3896 racione
818 3831 915 3896 huius
946 3831 1074 3896 debebit
1102 3831 1268 3913 percipere
1297 3849 1371 3912 pro-

70 3953 192 4012 uentus
217 3947 361 4028 singulos
384 3950 579 4027 prenotatos.
614 3945 650 4010 In
674 3963 810 4028 quorum
832 3944 973 4009 omnium
997 3944 1197 4010 euidenciam
1220 3949 1253 4009 et
1274 3943 1372 4010 robur

68 4065 231 4144 perpetue
254 4059 427 4123 valiturum
455 4059 563 4141 sigilla
593 4054 752 4140 nostra²⁷l
786 4058 928 4139 presenti
959 4059 1067 4124 littere
1089 4058 1129 4123 de
1151 4061 1240 4124 certa
1260 4062 1371 4124 nostra

69 4173 218 4239 sciencia
245 4170 384 4253 appendi
415 4170 639 4235 mandauimus
651 4167 690 4255 ¹⁸)
722 4170 756 4235 in
786 4170 939 4237 maiorem
970 4171 1112 4237 omnium
1141 4171 1371 4253 premissorum

68 4284 302 4353 certitudinem
325 4288 357 4349 et
380 4284 545 4348 cautelam.
570 4284 689 4348 Datum
712 4290 745 4349 et
766 4291 872 4352 actum
895 4284 995 4351 Polne
1017 4304 1100 4351 anne
1124 4283 1246 4351 domini
1267 4284 1370 4351 mille
