3098 5392
203 454 287 519 1012
820 451 895 502 nos.

193 658 267 742 jobo
288 657 417 733 Aeaco,
438 655 560 741 aceram
579 658 615 741 je
636 657 750 739 capeat
771 657 904 723 caroccii
925 654 1196 740 sparbraoscotm
1214 655 1331 724 brada
1349 658 1519 727 Hemesa

353 794 375 838 a
397 793 431 838 ac
452 772 535 838 odim
557 769 578 836 k
598 775 693 838 abac
708 771 969 854 piisluieaatvim
990 794 1009 836 v
1031 772 1152 836 ειιπιιιιέ
1174 771 1265 836 1000
1287 771 1366 855 top.

307 991 519 1059 wenceslaus
541 1027 585 1038 -
607 995 720 1058 notum
742 989 879 1056 facimus
909 1026 962 1070 -,
995 989 1081 1072 quod
1108 990 1269 1072 inspectis
1303 991 1455 1076 benigne
1484 993 1516 1059 fi-

203 1106 329 1174 delibus
352 1110 386 1171 et
409 1104 584 1172 indefessis
616 1104 781 1187 obsequiis
811 1103 904 1170 nobis
935 1122 993 1186 per
1015 1103 1182 1170 dominum
1211 1103 1455 1173 Wenceslaum
1480 1108 1514 1172 de

203 1218 386 1301 Suamberg
409 1218 531 1285 dictum
553 1219 701 1302 Tyawak,
735 1215 864 1285 fidelem
894 1223 1043 1284 nostrum
1073 1217 1237 1300 dilectum,
1276 1218 1410 1288 dudum
1432 1223 1512 1288 erhi-

203 1334 281 1402 bitis
306 1338 340 1399 et
362 1350 517 1414 processu
550 1331 705 1414 temporis
735 1349 773 1397 eo
804 1330 935 1412 quidem
958 1330 1127 1397 solleroius
1155 1330 1367 1416 exhibendis,
1402 1336 1465 1403 sibi
1486 1344 1512 1403 et

204 1449 350 1514 Anezcne
378 1447 471 1512 vrori
504 1462 563 1510 sue
591 1445 736 1526 legitime
757 1451 792 1511 et
812 1443 986 1511 heredibus
1010 1445 1155 1527 ipsorum
1175 1481 1220 1492 —
1241 1444 1512 1529 burggrauiatum

204 1565 351 1628 nostrum
374 1558 607 1641 Pyesczensem
638 1577 710 1624 cum
733 1558 838 1638 siluis,
861 1557 1073 1640 pertinenciis
1104 1558 1184 1639 suis,
1207 1576 1339 1627 necnon
1364 1563 1510 1629 censibus

204 1674 325 1741 nostris
348 1671 566 1753 hereditariis,
598 1672 654 1753 qui
678 1689 715 1737 se
736 1671 778 1737 ad
801 1671 1008 1754 septuaginta
1029 1670 1082 1737 uel
1105 1672 1297 1755 octuaginta
1331 1694 1509 1760 sexagenas

204 1806 391 1871 grossorum
413 1785 619 1852 denariorum
642 1785 850 1868 pragensium
880 1802 997 1851 census
1025 1784 1125 1850 annui
1148 1786 1341 1870 extendunt,
1377 1809 1460 1871 quos
1480 1791 1509 1855 in

204 1907 239 1969 et
259 1902 345 1968 circa
367 1899 535 1966 ciuitatem
556 1904 701 1965 nostram
723 1899 829 1982 Pyesk
860 1900 894 1965 in
923 1899 1012 1982 agris
1041 1899 1196 1967 habemus
1229 1905 1264 1966 et
1292 1905 1508 1984 possidemus,

203 2013 390 2081 huiusmodi
419 2012 594 2079 tenendum
627 2017 661 2078 et
689 2012 866 2095 regendum
899 2013 1049 2080 dedimus
1072 2019 1106 2080 et
1127 2015 1365 2098 concessimus,
1402 2017 1508 2083 damus

205 2134 238 2194 et
258 2129 381 2194 uirtute
403 2125 607 2209 presencium
629 2126 720 2206 regia
743 2125 937 2191 auctoritate
959 2127 1093 2194 Boemie
1115 2128 1325 2196 concedimus
1351 2132 1504 2214 graciose,

204 2242 314 2309 taliter
336 2240 499 2319 videlicet,
523 2238 608 2322 quod
630 2238 718 2304 idem
741 2238 953 2306 Wenceslaus
970 2247 1003 2306 et
1021 2243 1155 2308 Anezka
1177 2262 1258 2309 vxor
1282 2250 1344 2311 sua
1367 2245 1507 2328 legitima

205 2361 238 2422 et
259 2355 394 2422 heredes
425 2353 571 2435 ipsorum
601 2352 723 2419 dictum
754 2352 1021 2436 burggrauiatum
1052 2356 1288 2440 Ppesczensem
1316 2377 1394 2426 cum
1416 2359 1506 2442 perti·

204 2469 329 2536 nenciis
352 2467 431 2549 suis,
465 2471 502 2532 ut
525 2466 733 2549 premittitur,
768 2467 934 2535 vniuersis
957 2468 1084 2550 habere,
1119 2476 1231 2536 tenere
1254 2476 1290 2537 et
1318 2490 1447 2555 regere,
1474 2490 1506 2536 ac

205 2583 308 2649 eciam
331 2580 493 2665 predictos
517 2598 633 2645 census
657 2585 785 2647 nostros
807 2581 1022 2648 hereditarios
1046 2600 1103 2664 per
1119 2601 1164 2663 se,
1187 2584 1241 2649 uel
1267 2585 1323 2651 cui
1347 2586 1384 2652 id
1407 2586 1505 2669 ipsun

206 2695 356 2762 duxerint
400 2693 674 2773 committendum,
716 2694 810 2759 annis
853 2695 991 2778 singulis
1032 2694 1275 2777 impedimentis
1313 2698 1505 2781 quibuslibet

212 2809 324 2892 procul
348 2808 452 2890 pulsis
475 2812 586 2872 tenere
609 2813 642 2871 et
664 2807 774 2873 leuare
795 2809 925 2874 valeant
954 2813 1051 2891 atque
1072 2810 1201 2892 possint
1221 2811 1362 2893 tamdiu,
1398 2830 1505 2896 quous·

205 2942 267 3007 que
288 2941 357 3002 noa,
376 2919 513 2986 heredes
529 2921 580 2985 vel
596 2939 800 2986 successores
817 2922 929 3002 nostri,
946 2940 1039 3004 reges
1062 2923 1205 3003 Boemie,
1224 2924 1318 2990 mille
1333 2943 1504 3010 sexagenas

205 3055 251 3118 gr.
278 3035 482 3100 denariorum
505 3034 715 3114 pragensium
736 3034 859 3099 eisdem
880 3034 1070 3102 Wenceslao
1094 3042 1128 3101 at
1150 3039 1302 3104 Anezcze
1327 3041 1423 3106 vxori
1455 3056 1504 3105 sue

211 3150 264 3214 uel
285 3147 458 3214 heredibus
482 3147 626 3229 ipsorum
648 3166 713 3213 non
736 3147 987 3229 persoluerimus
1010 3149 1155 3231 plenarie
1177 3155 1211 3216 et
1233 3150 1269 3215 in
1293 3157 1375 3218 toto.
1422 3153 1504 3218 Post·

207 3279 303 3345 quam
337 3267 445 3327 autem
475 3261 562 3327 dicte
592 3261 681 3326 millo
715 3279 875 3343 sexagena
904 3281 951 3345 gr.
983 3281 1072 3346 prag.
1103 3281 1162 3346 per
1183 3282 1253 3344 nos,
1290 3264 1431 3332 heredes
1460 3264 1504 3329 nel

207 3394 412 3444 successores
446 3380 585 3457 nostroe,
619 3394 711 3458 reges
735 3376 877 3458 Boemie,
911 3377 992 3459 ipsis
1023 3376 1145 3444 fuerint
1175 3379 1357 3461 persolute,
1394 3385 1502 3446 exhinc

207 3491 270 3573 ipsi
293 3488 385 3555 nobis
409 3490 450 3556 de
467 3491 612 3573 predicto
634 3490 870 3573 burggrauiatu
885 3497 918 3558 et
934 3491 1085 3558 censibus
1105 3493 1227 3559 nostris
1248 3493 1505 3561 condescendere

208 3603 379 3686 debebunt,
395 3606 494 3670 nullis
510 3605 658 3687 dampnis
675 3604 815 3687 desuper
829 3607 1040 3689 quouismodo
1061 3606 1297 3690 computandis.
1316 3607 1505 3673 Mandemus

206 3719 308 3801 igitur
330 3718 495 3784 uniuersis
528 3717 720 3785 officialibus
751 3719 882 3801 nostris,
917 3721 973 3803 qui
999 3739 1085 3786 nunc
1108 3724 1184 3786 sunt
1205 3719 1259 3785 uel
1283 3739 1342 3803 pro
1365 3727 1506 3804 tempore

205 3834 347 3914 fuerunt,
358 3830 493 3898 firmiter
505 3837 537 3897 et
549 3831 705 3912 districte,
719 3838 877 3915 quatenus
889 3832 1050 3917 prefatum
1060 3833 1289 3900 Wenceslaum
1302 3835 1505 3900 etdnezkam

208 3965 338 4013 vxorem
361 3963 453 4010 suam
476 3950 509 4009 et
530 3945 667 4011 heredes
690 3965 766 4011 suos
782 3947 816 4012 in
831 3951 943 4012 tenuta
966 3952 998 4012 et
1022 3947 1228 4030 possessione
1253 3947 1505 4031 burggrauiatus

207 4059 346 4143 predicti
362 4063 395 4124 et
409 4060 620 4140 percepcione
636 4077 752 4125 census
775 4059 878 4125 nostri
902 4060 1082 4142 supradicti
1099 4078 1303 4144 nequaquam
1319 4062 1505 4144 impediant,

208 4173 265 4239 sed
288 4191 348 4239 nec
369 4190 427 4254 per
450 4173 632 4254 quempiam
662 4172 813 4257 impediri
843 4174 1022 4256 paciantur,
1057 4173 1251 4257 quinpooius
1286 4174 1376 4241 circa
1399 4177 1506 4243 huius·

207 4286 295 4351 modi
317 4289 428 4351 nostro
452 4286 581 4351 nomine
603 4291 840 4368 manuteneant,
861 4291 1031 4370 protegant
1053 4292 1087 4354 et
1107 4286 1293 4370 defendant,
1325 4290 1506 4358 inhibentes

208 4399 435 4464 nichilominus
465 4401 621 4482 magistro
656 4402 787 4482 ciuium,
823 4401 1009 4468 consulibus
1033 4406 1067 4468 et
1084 4402 1204 4486 juratis
1228 4402 1379 4472 ciuitatis
1401 4412 1507 4473 nostro

209 4512 417 4594 Pyescnensis
452 4512 599 4594 predicte
632 4532 690 4594 pro
712 4518 856 4596 tempore
878 4514 1102 4597 existentibus,
1136 4513 1289 4584 fidelibus
1317 4521 1441 4586 nostris
1463 4520 1507 4586 di·

209 4625 311 4703 lectis,
336 4626 468 4705 seriose,
492 4644 533 4690 ne
556 4625 697 4709 prelatos
719 4626 946 4696 wenceslaum
968 4633 1002 4694 et
1023 4628 1189 4697 Anezksm
1211 4636 1246 4698 et
1267 4631 1409 4701 heredes
1426 4636 1507 4719 ipso
