3098 5392
722 420 797 472 1873.
1358 415 1421 482 677

122 622 238 689 cedere
276 623 371 690 debet
406 626 536 706 penitus
570 630 603 691 et
638 625 778 692 deuolui.
815 626 915 691 Facta
952 628 1027 690 sunt
1060 624 1119 691 hec
1162 628 1195 689 et
1228 628 1301 690 acta
1333 640 1416 687 auno

121 734 370 820 MGOCLXXII,
398 738 432 804 in
448 738 561 821 vigilia
576 739 689 822 vigilie
710 739 804 805 beate
826 737 1030 821 Margarethe
1054 737 1191 820 virginis
1214 742 1247 802 et
1267 737 1419 820 martyris

122 849 175 915 die
206 850 404 935 dominica,¹)
428 853 634 935 presentibus
652 853 764 936 judice
786 857 819 919 et
835 853 955 936 juratis
986 851 1129 918 ciuitatis
1164 854 1339 917 memorate
1361 867 1419 931 pro

122 982 181 1028 sua
210 969 305 1046 parte
334 970 367 1032 et
394 966 506 1048 priore
530 985 602 1032 cum
625 967 693 1033 suis
715 965 869 1033 tratribus
892 985 930 1032 ac
953 966 1093 1032 strenuis
1119 962 1278 1032 militibus
1301 967 1334 1028 et
1364 963 1419 1028 do·

122 1079 230 1159 minis,
262 1079 391 1145 domino
422 1079 548 1147 Joanne
583 1080 624 1147 de
644 1080 872 1148 Wesschovicz
895 1099 967 1146 oum
989 1079 1113 1146 duobus
1135 1077 1213 1145 filiis
1236 1079 1315 1158 suis,
1338 1075 1419 1142 Smi-

121 1191 196 1256 lone
229 1197 262 1256 et
292 1192 463 1260 Sdenkone
495 1194 535 1259 de
556 1192 737 1261 Vittenone
770 1213 841 1260 cum
863 1191 964 1258 matre
986 1211 1055 1273 suo,
1078 1191 1207 1258 domino
1230 1191 1357 1256 Bauaro
1380 1188 1420 1254 de

122 1305 257 1386 Zitkow,
291 1305 421 1373 domino
452 1306 648 1373 Rosmilrone
682 1306 722 1372 de
743 1306 885 1373 Boschin
908 1304 994 1371 dicto
1017 1304 1190 1385 Harrasch,
1214 1303 1341 1370 domino
1364 1300 1420 1367 Ja-

122 1418 296 1484 bleozkone
311 1413 378 1504 [ad]
391 1418 629 1485 dcuirmouium
642 1421 765 1503 rogatis
781 1425 815 1484 ct
828 1419 952 1486 vocatis
969 1419 1109 1484 omnium
1125 1417 1363 1501 premissorum
1376 1451 1420 1463 -

122 1530 190 1599 Nos
213 1551 290 1598 vero
313 1551 410 1616 super
427 1534 497 1617 jam
523 1534 612 1600 dicta
632 1534 823 1601 racionabili
852 1532 1005 1615 indagine
1027 1551 1100 1598 cum
1121 1531 1267 1613 predicto
1290 1531 1419 1598 domino

124 1646 369 1728 archiepiscopo
400 1648 577 1714 collacione
605 1647 764 1730 premissa
795 1645 860 1712 fide
882 1651 969 1712 certa
991 1646 1170 1729 reperimus
1189 1645 1288 1727 jnste,
1310 1645 1365 1727 pia
1387 1649 1421 1710 et

123 1759 267 1826 veridice
301 1779 359 1843 per
390 1761 571 1843 sepedictus
602 1762 740 1828 arbitros
764 1761 884 1827 dictam
907 1779 1037 1827 causam
1058 1759 1127 1826 fore
1149 1759 1293 1825 decisam
1315 1764 1349 1824 et
1370 1777 1419 1824 ae

127 1872 269 1939 cundum
292 1873 386 1939 deum
410 1892 483 1941 esse
504 1875 716 1940 terminatam.
759 1874 883 1940 Idcirco
906 1873 1040 1939 eandem
1062 1873 1365 1940 determinacionem
1387 1877 1420 1937 et

127 1987 336 2068 sentenciam,
367 1988 430 2053 imo
461 1987 741 2071 adjudicacioncm
771 1987 994 2070 approbamus,
1025 1983 1199 2066 firmamus,
1222 1985 1419 2066 roboramus,

125 2100 361 2166 auctorisamus
383 2118 421 2165 ac
443 2099 650 2182 ratificamus,
674 2102 751 2182 quin
783 2101 847 2166 imo
870 2100 975 2182 ipsam
997 2105 1130 2182 gratam,
1153 2104 1266 2179 ratam,
1295 2096 1420 2164 firmam

124 2212 327 2279 declaramus
360 2219 393 2280 et
422 2215 653 2281 inviolabiliter
683 2214 849 2281 obseruari
879 2214 1067 2279 mandamus
1109 2213 1168 2279 sub
1198 2231 1290 2296 pena,
1324 2231 1419 2295 quam

126 2325 207 2392 dicti
230 2326 345 2393 arbitri
368 2331 558 2394 statuerunt
583 2328 618 2394 Si
639 2328 712 2411 quis
735 2333 843 2394 autem
864 2327 961 2394 verbo
984 2327 1034 2392 vel
1064 2325 1149 2393 facto
1182 2325 1234 2391 vel
1255 2324 1319 2391 alio
1341 2344 1419 2409 quo-

124 2438 273 2504 uismodo
304 2439 423 2506 dictam
454 2440 650 2507 sentenciam
678 2445 711 2506 et
739 2444 883 2506 nostram
912 2440 1178 2522 approbacionsm
1200 2457 1300 2504 ausus
1321 2437 1421 2504 fuerit

124 2570 181 2634 per
210 2570 247 2617 se
269 2553 320 2617 vel
342 2572 400 2634 per
422 2554 632 2638 interpositas
653 2572 808 2636 personas
833 2552 1079 2620 contradicendo
1103 2553 1242 2634 turbare,
1275 2557 1419 2619 nostram

126 2665 387 2747 indignacionem
418 2686 490 2733 cum
518 2686 602 2750 pena
630 2672 806 2734 memorata
838 2685 872 2731 se
902 2666 1031 2731 nouerit
1051 2665 1349 2749 indispensabiliter
1369 2666 1419 2731 in·

125 2798 303 2846 cursurum.
342 2780 379 2845 ln
403 2782 495 2847 cuius
518 2782 565 2847 rei
594 2782 815 2847 testimonium
837 2786 870 2846 et
891 2779 988 2846 robur
1011 2784 1156 2846 eternum
1178 2779 1285 2861 sigillo
1307 2783 1418 2845 nostro

125 2898 156 2956 et
189 2893 359 2958 memorati
397 2893 519 2960 domini
555 2895 788 2977 archiepiscopi
822 2894 932 2960 addito
967 2893 1073 2975 sigillo
1108 2897 1273 2977 presentes
1306 2893 1417 2958 literas

124 3006 281 3071 iussimus
306 3006 507 3071 communiri.
531 3007 615 3071 Date
638 3006 741 3088 Prage
763 3025 847 3072 anno
870 3006 992 3071 domini
1007 3007 1177 3073 millesimo
1192 3006 1417 3073 trecentesimo

126 3119 365 3200 septuagesimo
387 3120 498 3199 tercio,
530 3119 583 3183 die
610 3119 764 3184 vicesima
786 3118 926 3184 secunda
948 3121 1068 3184 mensis
1091 3119 1224 3201 Aprilis,
1247 3137 1419 3202 regnorum

125 3238 310 3298 nostrorum
333 3251 416 3298 anno
439 3232 573 3312 decimo,
597 3232 724 3313 imperii
747 3250 822 3297 vero
845 3233 966 3313 quinto.

230 3385 303 3455 Kop.
321 3405 337 3440 v
356 3386 437 3440 knizc
455 3385 589 3456 privilegii
606 3403 640 3439 m.
659 3386 784 3441 Mdlnlka
800 3401 838 3440 na
855 3385 872 3439 l.
890 3392 924 3438 49
943 3388 957 3437 l>
975 3387 1115 3441 varchivu
1132 3386 1213 3441 tehol
1231 3387 1320 3441 mesta
1337 3402 1350 3440 s
1369 3403 1417 3457 po·

123 3484 277 3537 znamlrou:
306 3481 488 3550 ,Vidimatum
513 3481 656 3537 aloanne
673 3483 795 3536 Antonio
823 3480 857 3536 de
877 3481 1074 3549 Greiffenbach,
1097 3483 1231 3553 imperiali
1252 3483 1418 3539 authoritate

123 3581 233 3636 notario
253 3579 363 3648 publico
382 3578 428 3633 die
445 3585 478 3633 29
495 3579 621 3634 ianuarii
640 3594 713 3633 anno
734 3583 826 3633 1663“.
845 3610 878 3619 -
899 3580 917 3647 ¹)
937 3584 967 3632 11
988 3578 1117 3634 demensa
1136 3584 1210 3634 1372.

674 3866 690 3903 *
716 3849 780 3930 Clo.
801 3864 874 3933 517.

506 4019 606 4100 1373,
627 4019 670 4087 25
693 4021 831 4089 dubna.
855 4021 887 4088 V
909 4021 1039 4089 Prazc.

128 4174 226 4245 Cisar'
248 4177 350 4243 Karcl
372 4178 394 4241 I
398 4177 426 4239 l*
450 4179 610 4259 oenomaje
627 4176 848 4259 porkrolimre,
865 4177 1077 4261 perdonato,
1099 4175 1180 4241 redd
1200 4198 1221 4241 o
1242 4178 1418 4242 praecanam

127 4295 233 4358 mdsta
248 4292 365 4366 Perna,
379 4289 477 4373 jalel
498 4290 511 4354 i
531 4293 614 4355 clem
632 4290 817 4374 poddonp'm
834 4288 1007 4356 krdlocstoe'
1022 4268 1163 4365 desasto,
1183 4286 1266 4354 kter'l
1284 4289 1354 4355 sedi
1363 4289 1419 4375 [ἤι’

125 4405 222 4490 Ludi,
252 4407 286 4470 lc
315 4403 433 4486 poa-olo
462 4405 638 4469 mediandae
664 4426 685 4468 o
707 4404 900 4485 oopearelom
922 4405 1024 4467 andsto
1045 4401 1222 4477 Litomc'e‘ia
1245 4402 1306 4484 obp
1327 4403 1419 4469 coedi

125 4519 206 4586 eoas
234 4518 310 4584 dolo
334 4537 377 4599 po
408 4517 499 4592 Lali,
530 4514 603 4581 karra
625 4517 734 4599 cateja·
756 4516 855 4581 codols
877 4518 938 4599 adp
959 4538 978 4580 o
1001 4518 1104 4581 Peme
1114 4518 1151 4600 je
1171 4539 1215 4583 aa
1231 4516 1345 4600 prodej
1363 4538 1416 4601 op·

522 4627 646 4696 eladae·
668 4631 717 4695 dle
739 4629 877 4696 ddcaelm
900 4631 1027 4715 obpdeje.
