3098 5392
200 487 266 554 310
376 543 381 552 Ι
827 488 901 538 1836.

201 696 440 761 illustrissimus
463 694 612 759 dominus
634 693 843 759 wenceslaus
866 695 983 773 senior,
1017 692 1176 776 quondam
1203 692 1360 758 Bohemie
1384 697 1418 756 et
1442 692 1501 756 Po

201 810 288 875 lonie
318 827 383 889 rex,
415 825 507 873 socer
528 811 562 872 et
582 806 792 889 predecessor
817 811 930 873 noster
952 807 1149 887 carissimus,
1179 806 1256 871 dum
1285 806 1394 889 ipsam
1422 805 1502 871 ciui-

201 927 301 988 tatem
327 922 401 1004 jure
432 920 704 1003 Magdeburgensi
733 920 864 1001 locaret,
899 920 1067 1000 concessit,
1101 919 1224 985 eisdem
1257 918 1359 983 etiam
1392 937 1501 984 conce

202 1036 317 1114 dimus,
341 1034 483 1117 gratiose
505 1035 732 1117 promittentes
755 1034 845 1100 ciues
868 1033 957 1115 ipsos
979 1033 1013 1097 in
1036 1032 1159 1099 eisdem
1174 1032 1313 1114 juribus,
1337 1033 1456 1115 gratiis
1471 1037 1501 1096 et

201 1148 416 1229 libertatibus,
439 1149 498 1214 snb
521 1148 638 1230 quibus
661 1148 778 1214 ciuitas
801 1149 874 1230 ipsa
895 1166 953 1229 per
974 1146 1154 1228 predictum
1186 1164 1334 1212 socerum
1356 1150 1500 1212 nostrum

202 1262 346 1345 predicto
365 1263 439 1345 jure
460 1261 733 1344 Magdeburgensi
755 1261 861 1326 locata
883 1264 942 1341 est,
967 1259 1147 1341 quibusque
1168 1258 1269 1325 iidem
1290 1259 1382 1325 ciues
1400 1278 1501 1341 usqne

202 1375 244 1441 ad
277 1376 336 1441 bec
365 1380 510 1459 tempora
537 1375 639 1442 libere
667 1376 720 1441 usi
751 1380 836 1456 sunt,
870 1375 911 1440 de
944 1374 1055 1440 innata
1085 1372 1178 1439 nobis
1188 1371 1216 1455 ¹)
1246 1374 1419 1440 clementia
1449 1374 1499 1438 be·

202 1490 344 1572 nigniter
366 1490 496 1555 inantea
506 1485 530 1571 ²)
554 1489 720 1571 perpetuis
741 1487 939 1570 temporibus
963 1504 1165 1567 conseruare,
1188 1491 1289 1569 utque
1307 1488 1409 1553 etiarn
1432 1506 1501 1569 gra·

202 1605 321 1669 tiarum
342 1607 526 1669 nostrarum
550 1602 676 1668 ciuibus
698 1602 843 1684 predicte
873 1601 1020 1666 ciuitatis
1049 1606 1160 1667 nostre
1181 1618 1239 1683 per
1261 1618 1321 1668 nos
1343 1600 1502 1667 factarum

203 1721 237 1781 et
256 1717 475 1798 impensarum
497 1715 722 1796 multiplicitas
742 1712 980 1780 habundantius
1004 1713 1163 1794 uideatur,
1186 1715 1379 1781 locationem
1399 1716 1500 1797 ipsius

204 1830 358 1910 ciuitatis,
388 1831 474 1895 sicut
494 1847 553 1909 per
575 1827 755 1910 predictum
787 1847 933 1896 socerum
954 1832 1100 1894 nostrum
1121 1826 1206 1893 lactu
1229 1833 1289 1908 est,
1319 1834 1426 1893 ratam
1448 1829 1501 1894 ba-

202 1943 314 2008 bentes
337 1947 370 2007 et
391 1947 526 2023 matam,
550 1960 622 2005 eam
644 1943 734 2023 regie
745 1942 930 2007 autoritatis
945 1947 1056 2007 nostre
1070 1942 1250 2024 patrocinio
1266 1940 1499 2008 confirmamus.

203 2055 274 2122 Hoc
295 2062 402 2120 tamen
424 2055 569 2120 adhibito
598 2055 826 2135 moderamine,
861 2055 947 2137 quod
977 2054 1113 2137 quilibet
1141 2056 1254 2121 laneus
1284 2056 1352 2137 ipsi
1374 2057 1501 2122 ciuitati

203 2176 312 2237 nostre
333 2175 478 2251 tempore
501 2168 672 2234 locationis
695 2168 951 2249 admensuratus,
985 2169 1041 2252 qui
1063 2169 1097 2234 in
1119 2187 1252 2236 numero
1274 2175 1352 2236 sunt
1374 2174 1502 2236 centum

202 2284 288 2350 lanei
315 2285 421 2347 minus
445 2287 582 2363 quatuor
603 2281 717 2362 laneis,
741 2287 866 2347 tantum
889 2282 1007 2347 habere
1028 2281 1144 2347 debeat
1162 2283 1350 2365 octuaginta
1364 2289 1501 2367 quatuor

201 2397 319 2479 jugera
335 2400 367 2460 et
381 2395 471 2476 talia,
495 2394 580 2477 quod
597 2413 694 2477 super
709 2394 876 2475 quodlibet
885 2395 1036 2478 jugerum
1051 2400 1177 2460 tantum
1193 2414 1277 2461 unus
1300 2397 1423 2464 striche
1445 2415 1501 2480 per

206 2509 381 2592 quemlibet
402 2514 578 2574 sementem
605 2507 711 2573 valeat
743 2508 895 2573 seminari
925 2513 958 2572 et
988 2507 1028 2572 de
1058 2507 1201 2588 quolibet
1232 2508 1400 2574 laneorum
1431 2528 1501 2591 pre-

205 2624 364 2688 dictorum
387 2623 476 2688 ciues
498 2623 572 2704 ipsi,
606 2621 662 2704 qui
685 2639 740 2686 eos
763 2620 943 2701 habuerint,
975 2639 1033 2702 pro
1062 2627 1207 2705 tempore
1237 2623 1271 2688 iu
1299 2621 1385 2688 lesbo
1416 2623 1500 2688 beati

204 2737 290 2803 Galli
320 2737 397 2801 anni
426 2734 600 2818 cujuslibet
628 2752 725 2800 unam
755 2751 894 2799 maroam
925 2752 1110 2814 grossorum
1131 2734 1337 2801 denariorum
1366 2753 1500 2818 pragen·

204 2850 297 2929 sium,
332 2849 404 2914 LVI
426 2866 556 2930 grossos
587 2847 800 2929 computando
823 2865 881 2929 pro
904 2865 1013 2912 marca
1036 2847 1187 2929 qualibet,
1222 2866 1338 2914 census
1373 2851 1500 2916 nomine

203 2962 296 3028 nobis
319 2963 452 3043 solvent,
476 2965 604 3043 etpost
626 2979 684 3025 nos
707 2960 880 3026 heredibus
903 2964 937 3025 et
959 2960 1200 3026 successoribus
1215 2962 1336 3027 nostris
1352 2961 1387 3026 in
1402 2980 1498 3044 reguo

203 3077 358 3143 Bobemie
380 3075 505 3140 solvere
527 3093 611 3139 anno
633 3073 777 3156 quolibet
800 3074 833 3138 in
856 3072 1001 3155 predicto
1032 3075 1169 3140 termino
1199 3076 1385 3156 perenuiter
1413 3081 1499 3141 tene

204 3190 332 3256 buntur.
357 3189 407 3253 Ad
429 3188 562 3271 majoris
585 3188 683 3253 etiam
705 3187 809 3268 gratie
831 3191 941 3252 nostre
963 3187 1125 3253 cumulum
1148 3187 1274 3254 ciuibus
1289 3189 1435 3270 predicte
1457 3190 1498 3255 oi·

205 3304 319 3369 uitatis
343 3306 451 3368 nostre
473 3302 570 3385 Slany
594 3300 689 3366 etad
712 3301 878 3366 ciuitatem
909 3304 1052 3366 nostram
1082 3302 1187 3383 ipsam
1217 3319 1326 3368 omues
1349 3321 1417 3383 eos,
1446 3303 1498 3386 qui

203 3422 279 3482 ante
300 3415 471 3481 ciuitatem
495 3420 527 3480 et
551 3419 640 3479 esua
662 3432 770 3478 muros
793 3413 898 3494 ipsius
920 3411 1073 3494 resident,
1097 3432 1169 3478 cum
1185 3432 1282 3480 censu
1298 3414 1339 3480 de
1354 3415 1499 3482 domibus

205 3530 273 3595 suis
287 3527 533 3613 [adjungimus],
546 3533 583 3592 ut
593 3527 723 3592 inantea
742 3526 842 3591 iidem
853 3545 951 3591 onera
966 3526 1014 3592 eis
1026 3527 1243 3592 incumbentia
1253 3546 1326 3594 cum
1338 3529 1421 3612 ipsis
1436 3528 1502 3595 sut-

205 3642 311 3708 ferant
333 3647 366 3707 et
381 3642 529 3724 expleant
543 3641 578 3705 in
595 3640 784 3706 subsidium.
808 3640 852 3704 Et
866 3645 903 3704 ut
917 3644 991 3721 post
1004 3638 1123 3722 fatigas
1138 3646 1171 3706 et
1184 3658 1365 3723 pressuras,
1387 3643 1496 3727 quibus

205 3757 314 3823 affecti
332 3761 408 3822 sunt
422 3756 598 3836 bucusque,
621 3755 783 3836 respirare
799 3754 935 3833 valeant,
960 3753 1109 3820 duximus
1124 3753 1307 3835 largiendos
1331 3759 1366 3822 et
1385 3756 1495 3823 liberu-

204 3872 279 3936 liter
302 3870 476 3953 elargimur
496 3869 708 3935 remanendos
726 3868 850 3950 jugiter
880 3867 966 3950 apud
999 3867 1166 3933 ciuitatem
1194 3873 1228 3933 et
1256 3868 1344 3934 uires
1373 3876 1495 3937 uosmos

205 3985 377 4068 predictos,
397 3986 550 4066 volentes,
574 3984 659 4066 quod
674 3983 760 4049 idem
775 3981 975 4064 preurbiales
998 4001 1018 4047 a
1040 3983 1199 4049 solutione
1212 3981 1310 4048 berne
1324 3984 1447 4066 regalis
1462 3983 1498 4052 de

205 4098 353 4165 domibus
377 4099 445 4164 suis
469 4103 501 4164 et
522 4099 624 4164 hortis
644 4098 767 4181 jugiter
791 4096 857 4162 sint
879 4097 1027 4178 exempti.
1070 4096 1260 4163 Addioimus
1281 4097 1392 4179 etiam
1417 4099 1499 4182 quod

206 4212 294 4277 ciues
318 4218 351 4277 et
373 4212 477 4277 incole
498 4211 603 4293 ipsius
627 4211 771 4276 ciuitatis
786 4209 882 4293 Slany
904 4229 925 4274 a
948 4209 1077 4276 datione
1099 4210 1240 4277 thelonei
1260 4212 1294 4277 iu
1308 4216 1410 4294 ponte
1424 4212 1500 4280 Pra-

205 4326 306 4407 gensi,
330 4331 426 4407 prout
440 4324 480 4391 ab
494 4325 628 4406 antiquo
642 4324 736 4389 liberi
752 4323 892 4404 fuemnt,
915 4322 981 4388 sint
995 4323 1125 4404 penitus
1140 4322 1288 4389 absoluti.
1312 4323 1351 4389 In
1365 4343 1504 4408 quorum

204 4439 427 4504 testimonium
455 4443 622 4520 presentes
655 4439 781 4503 litteras
803 4435 873 4502 fieri
897 4441 930 4500 et
953 4436 1060 4518 sigillo
1089 4441 1200 4503 nostre
1229 4437 1414 4504 maiestatis
1438 4440 1505 4508 ius-

205 4551 305 4616 simus
330 4553 527 4618 communiri.
573 4553 693 4618 Datum
715 4552 818 4633 Prage
848 4551 881 4615 in
913 4550 967 4616 die
996 4550 1091 4617 beate
1111 4550 1222 4618 Prisce
1253 4553 1394 4636 virginis
1421 4573 1508 4626 auno

205 4665 326 4731 domini
351 4665 612 4731 MCCCXXXVI.
