3098 5392
213 456 277 521 322
812 451 887 503 ruer.

208 665 354 747 proruunt
366 662 467 729 soudu
481 659 699 727 krdlooskc'mu
713 659 931 744 cybrazcny'cb
947 660 1025 725 arceb
1041 656 1204 743 tukooy'cb,
1224 680 1245 723 o
1258 655 1390 743 kterffeb
1405 664 1521 742 straus

214 800 258 843 uu
279 775 368 842 krdle
388 775 445 841 seb
466 772 744 856 kpodlromor's'mu
786 796 820 839 sc
841 774 996 854 odsolulp.
1020 773 1166 838 Korsedud
1184 769 1318 847 oulchi,
1340 771 1423 840 laos
1451 773 1522 838 drar‘

214 891 301 957 alost
327 889 347 954 k
369 892 469 954 mesto
492 887 678 969 plicitereud
708 887 805 952 αηεὸο
836 887 908 951 ἀνέί
927 886 1087 952 scobodari
1118 885 1206 951 ruod
1235 906 1257 951 a
1283 886 1459 971 propone
1486 909 1520 953 se

506 1005 610 1075 rrrc'std,
633 1002 715 1082 rnojr'
735 1002 834 1082 trpsits'
855 1001 1002 1068 sobscms'
1029 997 1221 1084 urcstukpimr'.

322 1230 389 1297 Nos
412 1229 578 1294 lohannes
601 1228 653 1292 dei
677 1229 786 1309 gracia
807 1228 942 1294 Boemie
964 1246 1021 1292 rex
1037 1246 1075 1293 ac
1089 1227 1385 1310 Lucemburgensis
1403 1247 1518 1309 comes,

215 1348 256 1412 ad
278 1345 505 1410 uniuersorum
527 1340 681 1406 noticiam
702 1341 851 1406 volumus
873 1346 987 1408 tenore
1008 1340 1212 1423 presencium
1234 1340 1403 1423 deuenire,
1434 1342 1518 1426 quod

216 1459 382 1541 cupientes
407 1454 596 1521 dilectorum
626 1453 719 1520 nobis
750 1454 872 1519 ciuium
895 1455 1065 1520 ciuitatum
1097 1454 1365 1537 subscripturum,
1396 1455 1518 1523 scilieet

215 1570 422 1651 Veronensis,
448 1568 640 1647 Pilnnensis,
673 1567 905 1648 crotoniensis,
936 1568 1111 1651 Myseusis,
1141 1566 1409 1649 Thaehouiensis‚
1440 1568 1517 1634 Turs-

216 1686 328 1764 tensis‚
351 1682 522 1761 Siccensis,
545 1680 736 1764 Pyescensis
759 1685 793 1747 et
814 1680 1092 1765 Budyuoicensis,
1114 1681 1169 1766 qui
1192 1680 1396 1765 temporibus
1416 1687 1514 1748 retro·

217 1801 299 1866 actis
322 1818 379 1881 per
402 1814 559 1879 expensas
590 1795 785 1875 excessiuas,
815 1815 895 1881 quas
926 1795 1168 1876 subcamerarii,
1200 1797 1258 1880 qui
1287 1813 1348 1878 pro
1376 1800 1514 1878 tempore

217 1915 359 1993 luerunt,
382 1913 416 1976 in
440 1909 594 1992 predictis
617 1908 806 1975 ciuitatibus
830 1908 1025 1992 quandoque
1048 1910 1119 1974 sine
1141 1926 1242 1974 cansa
1264 1907 1422 1990 feceruut,
1445 1914 1512 1974 sunt

218 2022 420 2109 plurimum)
433 2024 611 2106 aggrauati,
625 2022 906 2088 commoditatibus
918 2019 1132 2089 effectualiter
1142 2020 1327 2104 prouidere,
1338 2022 1507 2103 statuimus,

220 2139 400 2205 sanccimus
423 2143 456 2203 et
476 2142 588 2203 tenore
603 2137 808 2218 presencium
823 2136 1037 2217 decernimus,
1058 2134 1252 2201 mandantes
1271 2130 1370 2217 nee')
1393 2136 1504 2201 inantes

219 2252 355 2318 tirmiter
377 2251 552 2330 obseruari,
575 2254 611 2315 vt
633 2248 900 2330 subcamerarius,
930 2251 987 2333 qui
1009 2249 1141 2315 inantea
1162 2247 1272 2330 tuerit„
1303 2246 1420 2315 debeat
1438 2249 1500 2313 ciui·

219 2363 339 2445 catoso
363 2363 565 2446 supradictas
587 2363 629 2428 ad
645 2380 760 2429 causas
783 2363 919 2445 aliquas,
942 2363 976 2427 in
999 2363 1082 2445 ipsis
1103 2361 1252 2428 ammodo
1274 2361 1497 2427 iudicandaset

222 2496 319 2559 super
340 2476 457 2558 quibus
479 2477 521 2542 ad
543 2496 616 2542 eum
638 2475 738 2542 fuerit
767 2477 973 2558 appellatum,
1005 2475 1066 2542 sub
1094 2477 1246 2558 expensis
1277 2478 1311 2542 et
1341 2472 1495 2557 sumptibus

222 2590 361 2673 propriis
384 2590 527 2668 visitare,
552 2590 657 2655 nullas
680 2608 894 2671 expensurmu
916 2588 1165 2671 procuracioues
1187 2588 1228 2654 ab
1250 2589 1376 2656 eisdem
1394 2585 1493 2654 siuibu

222 2704 263 2769 de
285 2708 391 2769 cetero
413 2703 578 2784 exigendo.
625 2703 775 2768 Preterea
798 2704 887 2768 ciues
911 2703 1081 2769 ciuitatum
1104 2701 1325 2784 predictarum
1346 2722 1367 2768 a
1387 2700 1493 2767 dacione

222 2836 400 2900 pannorum
421 2814 650 2898 Yprensium⁴l
683 2821 715 2881 et
744 2835 922 2895 munerum,
953 2816 1008 2896 qui
1039 2820 1072 2880 et
1094 2833 1157 2896 que
1177 2815 1218 2881 ab
1240 2816 1300 2897 eis,
1332 2806 1491 2898 quociens⁵l

222 2931 295 3013 quis
318 2929 359 2993 ad
382 2928 467 2994 idern
499 2927 727 2992 subcamerarii
738 2925 763 3009 ⁶³.)
794 2926 936 2993 officium
966 2946 1024 3009 per
1054 2946 1113 2993 uos
1143 2927 1315 2994 institutus
1345 2927 1446 3007 fuerit,
1467 2940 1493 2987 er

226 3041 460 3110 consuetudine
474 3041 694 3106 tantrnnmodo
710 3040 843 3105 inducte
858 3046 891 3106 et
905 3059 963 3123 per
977 3060 1037 3107 nos
1053 3059 1111 3106 seu
1127 3041 1374 3123 predecessores
1384 3044 1492 3110 nostroe,

227 3176 320 3237 reges
343 3156 485 3234 lloemie,
508 3173 610 3237 usque
633 3154 726 3219 modo
749 3155 882 3220 minime
904 3154 1080 3236 approbata
1103 3154 1190 3237 exigi
1212 3160 1247 3221 et
1267 3156 1370 3238 recipi
1391 3167 1494 3222 consuo

225 3274 350 3350 ruerunt,
383 3269 566 3349 benigniter
596 3273 832 3350 supportamus,
867 3271 923 3348 ita,
957 3267 1042 3350 qnod
1076 3269 1118 3333 ad
1148 3268 1318 3336 dacionem
1346 3279 1493 3352 pannorum

224 3382 398 3449 eorundem
421 3400 479 3446 seu
502 3400 669 3446 munerum
699 3381 763 3462 ipsi
787 3380 1034 3462 subcurnerario‚
1067 3384 1123 3464 qni
1152 3401 1212 3464 pro
1240 3375 1492 3465 compererunt

225 3496 405 3563 taciendam
434 3514 498 3560 non
530 3495 595 3559 sint
618 3494 658 3559 de
680 3500 787 3559 celem
820 3495 1006 3577 aliqualiter
1035 3494 1179 3577 obligati.
1225 3493 1382 3560 Volumus
1410 3493 1493 3561 eciam

227 3615 263 3674 ut.
284 3611 372 3675 ciues
396 3627 453 3674 sen
471 3608 573 3689 jurati
597 3607 765 3673 ciuitatuun
787 3606 995 3689 prolaturum,
1030 3607 1087 3688 qui
1110 3625 1146 3672 se
1167 3605 1376 3673 laudabiliter
1397 3616 1494 3672 consor·

227 3728 353 3803 tranunt,
375 3722 502 3804 possint
524 3727 555 3786 et
579 3722 717 3787 debeant
739 3740 796 3802 pro
819 3721 962 3803 quolibet
983 3740 1068 3787 anno
1087 3724 1210 3787 statuto
1225 3721 1366 3787 termino
1388 3720 1427 3784 de
1443 3731 1496 3781 oon

227 3837 301 3902 silio
335 3836 498 3901 seniorum
528 3839 561 3899 et
590 3834 827 3900 communitatis
858 3834 980 3899 ciuium
1009 3834 1155 3899 ciuitatis
1190 3835 1411 3918 cuiuscunque
1437 3828 1500 3895 alios

223 3951 349 4032 juratos
372 3947 501 4029 eligere,
525 3948 571 4012 ita
594 3948 679 4030 qnod
702 3965 828 4029 sempor
852 3965 907 4012 ser
929 3965 1067 4028 persone
1090 3947 1130 4012 de
1151 3947 1317 4029 prioribus
1332 3946 1445 4031 jurstis
1457 3955 1506 4023 pro

230 4062 364 4126 cornilio
387 4067 572 4126 remaneant
596 4081 668 4126 curn
691 4061 748 4140 cis
780 4078 860 4142 qrros
883 4079 940 4141 pro
964 4059 1077 4125 eodem
1097 4078 1182 4126 anno
1204 4059 1247 4125 de
1268 4079 1354 4127 nouo
1376 4049 1512 4125 duxerint

140 4213 145 4219 ·
230 4175 405 4256 eligendos,
435 4175 489 4257 qni
513 4174 614 4238 eciurn
638 4192 694 4238 sex
716 4193 774 4255 pro
793 4192 877 4238 anno
893 4173 993 4239 tercio
1008 4173 1162 4239 inmutari
1178 4171 1351 4239 debebunt
1374 4172 1519 4238 rieures

230 4288 442 4367 ‹lecreuimus‚
477 4287 562 4368 quod
596 4287 685 4352 ciues
716 4306 773 4351 seu
807 4286 906 4353 iurati
940 4288 1111 4354 ciuitatum
1140 4285 1361 4369 predictarum
1389 4278 1526 4352 imunt

231 4400 404 4466 homicidia
427 4406 456 4464 et
481 4400 639 4483 qrraslibct
671 4400 751 4464 alias
776 4419 900 4480 caussas,
931 4400 1060 4466 casibus
1090 4406 1122 4466 et
1153 4400 1262 4466 causis
1292 4398 1388 4465 nobis
1409 4397 1448 4464 ab
1466 4413 1530 4463 au*

231 4514 322 4596 tiquo
343 4513 519 4578 reserantis
542 4513 707 4578 dumtaxat
738 4513 889 4593 exceptis
921 4514 1092 4594 presertim
1122 4530 1219 4595 super
1250 4511 1370 4595 quibus
1399 4510 1441 4579 ad
1465 4512 1537 4575 nofl

233 4626 285 4691 uel
318 4625 358 4690 ud
393 4627 498 4707 ipsum
530 4626 799 4691 subcamerarium
831 4627 1027 4708 appellatum
1060 4646 1123 4692 non
1156 4624 1330 4707 exstiterit,
1364 4604 1541 4693 iudiundi
