3098 5392
638 414 712 464 nesr-
1274 421 1333 484 241

59 627 183 703 prompte
204 640 244 687 ac
265 621 416 688 beniuole
438 622 632 703 complacuit
644 622 789 702 culmini,
810 621 990 704 gratiosius
1006 625 1250 708 perpendentes,
1275 627 1338 694 sibi

58 741 80 798 et
97 736 160 800 suis
182 734 358 800 heredibus
381 752 420 800 ac
441 735 604 801 uniuersis
634 754 746 802 eorum
776 734 1017 801 successoribus
1040 736 1148 818 ipsum
1179 740 1337 807 iudicium

59 868 112 914 cnm
132 848 281 915 omnibus
305 849 373 914 suis
396 847 607 931 promentibus
630 847 748 914 abinde
769 866 858 914 more
881 849 977 914 solito
993 849 1034 915 de
1049 851 1211 917 uniuersis
1228 855 1336 920 caorsis

58 962 271 1043 detinentibus,
295 962 438 1045 exceptis
464 961 569 1028 tribus
601 962 705 1044 culpis
735 961 967 1043 criminalibus,
1000 963 1126 1029 scilicet
1154 965 1337 1034 homicidiis

59 1077 231 1143 obsecretis
254 1076 328 1142 siue
349 1075 526 1142 mortiferis
548 1075 709 1142 incendiis
740 1081 837 1157 atque
860 1077 992 1158 stupris,
1026 1077 1067 1142 de
1096 1077 1213 1161 quibus
1242 1080 1336 1147 nobis

59 1194 102 1254 ant
118 1196 225 1257 nostre
248 1208 375 1257 camere
396 1189 491 1258 debet
513 1190 594 1257 duos
617 1190 767 1256 denarios
793 1194 982 1273 presentare
1011 1197 1044 1256 et
1073 1192 1210 1258 tercium
1240 1193 1337 1259 dena·

10 1320 12 1389 5
60 1303 124 1369 rium
144 1323 201 1387 pro
224 1305 295 1370 suis
318 1303 430 1372 vsibus
451 1321 637 1385 reseruare3
670 1304 750 1395 item
778 1304 961 1387 hospicium
992 1322 1096 1385 suum,
1131 1305 1217 1389 quod
1246 1307 1339 1373 inha-

61 1415 130 1497 bitot,
152 1422 185 1484 et
207 1417 427 1500 deposituram
449 1417 587 1488 allecum
616 1436 654 1483 ac
681 1418 821 1500 piscium
843 1423 876 1483 et
898 1419 932 1483 in
955 1417 1025 1485 foro
1055 1418 1235 1485 custodiam
1264 1439 1339 1487 noc·

64 1533 205 1611 tnmalem,
229 1548 354 1598 necnon
377 1535 571 1613 prouentum
594 1535 714 1596 statere
736 1529 869 1613 plumbi,
893 1530 922 1595 si
942 1548 1007 1613 qua
1020 1529 1067 1596 ibi
1083 1531 1155 1611 erit,
1179 1532 1338 1616 simulque

66 1642 149 1710 decem
176 1663 330 1727 scampno
359 1662 479 1727 panorm
501 1649 535 1711 et
557 1643 620 1710 duo
648 1644 785 1710 macella
814 1645 961 1709 carnium
983 1645 1016 1709 in
1039 1644 1182 1725 ciuitate,
1216 1647 1338 1728 pariter

68 1762 190 1826 arnum
214 1759 389 1825 sertorium
410 1776 449 1824 ac
470 1777 568 1824 vnum
591 1756 821 1824 brasiatorium
843 1757 878 1822 in
901 1756 1055 1823 suburbio
1078 1758 1238 1839 ciuitatis;
1262 1761 1342 1829 item

69 1867 129 1937 toros
149 1873 314 1938 claritatem
337 1877 475 1954 quatuor
496 1872 606 1937 laneos
629 1870 670 1937 ab
694 1871 780 1937 omni
799 1888 915 1937 census
937 1876 971 1936 et
993 1871 1126 1937 collecte
1149 1872 1221 1939 siue
1242 1892 1339 1956 gene-

70 1983 122 2050 nls
148 1991 255 2052 stenre
286 2003 344 2052 sen
373 1986 472 2052 berne
501 1986 635 2068 angaria
667 1984 786 2051 liberos
810 1984 990 2051 omnimode
1012 1990 1046 2050 et
1069 1990 1242 2068 exemptos,
1276 2006 1340 2052 rna

71 2112 118 2163 cnm
136 2099 258 2165 duabus
280 2099 417 2182 piscinis
440 2117 478 2165 ac
501 2098 625 2165 dnobus
648 2097 843 2165 molendinis
865 2098 900 2163 in
924 2098 1001 2163 villa
1018 2098 1187 2164 Tschitern
1207 2099 1340 2171 situatis¹

10 2204 17 2295 l
71 2213 90 2270 tl
108 2214 266 2293 piscatura
291 2213 325 2277 in
348 2211 459 2291 Albee,
490 2211 530 2278 ab
561 2210 726 2277 obstaculo
752 2211 841 2276 curie
863 2210 1017 2290 Quentini
1050 2211 1123 2277 siue
1151 2212 1339 2294 molendini,

10 2298 15 2353 ἓ
70 2326 126 2398 llod
156 2326 327 2393 Ghrewern
362 2324 491 2406 dicitnr,
524 2342 626 2408 rsque
658 2325 693 2389 in
726 2324 902 2406 Antiquam
937 2323 1113 2404 Coloniam,
1151 2325 1204 2392 vbi
1237 2326 1338 2408 gades

68 2432 181 2504 eiusdem
204 2438 397 2504 hereditatis
419 2438 487 2503 suis
511 2435 668 2503 limitibus
690 2435 954 2518 distinguuntur3
984 2442 1017 2501 et
1038 2437 1195 2503 iudicium
1219 2438 1338 2505 ibidem

66 2541 85 2610 l'fl
101 2551 236 2634 lotique
261 2551 395 2617 Colonia
429 2569 501 2617 cum
531 2549 696 2630 thaberns,
731 2551 809 2615 item
840 2548 903 2615 duo
934 2547 1057 2630 rubeta,
1091 2568 1188 2615 vnum
1212 2552 1338 2617 exalia

64 2675 130 2738 lorte
152 2667 259 2749 Albie,
293 2664 423 2750 Hoynik
446 2665 576 2745 dictum,
610 2668 643 2729 et
672 2683 769 2728 vnum
792 2682 831 2729 ex
857 2664 922 2729 ista
943 2669 1045 2746 parte,
1068 2663 1208 2729 Radlant
1237 2666 1339 2730 nomi-

59 2786 154 2857 natum,
171 2800 247 2847 cnm
263 2799 325 2845 rna
337 2779 443 2845 insula
455 2778 540 2845 circa
556 2776 783 2857 molendinum,
806 2775 892 2859 quod
908 2775 994 2843 Grob
1009 2775 1138 2856 dicitur,
1164 2777 1335 2857 existente,

56 2896 121 2960 omni
144 2896 218 2960 iure
241 2913 280 2960 ac
302 2894 462 2974 libertate,
487 2911 549 2975 quo
572 2892 612 2957 ad
635 2892 742 2973 ipsum
764 2909 785 2954 a
808 2908 919 2955 socero
943 2908 1001 2955 suo
1017 2888 1230 2972 Haynmanno
1250 2890 1337 2955 dicto

51 2999 78 3071 de
92 3007 279 3090 Psychowc,
303 3005 463 3087 quondam
480 3004 600 3071 ibidem
612 3004 729 3084 iudice,
753 3008 786 3067 et
808 3001 848 3066 ab
871 3002 945 3067 aliis
962 3003 1030 3067 suis
1055 3002 1337 3084 predecessoribus

46 3122 243 3188 successione
266 3119 462 3185 hereditaria
487 3123 562 3184 sunt
583 3119 643 3184 hec
666 3119 772 3183 omnia
804 3117 966 3196 deuolute,
999 3115 1038 3180 ob
1068 3115 1211 3180 fidelium
1235 3117 1337 3181 serui·

42 3237 157 3303 ciorum
181 3252 315 3300 sucrum
336 3231 461 3313 merita,
494 3250 556 3315 que
584 3231 677 3297 nobis
708 3234 855 3313 prompte
886 3228 1031 3295 exhibuit
1054 3234 1086 3294 et
1108 3229 1259 3295 exhibere
1282 3249 1337 3311 po-

38 3353 108 3416 terit
131 3351 167 3416 in
192 3348 347 3427 futurum,
371 3365 469 3429 quum
491 3347 599 3411 littere
622 3363 641 3409 a
662 3344 783 3409 nostris
806 3341 1089 3425 predecessoribus
1105 3342 1244 3425 desuper
1263 3362 1337 3410 con-

36 3464 115 3532 lecte
139 3482 180 3528 ex
204 3463 337 3528 incauta
360 3460 514 3541 custodia,
547 3465 580 3523 rt
602 3458 707 3525 edocti
732 3476 843 3522 sumus
866 3456 1005 3536 verifice,
1040 3457 1126 3538 ignis
1157 3476 1214 3538 per
1246 3477 1337 3523 rora-

34 3583 140 3662 pinem
163 3581 244 3642 sunt
266 3580 462 3657 consumpte,
492 3574 560 3639 suis
592 3577 624 3638 et
654 3572 791 3638 aliorum
820 3571 996 3635 amicornm
1027 3589 1157 3636 suorum
1186 3570 1336 3652 precibus

33 3691 260 3760 fauorabiliter
282 3688 439 3768 inclinati,
470 3687 622 3778 uniuersa
646 3690 678 3750 et
701 3684 828 3765 singula
851 3688 1021 3766 prenotata
1043 3702 1081 3748 ex
1103 3685 1214 3748 innata
1243 3683 1336 3749 nobis

33 3804 211 3874 clemencia
235 3802 298 3869 sibi
321 3821 359 3865 ex
382 3820 465 3867 nouo
489 3799 682 3865 conferimus
706 3803 738 3862 et
761 3798 916 3862 donamus
944 3801 976 3861 et
997 3801 1108 3861 tenore
1130 3796 1337 3877 presencium

33 3920 271 3988 confirmamus.
297 3914 449 3981 Volentes
472 3914 541 3978 suis
565 3919 597 3978 et
620 3929 843 3977 successorum
859 3928 989 3976 suorum
1012 3909 1265 3991 dempnitatibus
1280 3909 1335 3975 be-

33 4036 165 4117 nignius
189 4047 376 4114 precanere,
400 4046 531 4110 presens
555 4025 762 4109 priuilegium
787 4023 849 4088 sibi
873 4042 969 4105 super
990 4041 1027 4088 eo
1045 4021 1204 4087 conscribi
1220 4025 1252 4086 et
1267 4022 1339 4089 dari

34 4150 199 4225 iussimus,
225 4141 312 4224 quod
335 4146 457 4206 tantem
489 4139 664 4205 efficaciam
687 4145 720 4203 et
741 4136 839 4203 robur
861 4155 918 4219 per
939 4156 998 4203 nos
1023 4142 1055 4200 et
1078 4154 1187 4201 omnes
1211 4155 1338 4202 succes·

32 4282 117 4329 sores
150 4262 285 4324 nostros
307 4254 426 4319 habere
452 4254 609 4334 volumus,
641 4256 793 4334 quantam
822 4250 1003 4315 habuerunt
1031 4250 1139 4314 littere
1168 4267 1187 4314 a
1217 4249 1337 4314 nostris

29 4370 320 4461 predecessoribus
343 4368 481 4450 desuper
505 4368 595 4450 prius
618 4367 701 4431 date.
725 4366 762 4430 ln
786 4365 878 4431 cuius
897 4365 945 4428 rei
961 4363 1181 4429 testimonium
1204 4381 1337 4445 presens

28 4492 96 4559 beri
121 4498 157 4557 et
181 4486 297 4568 sigillo
320 4484 508 4565 magestatis
531 4486 641 4547 nostre
663 4480 797 4546 fecimus
828 4479 980 4545 roborari.
1027 4477 1143 4543 Actum
1175 4495 1258 4542 anno
1282 4475 1337 4542 clo-

23 4608 102 4675 mini
128 4601 312 4672 millesimo
335 4597 561 4663 trecentesimo
587 4594 740 4661 vicesimo
773 4593 919 4674 septimo,
950 4591 1057 4673 pridie
1087 4608 1187 4657 nonas
1211 4590 1336 4656 Marcii.
