3098 5392
718 443 793 494 1362.

653 700 669 738 *
694 683 758 767 bs.
783 700 855 765 aar.

455 870 552 953 1352,
575 870 618 939 24
640 871 843 958 listopadu.
869 871 901 940 V
924 870 1055 939 Prazc.

133 1041 194 1110 trit
214 1044 311 1149 Korel
333 1045 387 1110 IV
404 1046 552 1129 obcovrp‘e
572 1049 749 1113 mesanam
772 1069 793 1112 a
814 1045 881 1112 obcs'
901 1043 1053 1111 mostata
1065 1046 1403 1127 opr'admdsttcLokti

128 1157 211 1234 prdca
232 1182 253 1224 o
276 1160 419 1241 seobodp,
441 1158 526 1226 kterc'
540 1160 604 1243 jr'm
625 1165 689 1226 otec
702 1158 777 1243 jado
798 1158 871 1226 kra'l
884 1160 952 1226 Jcn
972 1159 1082 1235 odda
1106 1181 1127 1223 a
1148 1163 1237 1226 onii
1252 1161 1401 1243 potarem

128 1271 212 1347 piitlr'.
244 1271 431 1357 Oscoboaajt
450 1294 484 1338 se
504 1274 561 1338 ode
582 1272 673 1340 ciebo
688 1275 821 1357 placent
840 1274 930 1340 berni
950 1296 972 1339 o
993 1271 1097 1339 abiret
1118 1273 1158 1339 do
1180 1272 1306 1356 kemory
1327 1274 1399 1341 ard·
1511 1298 1513 1302 ’

131 1379 229 1466 lasti,
252 1384 346 1451 solito
369 1384 473 1468 kdyby
494 1385 566 1452 krol
587 1386 699 1452 osobne
719 1388 757 1452 do
780 1385 876 1452 Lolete
898 1408 932 1452 se
952 1386 1097 1461 desiccat,
1119 1388 1203 1471 maji
1221 1388 1400 1472 majasco

131 1515 144 1554 s
167 1519 226 1564 roca
254 1522 273 1563 v
296 1500 459 1565 diea'daem
477 1498 606 1581 podera
620 1503 678 1582 pet
700 1501 778 1566 liber
799 1498 970 1584 tvdbsky'ch
992 1498 1244 1582 indupediret.
1303 1501 1333 1565 1⁷
1341 1520 1399 1584 po-

131 1604 264 1696 chaleph
292 1612 471 1694 piipadeclr
503 1613 585 1696 maji
615 1611 700 1678 breti
732 1614 868 1679 nectant
896 1635 914 1677 c
950 1608 1064 1688 Glaeba,
1097 1611 1189 1677 kcmb
1222 1613 1405 1679 {adeoldus

131 1724 255 1791 andan
277 1725 453 1792 mestskc'bo
475 1726 576 1791 seoda
597 1726 652 1791 mci
666 1727 733 1810 jai.
779 1726 855 1792 Mili
875 1724 974 1792 kolem
996 1730 1098 1791 mesto
1111 1726 1233 1809 aemojl
1250 1726 1404 1792 ar'iaoeati

131 1851 155 1896 te
175 1838 267 1903 iddne'
296 1841 373 1904 nurc'
394 1839 510 1923 trenay,
527 1839 694 1923 pivovcrp,
717 1840 870 1922 alodocny
893 1862 914 1904 a
935 1838 1093 1920 emeram
1116 1837 1245 1904 kdokoli
1264 1862 1283 1904 o
1305 1843 1405 1905 miste

131 1946 171 2010 aab
195 1973 234 2016 no
260 1953 474 2034 pr'edmdsttclr
503 1952 600 2035 bpdll,
630 1952 725 2018 bassei
745 1974 822 2019 man
844 1953 901 2018 acb
923 1951 1063 2033 oladplro
1083 1952 1140 2018 aab
1155 1952 1230 2037 jicp'
1251 1953 1401 2034 obpcatel,

131 2059 210 2127 aas
242 2063 311 2129 obsi
342 2066 438 2146 trpdti
464 2062 561 2147 platp
583 2086 604 2129 α
619 2063 778 2146 ροηᾱεῖιμ,
801 2086 823 2129 a
844 2063 947 2146 tdpop
967 2066 1090 2130 melion
1111 2065 1168 2130 neb
1189 2065 1331 2148 obyvatel
1351 2067 1402 2148 bol

127 2188 171 2246 pro
197 2178 291 2242 alodia
324 2199 342 2241 a
374 2181 475 2243 mista
507 2181 676 2261 appesiaco
709 2177 766 2242 neb
795 2199 840 2243 na
870 2175 960 2243 trab
981 2177 1113 2254 trestdn,
1135 2179 1190 2244 mci
1211 2178 1313 2245 stadele
1327 2178 1401 2263 jabo

130 2279 246 2354 didicrtm
261 2291 368 2365 ostoti,
391 2291 436 2356 oo
456 2291 495 2374 by
509 2291 590 2357 citet
604 2289 738 2357 stotkem
761 2292 818 2356 tim
833 2291 924 2357 brdlo
938 2291 1088 2374 cyptotiti
1101 2292 1158 2357 neb
1172 2311 1190 2356 a
1198 2294 1353 2374 psonstvt
1364 2315 1398 2360 se

666 2402 837 2486 oykoapr'ti.

212 2577 351 2646 Karolus
374 2579 427 2646 dai
450 2581 560 2662 gracia
581 2580 797 2646 Romanorum
819 2597 876 2645 rer
902 2597 1028 2663 semper
1042 2584 1200 2662 augustus
1222 2586 1255 2647 et
1269 2581 1402 2649 Boemie

130 2696 178 2753 ¹0¹.
197 2691 314 2759 lictum
341 2692 482 2759 iacimus
506 2694 677 2775 uniuersis,
700 2693 795 2779 quod,
817 2693 895 2760 licet
916 2693 1027 2760 dilecti
1049 2693 1142 2760 uobis
1165 2694 1254 2760 ciues
1278 2699 1311 2761 et
1332 2695 1401 2760 uui-

132 2805 245 2871 uersitcs
280 2806 392 2889 oppidi
427 2789 460 2872 et
493 2807 718 2873 suburbiorum
752 2808 784 2872 in
820 2806 947 2886 Cubito,
981 2806 1083 2871 nostri
1117 2803 1239 2887 fideles,
1276 2808 1401 2889 pridem

131 2918 244 2985 actare
273 2920 427 2984 memorie
456 2920 575 2985 illustri
606 2920 763 2999 iohanne,
793 2920 953 3002 quondam
985 2918 1117 2985 Boemie
1147 2938 1233 3001 rege,
1255 2921 1401 3002 genitore

131 3035 215 3097 nostro
246 3034 375 3113 dilecto,
406 3033 446 3098 ad
477 3038 564 3099 certa
590 3034 674 3116 jura,
705 3032 880 3114 libertates,
914 3033 1106 3099 emunitates
1130 3037 1162 3098 et
1184 3033 1311 3115 gracias
1336 3035 1401 3116 pri-

131 3135 255 3224 llilepiati
291 3145 420 3226 fuerint,
452 3152 485 3211 et
516 3146 638 3212 eisdem
668 3146 850 3228 priuilegiis
882 3147 931 3210 vsi
965 3147 1031 3212 sint
1062 3147 1173 3211 multis
1203 3147 1400 3229 temporibus

132 3257 286 3340 retroactis,
317 3264 425 3325 tamen
455 3259 566 3325 eadem
597 3278 656 3323 sua
681 3260 854 3341 priuilegia
877 3259 1020 3324 sinistris
1044 3258 1213 3325 enantibus
1236 3278 1294 3342 per
1315 3261 1401 3342 ignis
1444 3341 1446 3343 ‚

133 3373 294 3452 lmaginem
324 3373 445 3438 amissa
475 3378 559 3455 sunt,
591 3373 675 3436 sicut
704 3372 744 3438 de
774 3372 835 3437 boc
855 3370 920 3438 fide
942 3372 1039 3454 digno
1061 3373 1247 3438 testimonio
1270 3374 1401 3440 certitu·

135 3469 218 3548 lliuem
241 3487 423 3567 accepimus
446 3485 631 3566 pleniorem.
653 3484 697 3550 Et
718 3485 794 3569 quia
817 3485 857 3551 de
880 3485 1017 3567 singulis
1040 3485 1167 3567 punctis
1191 3491 1224 3552 ct
1245 3487 1402 3566 articulis,

135 3601 180 3667 lle
193 3603 221 3662 et
236 3599 292 3679 qui
316 3598 349 3662 in
372 3598 494 3665 eisdem
517 3598 775 3680 priuilegialibus
798 3599 903 3664 literis
926 3598 1133 3681 habebantur,
1155 3600 1283 3682 plenam
1305 3600 1404 3666 infor·

131 3710 284 3777 accionem
306 3711 470 3794 habemns,
493 3714 638 3778 volentes
655 3713 855 3796 supradictos
879 3713 967 3777 ciues
983 3718 1015 3777 et
1031 3713 1275 3780 uniuersitatem
1290 3732 1401 3779 eorum

131 3816 158 3881 ld
184 3826 307 3906 plenam
341 3825 531 3891 fruicionem
564 3826 693 3906 iurium,
728 3825 911 3890 libertatum
942 3831 974 3889 et
1005 3826 1186 3907 graciarum
1216 3826 1401 3892 huiusmodi

129 3939 254 4009 ussisse
284 3938 447 4018 reducere,
477 3940 606 4005 eosdem
629 3940 782 4005 articulos
806 3943 969 4005 eteorum
1003 3940 1178 4022 quemlibet
1200 3938 1402 4021 presentibus

126 4041 311 4133 insonamus,
334 4053 367 4117 in
384 4053 496 4133 primis
514 4053 672 4136 siquidem
688 4053 896 4119 decernentes
919 4057 951 4117 et
966 4053 1055 4135 regio
1079 4057 1257 4118 statuentes
1281 4052 1403 4119 edicto:

122 4165 193 4243 quod
220 4167 399 4249 supradicti
423 4167 511 4232 ciues
541 4172 574 4232 et
607 4167 812 4247 uniuersitas,
836 4168 970 4232 heredes
1001 4173 1035 4232 et
1057 4184 1259 4233 successores
1281 4185 1401 4248 eornm,

113 4275 352 4362 imperpetuum,
390 4297 470 4361 quos
507 4279 547 4345 ab
581 4281 727 4359 omnibus
751 4281 880 4360 steuris,
914 4281 1070 4363 lozungis,
1111 4281 1264 4360 collectis,
1301 4279 1401 4359 taliis,

113 4392 404 4460 contribucionibus
420 4399 454 4458 et
468 4393 665 4476 quibuslibet
683 4394 756 4458 aliis
774 4393 1002 4474 solucionibuS,
1026 4410 1227 4474 quocumque
1249 4398 1403 4459 vocentur

113 4509 244 4586 romine,
280 4512 314 4571 et
344 4508 532 4573 nominatim
559 4507 699 4572 aberua
722 4508 833 4588 regali,
858 4508 948 4571 iuxta
971 4511 1111 4571 veterem
1134 4507 1213 4587 dicti
1235 4506 1346 4590 oppidi
1369 4510 1402 4571 et

114 4621 333 4690 nburbiorum
364 4621 638 4700 consuetudinem,
668 4620 881 4686 absoluendos
913 4621 1072 4701 duximus,
1102 4619 1205 4701 nobis,
1228 4619 1399 4686 heredibus
