3098 5392
546 480 621 532 1825·
1183 479 1247 546 217

115 706 154 751 en
177 687 316 767 duxerit,
349 687 439 753 dabit
467 688 549 753 duos
579 706 716 770 grossos.
764 686 885 752 Currus
916 687 1079 753 adducens
1111 689 1248 754 calibem

113 800 200 866 dabit
222 800 382 880 denarios,
406 819 520 866 numus
544 820 695 883 ceparum
718 801 799 866 duas
821 800 937 880 ristas;
966 802 1115 867 similiter
1138 821 1250 867 currus

115 933 130 978 s
154 915 255 980 ristas
280 914 378 979 dabit.
426 913 639 980 Centenarius
662 915 796 980 seminis
815 915 903 997 porri
926 913 1007 979 duos
1030 932 1170 996 grossos,
1194 914 1251 979 sed

113 1027 294 1107 rapularum
318 1046 414 1092 vnum
437 1046 584 1110 grossum
611 1032 736 1092 tautum
766 1027 863 1092 dabit.
910 1027 960 1091 De
989 1044 1083 1092 esoce
1111 1024 1249 1092 adducto

113 1140 219 1218 iarius,
255 1139 296 1204 de
317 1140 430 1207 rumbo
461 1159 543 1206 vnus
573 1141 658 1206 lotus
689 1140 760 1204 dari
790 1138 892 1205 debet.
938 1139 1019 1204 Item
1049 1139 1181 1203 naulum
1211 1138 1251 1205 de

116 1252 199 1316 vitra
223 1253 357 1317 Albeam
388 1253 436 1318 sic
466 1254 627 1319 soluatur:
661 1257 818 1336 quotquot
847 1252 921 1334 equi
944 1252 978 1316 in
1002 1270 1097 1317 curru
1119 1250 1250 1331 fuerint,

113 1366 148 1430 rii
169 1366 406 1446 persoluentur,
430 1371 463 1432 et
486 1368 514 1432 si
536 1367 698 1432 transiens
723 1367 755 1430 in
777 1365 890 1430 eadem
905 1365 1085 1447 septimana
1099 1383 1250 1430 reuersus

113 1477 166 1541 ihil
188 1477 286 1542 dabit.
332 1479 476 1558 Quilibet
504 1478 598 1544 homo
625 1479 787 1543 transiens
809 1477 950 1544 medium
972 1476 1062 1542 dabit
1083 1477 1250 1543 denarium

113 1609 126 1653 n
162 1592 342 1671 septimana
374 1592 504 1656 rediens
538 1592 688 1657 similiter
721 1591 803 1657 nihii
836 1591 934 1656 dabit
980 1591 1132 1656 Preterea
1164 1591 1252 1656 dicta

113 1705 205 1768 {uitas
227 1705 394 1770 Pinnensis
417 1711 449 1770 et
471 1706 561 1771 ciues
584 1707 616 1770 in
641 1724 680 1770 ea
702 1710 933 1772 commorantes
953 1704 1078 1770 iuribus
1101 1709 1134 1770 et
1155 1705 1250 1770 liber·

113 1816 312 1897 nfrasoript-is
336 1816 377 1883 de
398 1819 518 1883 nostris
537 1817 738 1898 beneplacito
762 1823 795 1882 et
816 1822 904 1883 certa
926 1817 1067 1883 sciencia
1089 1817 1251 1899 gaudeant

135 1935 168 1994 et
189 1929 347 2011 fruantur,
360 1930 523 2009 uidelicet,
547 1930 633 2012 quod
644 1930 780 2013 quilibet
791 1930 935 1996 ciuitatis
957 1931 1062 2012 ipsius
1080 1931 1163 1996 ciuis
1177 1949 1250 2012 pro-

113 2040 201 2106 ibens
223 2043 257 2106 in
280 2061 319 2106 ea
342 2042 470 2107 domum
493 2042 604 2109 decem
624 2061 750 2108 marcas
773 2044 899 2125 argenti
925 2043 1094 2125 valentem,
1124 2045 1164 2109 de
1187 2061 1250 2125 qua

116 2153 189 2219 ibus
212 2174 284 2219 cum
300 2155 428 2220 ciuibus
444 2156 564 2221 nostris
580 2155 734 2237 predictis
750 2157 931 2222 contribuat
945 2162 978 2222 et
993 2157 1250 2224 contribuciones

113 2287 119 2330 ·,
141 2272 192 2332 est
213 2269 324 2348 moris,
347 2266 388 2333 de
410 2268 627 2334 mercimoniis
655 2268 908 2352 quibuscunque,
939 2288 1002 2352 que
1024 2271 1058 2335 in
1080 2289 1177 2336 curru
1199 2270 1250 2335 vei

119 2379 260 2461 propriis
274 2379 455 2461 adduxerit,
478 2399 537 2446 uec
559 2381 707 2448 theloneo
724 2401 783 2449 nec
799 2382 921 2448 cambio
941 2384 1119 2464 prenotatis
1135 2383 1176 2448 ad
1191 2383 1250 2448 ali·
1322 2457 1326 2463 .

113 2491 186 2557 inde
217 2493 464 2574 persoluendum
495 2494 639 2560 debitum
661 2497 706 2561 sit
727 2496 890 2577 astrictus,
921 2496 986 2561 nisi
1015 2515 1054 2562 ea
1082 2495 1251 2562 deduxerit

113 2613 188 2673 tunc
212 2608 263 2671 ius
287 2613 475 2674 consuetum
506 2609 546 2674 de
576 2610 658 2691 ipsis
690 2611 815 2676 soluere
844 2616 1001 2676 teneatur.
1047 2611 1137 2690 Item,
1168 2611 1250 2676 ciuis

121 2720 267 2801 predicte
290 2721 420 2802 propria
446 2740 559 2787 carens
582 2723 675 2789 domo
699 2729 731 2788 et
753 2724 1011 2790 contribuciones
1039 2723 1081 2789 de
1110 2725 1251 2806 quinque

113 2834 217 2899 aciens
241 2840 274 2898 et
295 2836 483 2916 persoluens
514 2837 565 2900 ius
596 2837 738 2902 thelonei
761 2843 794 2902 et
816 2838 931 2903 cambii
962 2838 1067 2902 soluet
1088 2838 1121 2902 in
1144 2837 1251 2902 media

113 2951 202 3010 ntum.
248 2947 400 3012 Preterea
429 2948 534 3014 incoia
561 2948 706 3014 ciuitatis
728 2951 849 3016 habeus
873 2951 1060 3015 societatem
1082 2951 1115 3014 in
1138 2951 1251 3016 merci·

113 3078 178 3123 rum
213 3065 365 3126 extraneo
396 3061 447 3125 vel
477 3063 578 3127 eciam
609 3083 681 3128 cum
712 3064 817 3128 incola
847 3064 975 3128 domum
1001 3065 1164 3145 propriam
1187 3082 1249 3129 non

122 3173 172 3235 ius
203 3172 351 3238 theloneo
375 3180 407 3238 et
429 3176 553 3240 cambio
583 3178 762 3257 prenotatis
793 3177 936 3242 debitum
966 3177 1050 3242 sicut
1079 3183 1250 3242 extraneus

113 3291 251 3348 coeatur
274 3291 307 3350 et
329 3288 433 3352 incola
456 3289 600 3354 ciuitatis
623 3291 831 3355 mercimonia
848 3309 907 3355 sua
922 3292 1110 3373 permittens
1134 3291 1251 3356 ducere

113 3418 141 3461 m
176 3399 320 3464 ciuitatis
354 3402 489 3466 eundem
521 3402 560 3466 de
590 3404 730 3468 thelonei
762 3408 794 3467 et
824 3405 940 3469 cambii
966 3405 1091 3469 iuribus
1114 3404 1250 3469 liberum

129 3511 278 3576 solutum.
324 3512 415 3594 Item,
449 3515 554 3579 incola
585 3517 728 3581 ciuitatis
760 3516 922 3581 adducens
956 3537 1014 3598 pro
1044 3519 1152 3599 precio
1183 3518 1250 3582 cui-

113 3629 253 3691 rxtraneo
275 3646 398 3692 merces
422 3647 498 3693 suas
521 3631 590 3695 ioco
613 3631 758 3695 eiusdem
789 3632 932 3696 extranei
955 3650 1012 3713 pro
1035 3632 1159 3696 iuribus
1181 3631 1251 3695 the·

125 3739 248 3802 cambio
273 3739 400 3819 debitis
424 3741 524 3805 donec
544 3748 715 3808 extraneus
733 3743 922 3822 satisfaciat,
946 3743 1108 3808 tenebitur
1122 3742 1251 3808 nomine

113 3853 157 3915 rio
180 3852 384 3932 respondere.
430 3853 581 3918 Preterea
612 3856 708 3919 iudex
731 3861 841 3921 noster
870 3857 1048 3937 Pirnensis,
1081 3856 1136 3939 qui
1166 3875 1251 3922 nuno

113 3965 155 4045 qui
178 3984 237 4046 pro
259 3970 403 4046 tempore
425 3965 532 4047 fuerit,
563 3967 659 4031 habet
682 3973 715 4032 et
736 3969 866 4033 habebit
895 3975 1049 4050 perpetuo
1080 3988 1251 4052 supertes

113 4096 162 4141 ras
187 4077 397 4143 obnoxiorum
419 4080 512 4145 modo
539 4081 710 4146 obseruato
742 4082 907 4161 bucusque
938 4102 1087 4148 exercere
1116 4083 1251 4149 iudicia·

113 4197 259 4255 estatem.
305 4192 394 4270 Item,
427 4194 454 4256 si
486 4193 581 4259 iudex
609 4194 706 4257 alicui
743 4197 862 4274 petenti
887 4196 949 4260 sibi
973 4196 1012 4261 de
1035 4197 1135 4261 altero
1158 4198 1251 4264 iusti-

113 4304 128 4366 i
152 4304 336 4384 denegaret,
369 4305 477 4369 habito
508 4325 606 4388 super
633 4327 670 4370 eo
694 4307 829 4372 citiorum
860 4310 909 4372 vel
940 4311 1038 4374 trium
1068 4313 1251 4378 testimonio

113 4436 140 4495 n,
177 4423 295 4482 extunc
329 4419 399 4498 ipsc
434 4420 529 4484 iudex
560 4423 703 4501 predicte
736 4423 879 4486 ciuitatis
912 4428 1021 4488 nostre
1050 4424 1084 4488 in
1114 4431 1252 4507 quatuor

113 4530 228 4609 argenti
261 4531 383 4594 usualis
414 4532 447 4595 iu
479 4533 548 4597 eius
577 4552 652 4599 usus
677 4535 716 4599 de
739 4541 826 4599 certa
857 4535 997 4600 sciencia
1026 4540 1251 4604 conuertendis

114 4661 150 4706 re
173 4641 260 4706 infra
282 4663 425 4709 mensem
452 4652 484 4709 et
510 4647 589 4710 satis
619 4646 726 4711 iacere
756 4653 912 4712 teneatur.
957 4648 1048 4731 Item,
1079 4652 1176 4717 iurati
1207 4653 1251 4717 ci-
