3098 5392
670 388 744 438 185³.

607 628 672 710 dn.
703 647 777 711 340.

396 814 495 895 1353,
516 815 539 883 4
560 818 749 902 prosince.
774 818 828 887 Ve
851 798 985 904 sppru.
1084 893 1092 907 ,

32 989 217 1074 Moboelp
239 988 420 1073 arcibislrap
443 1011 465 1055 a
487 987 683 1057 arcikoncldr'
704 991 770 1058 r'ffc
783 975 914 1058 Rimata
937 989 1073 1058 Gerlach
1092 992 1278 1079 promoscje
1299 1017 1343 1061 aa

32 1103 154 1170 aiddost
184 1101 274 1170 bruile
301 1104 408 1170 Karta
429 1104 487 1180 IV,
517 1104 552 1170 da
580 1107 677 1170 mdsto
711 1101 793 1170 Cbeb
822 1125 838 1170 s
860 1103 1009 1187 trajicere
1029 1102 1137 1172 okolnf
1157 1128 1179 1171 a
1199 1128 1216 1173 a
1237 1107 1342 1192 bandy

34 1218 187 1284 massan
209 1238 231 1282 a
254 1215 471 1283 Porktter'nem
492 1217 564 1300 byly
586 1217 626 1283 od
647 1219 713 1284 r'ffa
725 1223 896 1301 rostaccny
911 1216 1038 1285 krcitrtm
1060 1240 1082 1284 a
1103 1217 1223 1285 laona
1247 1199 1343 1288 &aas

33 1353 72 1398 oe
95 1329 374 1397 mirionum
394 1330 525 1407 str'fbrm
549 1353 571 1396 a
591 1330 625 1398 dc
645 1330 752 1398 rfrdto
774 1332 865 1398 listis
893 1354 938 1398 roa
960 1337 990 1398 to
1013 1332 1136 1418 duoy'cb
1159 1333 1252 1399 nemo
1273 1334 1340 1420 bp'tr'

390 1465 435 1509 na
454 1443 543 1529 atjmu
558 1443 700 1527 prdortm
722 1443 818 1512 trote
842 1423 986 1530 &osky'cta

143 1618 211 1685 Nos
235 1619 392 1687 Gerlacus
415 1620 468 1686 dei
490 1620 601 1702 gracia
628 1627 739 1688 sancte
764 1621 1025 1704 Moguntinensis
1055 1623 1192 1689 ecclesie
1216 1623 1340 1691 archie-

35 1734 202 1817 piscopus,
234 1733 319 1799 sacri
349 1733 478 1817 imperii
510 1752 568 1816 per
591 1734 798 1801 Germaniam
819 1734 1132 1817 archicancellarius,
1155 1740 1266 1803 notum
1287 1737 1335 1804 fa·

36 1847 142 1914 cimus
180 1847 385 1928 presencium
415 1847 651 1930 inspectoribus
690 1853 724 1915 et
751 1846 954 1914 auditoribus
985 1846 1160 1930 uniuersis,
1191 1851 1339 1934 quamuis

37 1960 135 2027 litare
158 1959 360 2026 serenissimi
381 1979 421 2027 ac
441 1961 651 2028 inuictissimi
675 1962 832 2044 principis
862 1965 895 2027 et
916 1961 1048 2043 domini,
1071 1961 1193 2029 domini
1215 1963 1338 2046 Karoli,

36 2074 259 2140 Romanorum
282 2091 407 2154 semper
428 2075 559 2156 augusti
583 2079 616 2141 et
636 2075 770 2141 Boemie
791 2075 888 2157 regis,
912 2074 1033 2142 domini
1062 2075 1166 2141 nostri
1188 2076 1338 2159 graniani,

35 2205 119 2270 quas
151 2204 249 2267 super
280 2185 481 2269 obligacione
503 2191 537 2254 et
558 2187 774 2270 infrascriptis
804 2188 874 2253 suis
895 2187 1095 2271 pignoribus,
1119 2188 1272 2256 videlicet
1293 2190 1337 2257 ci·

37 2301 143 2366 nitate
179 2300 321 2382 Egrensi
351 2304 385 2366 et
414 2301 486 2366 eius
518 2302 691 2382 territorio,
724 2319 848 2366 necnon
882 2301 998 2367 castris
1032 2306 1065 2366 et
1097 2301 1337 2370 municionibus

36 2412 134 2478 Flozz
164 2417 198 2478 et
226 2412 397 2479 Parkstein
429 2417 462 2478 et
492 2431 603 2480 eorum
632 2413 843 2496 pertinenciis
872 2412 998 2496 pridem
1021 2412 1169 2496 obtinuit
1191 2433 1337 2499 quasque

36 2525 124 2591 clare
147 2526 300 2592 memorie
322 2527 465 2593 illustres
487 2527 661 2610 principes,
683 2526 846 2611 quondam
867 2543 961 2609 reges
983 2526 1126 2608 Boemie,
1148 2529 1333 2610 progenito·

35 2657 87 2705 roa
122 2639 176 2705 sui
210 2656 248 2705 ex
282 2638 477 2706 notabilibus
508 2640 615 2706 causis
645 2658 666 2705 a
696 2658 787 2706 sacro
816 2640 960 2706 Romano
991 2639 1128 2721 imperio
1156 2639 1336 2709 obtinuisse

35 2756 224 2833 noscuntur,
248 2753 374 2819 sinistri
398 2773 492 2820 casus
516 2753 638 2820 odiosis
662 2752 831 2819 euentibus
854 2756 994 2819 cremate
1016 2757 1049 2818 et
1066 2752 1193 2835 perdite
1214 2753 1337 2821 fuerint

36 2870 68 2931 et
82 2866 161 2947 sint,
177 2866 262 2949 quod
278 2885 389 2933 earum
413 2867 556 2949 presidio
580 2868 627 2933 uti
650 2886 714 2934 non
737 2870 844 2948 potest
865 2865 906 2931 ad
929 2867 1145 2933 ostensionem
1168 2866 1219 2933 sui
1242 2867 1334 2949 iuris,

36 2981 137 3045 sicut
159 2978 282 3045 eudem
304 2981 420 3048 merito
437 2984 590 3060 uteretur,
614 2986 810 3047 tamencum
832 2979 943 3045 eadem
961 2979 1119 3061 obligacio
1136 2978 1207 3044 siue
1222 2980 1334 3062 pigno-

36 3093 123 3159 racie
154 3098 232 3158 nota
263 3094 306 3158 sit
335 3093 473 3174 publice,
504 3100 537 3159 et
559 3113 617 3159 nos
641 3093 681 3158 de
704 3093 893 3160 condicione
914 3091 1125 3174 obligacionis
1147 3091 1333 3159 huiusmodi

36 3223 148 3270 sumus
170 3206 266 3287 plene
288 3210 321 3271 et
343 3205 541 3272 sufficienter
562 3207 722 3287 instructi,
746 3206 905 3286 videlicet,
924 3204 1008 3286 quod
1030 3203 1156 3286 prefata
1177 3205 1333 3286 Egrensis

36 3319 153 3384 ciuitas
185 3337 258 3384 cum
288 3339 347 3385 suo
377 3320 543 3386 territorio
572 3339 696 3386 necnon
729 3325 835 3386 castra
865 3338 922 3385 scu
951 3317 1152 3384 municiones
1175 3318 1269 3384 Flora
1300 3325 1333 3384 et

34 3431 206 3498 Parkstein
231 3452 304 3498 cum
326 3432 474 3499 omnibus
498 3434 568 3500 suis
590 3433 802 3516 pertinenciis
816 3451 915 3515 regno
939 3436 972 3497 et
993 3449 1109 3498 corone
1123 3432 1256 3498 Boemie
1273 3451 1332 3513 pro

33 3546 250 3628 quadraginta
283 3546 415 3612 milibus
449 3565 627 3613 marcarum
658 3547 730 3628 puri
761 3547 896 3627 argenti,
927 3546 1069 3627 quinque
1097 3545 1229 3611 florenis
1259 3564 1332 3612 cum

33 3658 170 3724 dimidio
192 3657 356 3724 florentini
378 3659 531 3741 ponderis
557 3679 614 3742 pro
636 3679 745 3725 marca
760 3659 904 3742 qualibet
926 3659 1174 3740 compactandis‚
1197 3677 1217 3723 a
1240 3676 1332 3725 sacro

33 3772 179 3838 Romano
210 3772 345 3853 imperio
368 3772 432 3837 rite
454 3772 575 3838 fuerint
606 3773 745 3855 obligata
769 3778 800 3837 et
823 3773 1043 3854 progenitores
1066 3790 1104 3837 ac
1126 3771 1331 3854 predecesso-

31 3904 82 3953 res
108 3885 172 3966 sui,
204 3903 297 3967 reges
320 3885 454 3951 Boemie
477 3886 631 3967 illustres,
655 3888 688 3952 in
715 3887 921 3969 possessione
943 3884 1139 3967 prefatorum
1161 3885 1331 3968 pignorum

29 4001 153 4068 fuerint
176 4002 208 4064 ct
231 3999 302 4081 ipse
325 3998 474 4064 dominus
498 4005 608 4065 noster
623 3999 788 4082 predictus
804 3999 916 4065 eadem
932 3999 1068 4082 pignora
1082 3999 1145 4064 rite
1166 3998 1332 4080 possideat

26 4115 61 4180 in
84 4111 253 4196 presenti:
289 4112 500 4178 consideratis
531 4112 631 4194 igitur
653 4112 885 4194 multiplicibus
908 4111 1078 4177 fauoribus
1102 4115 1134 4176 et
1155 4110 1274 4192 graciis
1297 4115 1330 4176 et

23 4228 200 4294 fructuosa
223 4224 397 4306 diligencia
420 4244 544 4291 necnon
568 4225 729 4291 laboribus
752 4224 935 4305 indefessis,
966 4224 1084 4306 quibus
1107 4222 1251 4305 prefatus
1275 4223 1330 4291 du-

22 4342 139 4408 minus
163 4341 275 4404 noster
296 4337 337 4403 ad
360 4340 513 4405 honorem
536 4344 569 4403 et
591 4339 765 4404 utilitatem
788 4338 872 4403 sacri
895 4337 1022 4419 imperii
1051 4334 1191 4402 fideliter
1212 4341 1246 4403 et
1266 4336 1330 4404 fre·

20 4458 169 4539 quanter
198 4451 348 4533 intendit,
380 4453 534 4535 inspectis
566 4453 667 4518 eciam
696 4451 891 4520 notabilibus
922 4456 955 4517 et
976 4449 1131 4517 studiosis
1154 4448 1328 4536 obsequiis,

19 4590 89 4654 quc
114 4567 340 4652 progenitores
364 4569 425 4648 sui,
450 4568 611 4650 quondam
635 4587 727 4649 reges
754 4568 895 4646 Boemie,
918 4566 982 4648 ipsi
1007 4580 1098 4633 sacro
1121 4565 1255 4648 imperio
1278 4585 1328 4633 re·

1137 4698 1171 4750 aa
