3098 5392
196 420 263 488 852
815 422 891 473 ress.

196 632 336 714 dilectis,
361 631 502 698 annuale
524 630 630 697 lorum
659 630 800 712 singulis
823 630 918 697 annis
942 629 976 696 in
1006 628 1120 697 eadem
1153 628 1291 695 ciuitate
1320 630 1498 696 habendum

196 746 415 815 concessimus
444 749 478 810 et
507 742 710 824 domuimus,
735 744 848 810 damus
881 749 914 810 et
936 743 1143 811 concedimur
1165 749 1200 810 et
1221 745 1351 811 uirtute
1374 763 1497 828 presen-

196 865 283 931 cium
315 861 410 944 regia
441 859 637 925 auctoritate
669 859 803 926 Boemie
834 859 1015 943 gratiosius
1044 858 1232 942 elargimur,
1268 859 1318 924 ita
1340 857 1498 937 videlicet,

198 975 285 1060 quod
316 975 416 1042 iidem
445 972 678 1041 inhabitatores
711 978 745 1039 et
767 975 872 1041 incole
894 974 1042 1041 eiusdem
1063 971 1210 1040 ciuitatis
1231 971 1428 1039 Prachaticz
1450 991 1499 1038 er-

198 1110 283 1156 nunc
305 1090 436 1156 inantea
457 1087 642 1154 huiusmodi
664 1088 804 1154 annuale
825 1087 931 1154 lorum
960 1087 996 1153 in
1018 1085 1132 1152 endem
1158 1085 1297 1152 ciuitate
1314 1085 1499 1154 Prachaticz

198 1207 232 1271 in
254 1204 368 1286 vigilia
397 1201 501 1268 sancti
529 1199 644 1268 Jacobi
682 1201 822 1284 apostoli
849 1200 994 1284 proxime
1017 1205 1156 1265 uentura
1186 1201 1222 1267 in
1243 1200 1343 1266 annis
1366 1201 1500 1284 singulis

199 1317 319 1384 habere
348 1322 382 1382 et
409 1316 519 1397 ipsum
548 1333 606 1396 per
639 1320 710 1382 octo
731 1315 803 1382 dies
826 1314 1014 1381 immediate
1037 1318 1209 1398 sequentes
1232 1314 1430 1381 continuere
1449 1313 1500 1380 de

197 1432 297 1498 beant
327 1448 401 1497 cum
431 1427 647 1510 libertatibus,
673 1428 812 1513 juribus,
840 1428 1131 1496 consuetudinibus
1153 1432 1187 1493 et
1208 1428 1433 1511 prerogatiuis
1455 1446 1501 1494 so

201 1546 271 1612 litis
294 1548 328 1610 et
350 1542 525 1624 consuetis,
552 1541 671 1625 quibus
693 1547 801 1609 cetere
821 1547 934 1610 nostre
955 1541 1106 1608 ciuitates
1127 1542 1221 1624 regni
1243 1542 1352 1608 nostri
1375 1542 1502 1608 Boemie

202 1660 236 1724 in
268 1658 415 1740 ipsorum
453 1655 647 1721 annualibus
685 1655 767 1722 loris
800 1654 943 1738 gaudent
979 1661 1013 1721 et
1045 1656 1227 1739 pociuntur,
1261 1655 1502 1740 impedimentis

206 1768 421 1854 quorumlibet
443 1768 575 1850 penitus
598 1769 710 1851 procul
725 1769 832 1850 motis,
856 1774 892 1834 ut
913 1767 1147 1835 inhabitatores
1162 1772 1196 1834 et
1210 1768 1339 1835 incolas
1363 1769 1502 1835 ciuitatis

204 1883 392 1952 Prachaticz
416 1883 451 1948 in
474 1880 620 1965 predicto
642 1882 775 1948 annuali
800 1882 869 1948 foro
891 1901 951 1949 nec
972 1886 1168 1948 mercatores
1195 1887 1230 1947 et
1250 1882 1337 1950 alios
1360 1883 1502 1950 homines

202 1998 312 2080 ipsum
338 1996 453 2063 ‘lorum
491 1995 664 2061 uisitantos
700 1996 887 2062 nullatenus
919 1995 1107 2078 impediant.
1151 1995 1291 2078 Insuper
1325 1997 1434 2063 eciam
1467 2015 1503 2061 er

204 2110 339 2196 speciali
371 2115 482 2177 nostra
511 2109 622 2193 grecia
645 2110 758 2177 damus
782 2115 815 2176 et
838 2111 1044 2179 concedimus
1067 2110 1150 2194 ipsis
1173 2109 1314 2192 ciuibus,
1348 2109 1502 2178 inhabita-

203 2224 328 2292 toribus
358 2229 392 2290 et
412 2223 529 2290 incolis
552 2228 687 2289 enatam
711 2224 751 2289 de
773 2223 908 2290 Boemia
930 2230 964 2291 et
984 2224 1135 2290 Morauie
1161 2242 1228 2290 una
1251 2243 1328 2291 cnm
1346 2225 1502 2303 theloneo,

204 2344 242 2405 ut
270 2343 407 2421 pergant
435 2343 470 2404 et
500 2337 620 2403 ducant
648 2342 795 2404 vectores
830 2339 902 2405 siue
932 2337 990 2404 alii
1013 2337 1159 2405 homines
1182 2357 1256 2404 cum
1277 2337 1453 2406 frumentis
1472 2342 1502 2402 et

205 2451 367 2519 mercibus
397 2449 439 2516 ad
462 2450 629 2517 ciuitatem
655 2451 856 2530 Prachaticz,
876 2456 909 2517 et
931 2471 950 2518 e
970 2469 1128 2518 conuerso
1151 2470 1224 2518 cum
1246 2452 1318 2518 sale
1339 2458 1375 2518 et
1394 2450 1503 2519 merci·

206 2565 325 2632 moniis
356 2565 396 2630 de
426 2565 614 2631 Prachaticz
647 2570 785 2648 pergant
815 2571 848 2631 et
870 2565 990 2632 ducant
1012 2565 1084 2632 sine
1105 2565 1172 2632 ullo
1194 2564 1429 2648 impedimento
1449 2565 1502 2630 ali·

206 2679 299 2745 cuius
331 2678 478 2744 ciuitatis
510 2683 567 2743 aut
598 2677 709 2761 oppidi
732 2677 881 2745 obstante
903 2697 961 2745 sen
984 2679 1123 2745 aliorum
1144 2682 1331 2745 nostrorum
1353 2677 1500 2757 fidelium,

206 2797 243 2859 ut
272 2791 313 2858 ab
343 2792 475 2875 antiquo
506 2790 569 2857 luit
598 2810 619 2856 a
648 2792 760 2857 multis
785 2792 956 2858 retroactis
978 2790 1189 2874 temporibus,
1223 2791 1273 2857 sic
1295 2793 1402 2859 eciam
1423 2809 1501 2857 nunc

207 2911 241 2972 et
262 2906 395 2973 inantea
416 2906 464 2971 vti
487 2904 626 2971 debeant
648 2910 812 2995 perpetue.
847 2905 984 2989 Insuper
1005 2904 1188 2971 inhibentes
1210 2905 1378 2972 uniuersis
1392 2911 1427 2972 et
1441 2905 1500 2970 sin·

205 3020 294 3103 gulis
317 3018 503 3101 baronibus,
526 3017 699 3101 nobilibus,
722 3019 894 3101 militibus,
918 3018 1100 3101 clientibus,
1124 3016 1330 3100 officialibus,
1352 3018 1499 3103 burggra-

207 3133 284 3214 uiis,
314 3132 480 3215 magistris
510 3132 642 3214 ciuium,
674 3133 872 3215 consulibus,
902 3132 1018 3198 iuratis
1048 3137 1082 3198 et
1111 3133 1399 3213 communitatibus
1428 3131 1499 3198 ciui·

207 3251 311 3312 tatum
326 3250 360 3312 et
375 3246 567 3329 oppidorum
581 3251 614 3310 et
628 3246 781 3326 locorum,
805 3263 929 3311 necnon
952 3244 1069 3311 ceteris
1091 3245 1212 3310 nostris
1234 3250 1270 3310 et
1288 3246 1385 3328 regni
1407 3243 1499 3312 nostri

205 3360 341 3427 Boemie
371 3359 511 3425 subditis
534 3364 567 3424 et
588 3356 752 3439 fidelibus,
786 3359 991 3441 presentibus
1014 3363 1048 3423 et
1069 3356 1199 3439 futuris,
1228 3357 1368 3426 firmiter
1389 3365 1423 3426 et
1442 3359 1498 3424 dis·

210 3478 307 3554 crete,
331 3492 372 3539 ne
394 3472 557 3555 predictos
581 3472 680 3552 ciues,
704 3472 937 3538 inhabitatores
961 3477 993 3537 et
1015 3472 1138 3538 incolas
1154 3471 1300 3538 ciuitatis
1319 3471 1498 3539 Prachaticz

208 3593 242 3654 et
273 3586 453 3670 predictam
487 3592 622 3653 stratam
656 3606 719 3653 non
752 3587 931 3669 impediant
963 3604 1024 3651 nec
1052 3584 1206 3667 impediri
1240 3603 1302 3668 per
1334 3586 1498 3668 quemlibet

207 3701 389 3785 paciantur,
416 3700 497 3784 quin
527 3700 644 3782 pocius
674 3701 763 3782 ipsos
795 3701 882 3766 circa
914 3699 1099 3765 huiusmodi
1126 3705 1370 3781 manuteneant,
1398 3705 1496 3766 nostro

209 3815 339 3881 nomine
353 3818 525 3898 protegant
540 3812 716 3881 efficaciter
731 3819 764 3879 et
779 3814 964 3896 defendant,
981 3817 1078 3895 prout
1088 3811 1355 3895 indignacionem
1365 3820 1496 3881 nostran

210 3929 438 4012 grauissimam
460 3928 622 3994 voluerint
643 3929 770 3994 arccius
794 3929 928 3994 euitare.
972 3928 1181 3994 Prosencium
1203 3925 1265 3992 sub
1285 3927 1379 4011 regie
1401 3933 1497 3995 nostre

208 4042 391 4109 maiestatis
421 4043 530 4124 sigillo
561 4043 748 4109 testimonio
777 4043 956 4108 literarum.
1001 4042 1122 4107 Datum
1147 4040 1252 4123 Prage
1278 4059 1366 4107 anno
1389 4038 1496 4109 domini

209 4156 382 4221 millesimo
396 4156 624 4221 trecentesimo
646 4157 855 4239 nonagesimo
880 4161 1004 4238 quarto,
1027 4155 1082 4221 die
1104 4154 1219 4237 quinta
1240 4152 1369 4220 decima
1384 4153 1495 4228 hlarcii,

208 4287 382 4349 regnorum
406 4273 589 4334 nostrornm
611 4284 696 4334 anno
718 4269 852 4335 Boemie
874 4269 1039 4334 tricesimo
1060 4267 1175 4351 primo,
1197 4267 1418 4336 Romanorum
1433 4284 1494 4334 vero

212 4381 335 4446 decimo
357 4387 482 4447 octauo.

950 4494 1001 4560 nd
1022 4493 1212 4560 mandatnm
1232 4493 1358 4562 domini
1380 4494 1462 4578 regis

909 4608 1103 4674 Franciscus
1125 4606 1303 4674 canonicus
1326 4605 1493 4692 Pragensis
