3150 5378
753 416 828 472 ¹⁸⁰⁶·
1374 420 1437 489 147

149 631 253 714 cipnoe
271 627 460 697 iuuenimne
480 632 515 696 et
535 632 604 697 tam
624 627 803 697 deuocione
824 646 922 714 quam
943 646 1040 713 opere
1061 628 1226 697 canores,
1247 626 1342 714 Sane,
1365 650 1439 700 cum

144 744 181 810 ed
202 745 265 811 boc
285 743 517 827 inoportunis
550 743 631 810 locis
664 743 816 827 genmale
845 742 952 839 forum
980 747 1015 811 et
1042 742 1187 810 nundine
1208 747 1437 813 consueuerint

142 860 249 941 solui,
272 862 309 925 ut
329 859 365 925 iu
388 858 438 924 eis
458 856 637 924 emencium
662 875 701 924 ac
730 856 942 925 vendencium
970 862 1161 941 procuretur
1190 858 1313 926 militm
1335 864 1370 928 et
1389 860 1437 928 al·

140 978 230 1039 terna
253 970 466 1039 commoditas
486 977 655 1056 augeatrrr,
677 990 736 1039 uos
756 971 935 1055 reipublice
959 970 1042 1039 bono
1064 972 1165 1039 statui
1195 972 1362 1057 cupientes
1384 992 1436 1042 as-

139 1087 231 1155 siduo
262 1086 463 1153 incremento
485 1085 659 1153 salubriter
682 1085 856 1169 prouidere
883 1104 922 1153 ao
950 1085 1160 1170 prudencium
1188 1086 1333 1155 umorum
1352 1106 1435 1179 eon·

138 1201 244 1269 sulum
267 1206 302 1266 et
324 1199 448 1267 ciuium
467 1200 504 1267 in
524 1200 622 1284 Egra,
654 1199 847 1269 dilectorum
874 1205 1057 1267 nostrorum
1085 1197 1240 1282 fidelium,
1273 1198 1314 1267 ob
1342 1204 1436 1285 grata

137 1332 197 1397 qne
223 1313 322 1381 uobis
344 1312 572 1396 impenderunt
602 1312 757 1399 obsequia
777 1317 812 1381 et
831 1313 1028 1397 impendent,
1061 1312 1190 1381 deuotis
1220 1314 1434 1398 supplicacio-

137 1428 228 1494 nibus
250 1426 480 1494 fauorabiliter
495 1431 686 1507 annuentes,
709 1427 742 1493 in
764 1426 838 1511 ipsa
860 1427 994 1495 ciuitate
1015 1432 1127 1494 nostra
1148 1432 1183 1495 et
1203 1428 1331 1512 imperii
1345 1427 1434 1511 Egra

136 1542 293 1608 annuales
316 1540 487 1623 nundinae,
517 1559 582 1623 que
610 1541 787 1623 vulgariter
808 1540 961 1609 dicuutur
984 1540 1152 1625 jarmergt,
1185 1559 1249 1625 que
1276 1540 1434 1625 incipient

136 1657 228 1721 adia
250 1653 480 1738 penthecosten
501 1653 544 1719 ad
564 1654 760 1739 quindenam
781 1658 816 1721 et
835 1653 955 1720 abinde
975 1653 1018 1720 ad
1040 1652 1225 1737 qndudecim
1246 1652 1318 1719 dies
1336 1654 1431 1722 annis

136 1768 273 1852 singulis
297 1767 469 1850 durabunt,
491 1772 646 1851 perpetuo
661 1767 812 1835 duximus
827 1766 1011 1848 edicentes,
1034 1769 1178 1834 volentes
1193 1771 1228 1834 et
1240 1766 1430 1835 mandantes

135 1883 220 1965 regio
244 1883 309 1948 boc
332 1881 448 1964 edicto,
471 1881 556 1963 quod
572 1899 682 1948 omnes
704 1884 738 1947 et
755 1878 887 1963 singuli,
908 1882 965 1964 qui
979 1878 1022 1947 ad
1036 1879 1140 1946 dictae
1155 1879 1317 1946 nundinae
1331 1878 1432 1946 ierint

135 2002 164 2060 et
182 2014 244 2078 per
266 1992 453 2061 huiusmodi
476 1994 654 2077 empcionie
675 1997 709 2060 et
729 1993 931 2061 vendicionis
953 1992 1130 2060 exercendo
1150 1994 1340 2061 commercio
1355 2011 1430 2059 con·

134 2107 295 2187 duxerint,
318 2106 434 2189 cundo,
457 2106 572 2173 stando
594 2112 629 2173 et
648 2106 813 2174 redeundo
834 2106 869 2173 in
891 2106 1039 2189 personis
1068 2109 1103 2172 et
1129 2106 1226 2173 rebus
1255 2112 1366 2174 nostra
1395 2110 1430 2173 et

133 2222 261 2304 imperii
282 2222 488 2303 protectione
510 2221 733 2303 congaudeant
753 2226 788 2287 et
808 2222 1024 2291 nundinarum
1055 2241 1093 2289 ac
1123 2220 1300 2288 forensium
1326 2220 1427 2303 priui-

133 2334 212 2418 legio
248 2334 445 2401 libertatum
489 2334 581 2401 Nulli
612 2352 690 2418 ergo
722 2335 850 2402 omnino
883 2335 1048 2402 bominum
1080 2334 1178 2403 liceat
1206 2335 1289 2402 banc
1318 2338 1428 2401 nostre

132 2449 289 2516 edicionie
312 2447 464 2529 paginam
486 2448 664 2533 infringere
693 2450 747 2517 uel
771 2451 803 2518 ei
824 2468 908 2517 ausu
936 2450 1107 2518 temerario
1136 2449 1307 2530 contraire,
1339 2446 1425 2532 quod

132 2562 181 2643 qui
203 2562 317 2628 facem
338 2562 581 2644 presumpserit,
615 2563 874 2646 indignacionem
903 2564 1027 2648 regiam
1055 2568 1089 2630 et
1117 2562 1272 2630 offensam
1293 2578 1426 2645 grauem

134 2694 165 2739 se
183 2675 320 2741 nouerit
340 2674 553 2741 incursurum
588 2676 626 2743 In
648 2678 877 2760 premissorum
907 2677 1042 2745 euidens
1063 2677 1283 2745 testimonium
1305 2679 1339 2742 et
1359 2694 1425 2742 me·

133 2791 265 2855 noriam
288 2788 518 2870 sempiternam
539 2809 672 2872 presens
694 2792 851 2875 scriptum
872 2792 988 2859 exinde
1009 2790 1168 2858 conscribi
1190 2796 1224 2857 ot
1243 2789 1425 2857 maiestatis

134 2904 235 2984 similo
259 2903 417 2967 iussimus
439 2905 638 2970 communiri.
662 2906 783 2972 Datum
797 2908 831 2971 iu
847 2906 1046 2989 Nuremberg
1061 2903 1152 2971 xvl⁰
1165 2904 1320 2971 kalendas
1331 2903 1423 2984 Maii,

132 3015 311 3082 indiccione
332 3021 458 3098 quarta,
491 3035 575 3083 auno
597 3018 719 3085 domini
741 3020 912 3086 millesimo
941 3021 1166 3086 necennsinc
1196 3024 1297 3099 sexto,
1329 3016 1422 3099 regni

134 3147 201 3195 sero
225 3129 331 3195 nostri
353 3147 438 3194 anno
461 3132 584 3196 octauo.

228 3264 304 3333 (trip.
329 3282 405 3335 perp.
423 3265 562 3319 varchirn
587 3282 620 3320 m.
645 3266 747 3321 Choba
783 3268 801 3321 S
819 3268 920 3325 velkon
944 3269 1033 3339 pedeti
1053 3267 1223 3324 kralorslsou
1239 3267 1290 3323 bea
1309 3266 1421 3322 bonba-

138 3362 219 3423 sipillu
239 3379 276 3416 na
293 3362 397 3429 zelent,
421 3362 537 3417 dement
555 3379 573 3417 a
590 3363 662 3416 ilutd
686 3363 769 3418 iidie
789 3365 931 3421 hedvtbne
949 3364 1112 3424 santionem
1139 3396 1174 3405 -
1198 3364 1327 3430 Bbbmer,
1350 3362 1421 3418 dcta

136 3457 232 3527 inperii
251 3459 358 3513 selecta
375 3459 395 3513 1.
413 3458 435 3513 b
454 3464 513 3514 575.
531 3491 566 3501 —-
583 3459 684 3525 soler,
708 3462 828 3530 Regesta
846 3462 879 3518 ll.
897 3463 919 3518 d.
939 3466 1014 3517 2088.
1033 3493 1067 3505 -
1084 3461 1197 3529 Drieolr,
1221 3461 1347 3516 Aeltcste
1365 3458 1417 3513 Ge·

136 3553 248 3608 scticbta
267 3554 355 3624 Egere
373 3561 422 3610 atr.
440 3561 500 3610 ³19.
519 3587 553 3596 —
570 3556 663 3623 Gradl,
683 3556 864 3613 Monumenta
879 3559 991 3630 Eprana
1007 3558 1029 3614 I.
1048 3564 1097 3613 etr.
1115 3562 1167 3615 204
1185 3574 1203 3614 a
1219 3555 1353 3628 ndmecky
1370 3569 1418 3610 no·

137 3650 194 3718 itJii
207 3650 277 3721 jabo
296 3651 414 3723 plelslad
432 3671 448 3708 r
467 3652 631 3709 Gaschichte
648 3652 697 3710 des
715 3654 884 3725 Egcrlandee
902 3656 923 3710 Ι.
943 3661 990 3712 etr.
1012 3660 1069 3711 lae.

701 3850 766 3933 (ils.
790 3869 840 3933 82.

527 4002 626 4084 1306,
648 4003 691 4071 27
713 4000 803 4074 nan.
826 4006 1015 4077 Vehebu.

139 4124 259 4226 dimskpi
288 4139 364 4206 krail
384 4140 573 4209 Albrccbtl
600 4144 752 4228 widapa,
782 4146 843 4229 uby
877 4145 1002 4214 kdolcolc'
1029 4148 1118 4231 opole
1135 4148 1288 4216 comodo
1315 4149 1416 4213 mato

136 4247 228 4321 decc
249 4255 349 4321 coebo
364 4255 436 4322 ortt
453 4278 474 4322 o
487 4256 606 4323 obcodu
618 4262 680 4323 torn
693 4256 827 4344 cdjakoa
840 4262 1033 4340 canocc'toet
1054 4264 1122 4330 acal
1129 4264 1333 4348 procacem
1347 4264 1415 4331 dost

575 4371 665 4438 sema
683 4395 705 4438 a
719 4374 832 4460 jc'ay'clr
854 4375 961 4443 ddcak.

223 4510 294 4576 Nos
318 4510 468 4579 Albertus
491 4513 543 4581 dei
566 4517 675 4597 gracia
696 4519 912 4588 Romanorum
933 4541 990 4588 rex
1013 4541 1140 4606 semper
1159 4525 1327 4606 augustus.
1362 4518 1413 4585 Ad

135 4624 348 4692 mensorum
377 4627 462 4692 sacri
484 4628 620 4694 Rommi
650 4631 776 4715 imperii
810 4632 955 4704 fidelium
987 4638 1140 4705 noticiam
1169 4637 1318 4703 volumus
1340 4650 1413 4716 per-
1514 4669 1519 4679 ·

1205 4761 1254 4813 ιο*
