3098 5392
630 448 705 497 ¹3⁴¹·
1262 444 1326 512 351

67 647 153 703 archim
168 666 197 704 re
213 650 297 704 Vidni
320 651 479 722 choranych
497 669 514 706 a
531 660 560 707 to
578 654 724 709 takovdto:
753 654 830 721 „Lisc
854 654 931 706 krdle
955 653 1036 717 Jana,
1062 653 1114 721 sby
1133 656 1170 706 tii
1188 651 1329 706 Klatovstr'
1420 667 1423 673 ¹

67 759 94 795 za
105 743 157 813 apli
173 747 244 802 letha
261 746 343 802 viech
361 749 440 803 berni
458 766 475 803 a
492 750 558 804 dani
582 750 715 805 scobodni
739 751 804 822 byli.
840 750 943 804 llatum
962 768 977 803 v
995 750 1080 804 Prazc
1099 767 1115 803 v
1134 752 1231 817 outery
1259 748 1327 818 pied

70 838 187 897 Letniceuri
204 844 279 898 letha
298 849 389 900 1341.u

607 1025 671 1106 ors.
696 1042 768 1106 225.

403 1213 501 1293 1341,
525 1215 570 1281 23
593 1213 747 1281 kvetna.
771 1214 801 1280 V
824 1213 955 1281 Prone.

66 1380 124 1448 Kro‘l
141 1387 204 1451 Jan
221 1385 409 1469 problas'uje
430 1408 469 1451 za
490 1389 623 1471 crasson}
644 1388 745 1469 eripis,
770 1386 891 1472 klerpm
913 1410 946 1452 se
967 1389 1107 1452 rrcddlonc'
1131 1387 1328 1468 Buddjocic'tc'

65 1512 94 1555 rio
115 1498 218 1563 rozkas
251 1521 333 1581 syria
358 1499 432 1582 jebo
465 1499 663 1566 marerabece
684 1502 790 1565 Ir'arlo
822 1501 967 1566 soocizali
999 1501 1181 1566 sercielcmu
1207 1500 1329 1564 Timoci

273 1614 424 1679 sKolde'c
440 1614 554 1696 placiti
575 1617 668 1704 rodae
688 1616 731 1676 60
752 1613 810 1695 lcop
831 1636 879 1696 pr.
899 1613 1086 1698 prodskpcb.

140 1789 207 1854 Nos
219 1789 386 1854 Jobannes
409 1789 461 1854 dei
484 1790 593 1870 gracia
616 1790 748 1854 Boemie
764 1808 819 1854 rex
836 1808 874 1854 ac
896 1789 1187 1869 Luccmburgensis
1211 1807 1326 1867 comes,

61 1904 144 1966 notum
172 1903 312 1967 facimus
348 1908 460 1968 tenore
482 1903 685 1984 presencium
722 1903 894 1981 uniuersis,
929 1902 1023 1985 quod,
1061 1902 1137 1966 licet
1173 1902 1255 1967 alias
1293 1903 1326 1966 in

60 2018 145 2078 nostra
165 2014 320 2080 absencia
342 2014 383 2079 ad
405 2015 590 2079 mandatum
622 2015 759 2079 illustris
792 2014 913 2094 Karoli‚
944 2015 1139 2080 marchionis
1169 2015 1326 2093 blorsuie,

56 2123 240 2209 lrimogeniti
264 2128 367 2192 nostri
390 2128 560 2207 carissimi,
584 2128 672 2192 ciues
695 2126 807 2192 fideles
829 2127 932 2192 nostri
956 2127 1066 2192 dilecti
1089 2127 1123 2192 in
1143 2126 1326 2192 Wudowois

55 2239 191 2311 qnondam
214 2238 304 2304 fideli
325 2245 436 2305 nostro
459 2240 593 2322 Tymoni
615 2239 656 2304 de
678 2239 813 2305 Koldicu
845 2258 941 2320 super
971 2240 1137 2306 solucione
1159 2239 1327 2321 sexaginta

52 2359 267 2435 sexagenorum
290 2371 475 2434 grossorum
486 2351 690 2419 denariorum
713 2355 919 2434 pragensium
936 2372 1011 2419 suas
1026 2354 1152 2419 litteras
1168 2352 1325 2431 dederint,

49 2455 177 2539 ipsorum
207 2465 354 2531 ciuitatis
378 2465 485 2547 sigillo
508 2465 677 2547 sigillatas,
708 2470 814 2531 tamen
841 2471 985 2545 tempore
1016 2465 1207 2530 succedente
1230 2464 1326 2529 dictis

45 2572 158 2644 ciuibus
181 2579 304 2644 nostris
327 2580 485 2660 compassi
509 2579 665 2644 fuerimus
681 2584 714 2644 et
729 2579 817 2660 ipsos
840 2577 880 2642 de
895 2578 1060 2643 solucione
1082 2578 1168 2642 dicte
1191 2577 1327 2658 pecunie

43 2684 243 2772 ubsoluimus
278 2709 333 2759 eos
363 2712 421 2773 per
451 2693 625 2757 triennium
657 2692 862 2770 libertantes;
893 2693 964 2775 ipse
986 2710 1062 2756 vero
1093 2691 1191 2773 Tymo
1214 2689 1327 2755 diuina

42 2807 242 2876 permittente
264 2806 439 2871 clemencia
465 2805 550 2870 diem
573 2811 746 2869 extremam
769 2803 894 2885 liniens,
918 2806 991 2886 ipsa
1013 2805 1122 2869 littora
1144 2803 1240 2868 dictis
1262 2822 1326 2868 non

42 2917 348 2997 restituendum,
383 2918 556 2999 emigrauit
581 2918 621 2982 de
651 2919 711 2982 boc
741 2917 869 2983 mundo.
916 2919 1022 2996 Quiane
1053 2917 1157 2996 ipsam
1186 2916 1326 2980 litteram

37 3028 141 3095 taliter
173 3038 373 3096 reseruatam
408 3049 581 3110 cassamus
617 3031 792 3109 irritamus,
827 3034 871 3108 vt,
905 3029 1086 3109 vbicnnquc
1109 3028 1326 3092 demonstrata

36 3135 139 3224 fuerit,
173 3146 295 3209 nullius
327 3146 370 3209 sit
400 3143 543 3209 efficacie
567 3145 616 3209 vel
646 3146 809 3223 momenti,
846 3144 922 3222 quia
954 3143 1137 3207 nullatenus
1170 3142 1326 3220 volumus,

37 3257 119 3330 qnod
140 3258 218 3323 dicti
243 3259 331 3323 ciues
354 3258 457 3323 nostri
487 3259 617 3323 racione
647 3257 733 3322 dicte
763 3257 900 3337 pecunie
929 3256 1011 3336 ipsis
1043 3260 1154 3319 contra
1184 3259 1326 3319 nostram

39 3369 231 3436 voluntatem
264 3371 415 3452 imposite
445 3389 502 3452 per
532 3370 714 3453 quempiam
744 3370 949 3450 impetantur,
985 3368 1041 3432 sed
1073 3367 1157 3448 quod
1187 3368 1325 3448 exempti

41 3492 112 3547 esse
134 3484 271 3549 debeant
293 3484 423 3566 penitus
447 3489 479 3548 et
501 3484 607 3548 soluti.
654 3481 891 3547 Committimus
915 3482 1024 3562 itaque
1047 3481 1166 3545 illustri
1196 3479 1325 3558 Recolo,

41 3597 208 3662 marchioni
232 3597 389 3675 Monunio,
413 3596 627 3677 primogenito
651 3599 760 3660 nostro
783 3595 960 3673 carissimo,
989 3599 1022 3658 et
1042 3593 1232 3658 mandamus
1256 3593 1325 3656 vni·

47 3710 139 3774 uersis
161 3709 353 3775 officialibus
370 3714 402 3774 et
417 3708 566 3774 fidelibus
590 3709 720 3787 nostris,
744 3708 947 3788 presentibus
964 3712 996 3771 et
1011 3707 1139 3785 futuris,
1164 3709 1323 3787 quatenus

47 3811 151 3887 dictam
171 3825 307 3902 literam,
342 3823 524 3903 ubicunque
547 3829 677 3886 ostenso
698 3821 805 3901 fuerit,
838 3821 1005 3885 annullare
1027 3826 1060 3884 et
1082 3820 1249 3884 destruere
1271 3818 1325 3883 do

47 3919 129 3999 beant
149 3943 181 4001 et
202 3938 291 4018 ipsos
315 3938 404 4002 ciues
427 3942 555 4002 nostros
578 3937 728 4016 ograuari
745 3954 803 4000 seu
818 3935 930 4015 impeti
953 3953 1016 3999 non
1039 3934 1169 3997 mittant
1192 3931 1323 3997 racione

52 4049 166 4113 lecunic
198 4055 381 4115 memorate.
427 4048 560 4126 Harum,
590 4048 707 4130 quibus
739 4054 883 4112 nostrum
913 4048 1055 4129 sigillum
1079 4045 1325 4130 appendendum

53 4144 190 4242 (iunximus,
214 4163 399 4227 testimonio
421 4163 610 4227 litterarum.
640 4162 761 4225 Datum
783 4162 886 4241 Prage
909 4160 1032 4224 decimo
1054 4159 1210 4224 kalendas
1232 4158 1324 4224 Junii

51 4272 116 4337 anno
137 4276 256 4341 domiui
279 4276 450 4340 millesimo
473 4275 698 4339 trecentesimo
721 4273 967 4355 anadrogesimo
990 4274 1101 4353 primo.

133 4447 204 4515 Orig.
224 4464 298 4516 perg.
318 4464 334 4498 v
353 4447 496 4500 narodnim
521 4462 645 4498 muscum
672 4446 823 4499 [iherskom
842 4462 857 4495 v
875 4444 959 4496 Pessi.
996 4443 1133 4496 Svclkou
1152 4442 1242 4513 pedeti
1260 4442 1324 4496 lxrd-

45 4528 145 4596 lorskou
163 4558 200 4594 na
217 4542 361 4595 hedvribnd
380 4541 462 4595 scidis
480 4542 643 4595 zavesenon.
664 4573 696 4579 -
717 4540 815 4609 Clytii,
835 4539 927 4593 Codex
947 4539 1086 4593 Moravioe
1101 4540 1158 4593 Vll.
1177 4539 1198 4592 d.
1212 4544 1271 4593 320.
1290 4570 1324 4578 -

41 4626 129 4703 Fallet,
148 4638 271 4703 Regcsta
287 4635 334 4688 IV.
353 4635 374 4688 d.
394 4642 452 4690 918.
