3098 5392
241 476 323 537 ηις
852 480 924 525 icio.

240 684 355 750 Hanko
377 684 527 764 Ssludlu,
559 685 643 750 ciuis
666 685 805 750 Minoris
836 686 982 751 ciuitatis
1005 685 1214 770 Pragensis,
1249 689 1366 757 fidelis
1395 687 1516 755 nostsb

237 802 350 879 lectus,
370 799 530 882 judicium
554 800 699 864 ciuitatis
723 805 834 865 nostre
855 799 1054 879 Picscensis,
1089 804 1191 884 qnod
1216 805 1300 887 ipse
1324 826 1345 870 a
1368 801 1518 870 famosotle

237 915 328 996 orgio
351 913 391 978 de
414 914 548 992 Roztok,
572 912 660 978 fideli
683 919 793 979 nostro
823 913 954 994 dilecto,
985 915 1039 979 cni
1073 915 1173 983 idem
1202 919 1383 1000 judicium
1411 926 1521 996 tanquu

237 1027 279 1091 ad
303 1045 361 1092 nos
390 1026 580 1093 deuohtum
616 1026 737 1091 dudum
768 1026 926 1108 dedimus,
961 1034 1059 1109 prout
1092 1029 1203 1096 litere
1241 1034 1432 1098 maiestatis
1456 1040 1522 1095 noni

238 1141 301 1207 sibi
330 1140 471 1222 desuper
501 1159 558 1221 per
593 1159 651 1205 nos
682 1140 757 1206 date
780 1141 900 1207 clarius
928 1148 1145 1224 attestantur,
1180 1165 1226 1210 ex
1252 1147 1438 1213 donatione
1456 1143 1523 1210 bubni

238 1260 271 1319 et
292 1254 449 1336 possedit,
472 1254 621 1319 Materno
637 1254 703 1322 ciui
718 1257 864 1322 ciuitatis
879 1255 1077 1336 Piescensis,
1099 1255 1202 1325 fideli
1219 1268 1346 1327 nostro
1362 1262 1477 1331 dilecto,
1493 1275 1526 1338 pn

238 1374 327 1434 certa
349 1387 474 1433 summa
496 1371 634 1450 pecunie
657 1369 850 1450 vendiderit,
874 1375 979 1435 exstat
1000 1371 1181 1438 maiestati
1197 1382 1326 1442 nostre
1341 1394 1401 1457 per
1414 1373 1527 1457 prolatu

239 1481 428 1548 Hankonem
452 1483 620 1549 humiliter
642 1484 873 1566 supplicatum,
895 1491 1055 1568 quatenus
1080 1486 1310 1555 vendicionis
1335 1496 1370 1555 et
1393 1485 1528 1570 empcione

239 1601 438 1663 contractum
468 1597 606 1678 predicti
633 1597 751 1679 judicii
774 1598 968 1664 auctoritate
989 1598 1084 1679 regis
1107 1601 1323 1682 approbare,
1356 1601 1529 1668 ratificm

238 1709 429 1776 confirmare
451 1711 632 1791 graciosius
657 1711 876 1793 dignaremur.
914 1710 980 1777 Nos
1003 1712 1109 1792 igitur
1131 1714 1268 1793 prelati
1295 1715 1466 1782 Hanlvonis
1483 1730 1531 1792 ap

240 1822 473 1907 plicacionibus
498 1831 532 1888 ut.
556 1831 635 1906 puta
665 1824 913 1891 rationabilibus
941 1825 1119 1906 benignius
1153 1829 1333 1910 inclinati,
1364 1828 1531 1894 attendente

239 1939 467 2004 nichilominus
498 1939 655 2004 studiosis
689 1940 855 2020 obsequiis
885 1941 1048 2005 maiestati
1084 1946 1206 2006 nostre
1241 1950 1318 2008 tam
1350 1963 1410 2026 per
1429 1941 1532 2007 eunden

241 2052 431 2118 Hanlconem
455 2072 551 2135 quam
574 2056 672 2119 etiam
689 2073 746 2137 per
765 2054 888 2120 dictum
903 2054 1087 2119 Maternum
1110 2055 1282 2122 exhibitis
1300 2064 1336 2122 et
1353 2059 1388 2122 in
1403 2063 1532 2140 posterus

239 2185 277 2232 eo
301 2167 431 2247 quidem
455 2168 635 2233 studiosius
666 2169 867 2248 exhibendis,
898 2188 961 2233 non
991 2185 1048 2249 per
1082 2186 1237 2234 errorem
1274 2178 1339 2236 aut
1375 2166 1532 2253 improuide

245 2280 302 2344 sed
324 2281 431 2345 animo
466 2281 643 2346 deliberato
667 2301 746 2346 sano
769 2278 912 2346 fidelium
943 2285 1129 2345 nostrorum
1152 2283 1349 2350 accedente
1375 2284 1533 2351 consilius

242 2393 282 2457 de
306 2398 394 2457 certa
415 2401 526 2458 nostra
558 2396 700 2460 sciencia
730 2396 910 2477 empcionis
940 2400 973 2460 et
1002 2394 1215 2461 vendicionis
1252 2407 1534 2476 contractumque

243 2506 323 2570 dicti
343 2507 459 2588 judicii
483 2508 677 2588 Piescensis,
710 2515 806 2590 prout
828 2510 891 2574 rite
920 2515 952 2574 et
974 2507 1222 2576 rationabiliter
1245 2515 1425 2593 processit,
1445 2526 1533 2592 appro

240 2619 398 2699 bauimus,
421 2619 655 2686 ratificauimus
678 2628 710 2686 et
733 2621 1004 2702 confirmauimns,
1026 2622 1267 2706 approbamus,
1303 2625 1533 2693 mtificamna

241 2735 360 2798 virtute
383 2736 585 2815 presencium
608 2735 699 2817 regia
721 2737 915 2801 auctoritate
938 2735 1070 2800 Boemie
1098 2738 1295 2816 graciosius
1321 2739 1531 2807 consummet

242 2848 452 2913 decernentes
480 2851 674 2914 auctoritate
705 2852 796 2931 regis
827 2849 972 2931 predicta
1003 2867 1168 2930 expresse,
1202 2854 1294 2934 quod
1320 2853 1462 2936 prefatus
1481 2847 1532 2913 lla·

243 2970 354 3026 ternus
378 2969 410 3027 et
433 2964 538 3044 ipsius
562 2963 696 3027 heredes
720 2964 901 3045 predictum
920 2963 1079 3046 judicium
1094 2982 1170 3028 cum
1194 2968 1372 3034 vniuersis
1395 2968 1459 3032 suis
1478 2979 1531 3045 pe-

243 3078 403 3155 tinenciiS,
423 3076 561 3158 juribus,
587 3078 798 3160 prodentibus
822 3083 854 3142 et
879 3076 1108 3156 vsuIructibns,
1141 3080 1175 3143 in
1200 3082 1455 3164 quibuscunque
1474 3094 1530 3142 con

242 3192 368 3271 sistant,
392 3197 487 3272 prout
511 3192 655 3272 prelatus
680 3192 795 3257 Hanko
826 3195 932 3274 ipsum
963 3193 1129 3274 bucusque
1160 3195 1340 3274 possidere
1365 3192 1528 3260 dinoscitur.

243 3304 370 3385 babere,
393 3312 503 3369 tenere
528 3313 558 3369 et
583 3307 751 3386 possidere
775 3308 905 3371 valeant
926 3312 959 3371 et
973 3305 1121 3385 debeant,
1147 3309 1400 3388 impedimentis
1420 3307 1526 3390 quibus

242 3418 320 3482 libet
343 3420 473 3498 penitus
496 3418 609 3499 procul
636 3420 743 3482 motis.
769 3419 959 3483 blandamus
983 3418 1084 3499 igitur
1107 3419 1360 3488 subcamerario
1383 3420 1466 3502 regm
1480 3418 1525 3481 bo

242 3533 346 3596 bernis
369 3533 551 3613 ceterisque
575 3534 694 3596 nostris
725 3532 932 3614 burggrauiis
957 3538 987 3596 et
1010 3529 1206 3598 officialibus
1241 3555 1371 3601 necnon
1395 3534 1522 3614 magico

243 3645 373 3725 ciuium,
399 3644 596 3723 consulibus
625 3646 745 3727 juratis
770 3652 802 3709 et
825 3646 1045 3711 communitati
1076 3646 1225 3711 ciuitatis
1251 3648 1446 3725 PiescensiS,
1466 3642 1522 3709 fide

241 3759 325 3822 libus
357 3761 477 3824 nostris
513 3759 652 3838 dilectis,
688 3760 892 3839 presentibus
922 3766 955 3825 et
984 3758 1113 3834 futuris,
1149 3757 1292 3826 firmiter
1322 3769 1358 3826 et
1390 3759 1521 3826 districte

242 3881 399 3954 quatenus
430 3873 552 3937 dictum
576 3872 759 3937 Maternum
793 3878 823 3937 et
857 3874 928 3938 eius
959 3871 1093 3938 beredes
1125 3874 1159 3937 iu
1191 3878 1435 3954 possessionem
1461 3866 1519 3934 dicti

238 3987 355 4068 judicii
378 3994 410 4050 et
433 3987 502 4067 ejus
522 3988 645 4067 jurium
677 3993 709 4050 et
731 3988 967 4067 pertinencium
998 3987 1225 4050 vnlnersorum
1259 4006 1457 4072 nequaquam
1477 3984 1518 4045 in·

247 4102 380 4182 pediant
402 4120 505 4182 neque
533 4101 682 4181 impediri
707 4120 763 4181 per
785 4102 968 4182 quempiam
991 4100 1170 4182 paciantur.
1203 4103 1283 4183 quin
1317 4104 1427 4184 pocius
1453 4099 1518 4163 cire

244 4214 427 4278 huiusmodi
452 4222 561 4280 nostro
585 4216 714 4278 nomine
736 4221 965 4279 manuteneant
987 4212 1161 4279 efficaciter
1185 4220 1217 4277 et
1239 4215 1424 4291 defendant
1445 4211 1517 4292 proli

245 4328 502 4408 indignacionem
537 4335 678 4392 nostram
710 4329 936 4409 grauissimam
960 4326 1119 4392 voluerint
1151 4328 1263 4392 arcius
1296 4330 1427 4394 euitare.
1462 4323 1516 4386 Pte

246 4443 389 4505 sencium
425 4441 484 4505 sub
519 4443 608 4522 regie
642 4450 751 4508 nostre
785 4442 966 4506 maiestatis
1000 4439 1106 4521 sigillo
1142 4441 1335 4507 testimonio
1368 4442 1514 4505 literamn

247 4556 365 4618 ilatum
390 4556 492 4637 Pragc
516 4575 598 4620 anno
622 4573 665 4620 oc.
691 4553 892 4635 llCCCOX0,
922 4554 976 4619 die
998 4550 1135 4619 XXVIII
1157 4551 1262 4636 Junii,
1295 4571 1458 4638 regnorum
1476 4565 1516 4611 nt

245 4676 382 4734 strorum
407 4690 490 4735 anno
514 4671 668 4736 Bobemie
690 4668 850 4750 xnt'1110,
874 4670 1087 4736 Romanorum
1113 4684 1192 4732 vero
1216 4667 1380 4735 xxxlv0.
