3098 5392
742 431 816 480 rano.
1377 432 1442 497 515

137 633 238 703 pensis
257 633 353 688 foueat
371 639 399 687 et
416 633 470 687 dne
489 648 628 703 sexagena
648 633 737 689 eidem
756 635 919 706 presbitero,
938 642 967 689 ut
986 636 1100 705 singulis
1120 636 1218 692 diebus
1236 637 1350 692 missam
1367 638 1442 708 legat

138 731 168 785 in
198 729 280 784 altari
310 729 335 783 o.
363 729 527 796 Dorothee,·
557 731 750 786 nichilominus
780 732 866 786 tercia
901 730 1013 786 dimidia
1043 748 1183 800 sexagena
1209 749 1368 802 grossorum
1399 740 1441 788 est

139 824 234 880 danda
259 824 294 878 de
319 826 414 880 eodem
439 842 525 881 censu
549 827 680 895 magistro
704 826 897 896 hospitalensi,
925 843 978 881 vna
1003 842 1143 896 sexagena
1165 844 1216 898 pro
1242 828 1442 884 reformacione

138 920 372 976 lectisterniorum
399 928 427 976 et
448 923 537 979 alters
559 922 673 979 dimidia
697 939 839 992 sexagena
861 940 922 977 cnm
939 923 1031 994 pullis,
1050 924 1139 978 caseis
1158 930 1186 980 et
1204 924 1265 978 onis
1283 942 1335 994 pro
1353 943 1441 982 recre-

139 1018 238 1072 acione
257 1025 285 1073 et
302 1020 503 1075 refocillacione
521 1021 717 1076 tandummodo
735 1021 860 1091 ipsorum
875 1019 1058 1087 infirmorum3
1088 1027 1208 1075 ceterum
1227 1037 1282 1075 vna
1301 1037 1443 1091 sexagena

141 1120 185 1168 est
203 1113 297 1170 danda
315 1132 365 1185 pro
383 1116 486 1171 lumine
511 1117 699 1173 indesinenter
724 1116 839 1172 ardente
862 1132 953 1171 coram
972 1116 1094 1186 Corpore
1113 1117 1223 1183 Christi,
1241 1124 1371 1188 preterea
1388 1136 1443 1175 vna

140 1227 283 1281 sexagena
306 1228 356 1282 pro
382 1228 446 1267 cera
470 1213 505 1268 ad
532 1213 753 1284 amplificandum
778 1213 881 1267 cultum
899 1218 928 1267 et
945 1211 1072 1266 decorem
1091 1212 1135 1268 dei
1153 1213 1182 1267 in
1200 1212 1298 1282 missa,
1326 1213 1442 1286 insuper

140 1308 229 1364 tutori
248 1323 280 1362 ac
298 1306 438 1363 defensori
456 1307 529 1363 dicte
547 1308 610 1363 ville
628 1308 718 1363 media
734 1323 872 1378 sexagena
887 1324 938 1378 pro
952 1325 1064 1362 munere
1083 1315 1112 1363 et
1128 1309 1230 1364 labore.
1249 1311 1328 1378 Item,
1345 1327 1363 1366 a
1379 1328 1441 1381 pre-

139 1409 239 1459 notata
267 1404 332 1459 villa
358 1420 448 1475 neque
475 1406 607 1475 magister
634 1405 833 1475 hospitalensis
860 1421 913 1460 nec
939 1406 1083 1476 qnisquam
1113 1406 1185 1460 alter
1215 1407 1441 1480 con[attemptat]

138 1499 290 1572 quidquem
315 1499 451 1569 exigendo
475 1503 599 1572 recipere
624 1508 702 1558 exuo
723 1519 835 1559 censum
855 1502 1042 1573 supradictum
1068 1501 1123 1556 nisi
1142 1507 1264 1558 steuram
1282 1503 1395 1574 region,
1413 1512 1441 1559 et

136 1597 191 1652 hoc
218 1613 253 1652 ea
278 1596 422 1652 occasione
447 1614 503 1653 non
526 1598 652 1654 iaciendo
678 1599 786 1655 labores
808 1599 964 1654 hominibus
984 1599 1122 1654 antedicte
1141 1599 1204 1653 ville
1222 1616 1314 1670 neque
1332 1598 1439 1670 aliquas

139 1693 313 1748 exacciones.
332 1693 411 1760 Item,
430 1693 455 1749 ai
473 1694 534 1764 quis
552 1695 716 1749 rusticorum
735 1695 876 1765 sepedicte
888 1695 952 1749 ville
969 1694 998 1749 in
1017 1694 1135 1763 aliquam
1150 1694 1294 1750 emendam
1306 1695 1440 1763 inciderit,

137 1791 214 1845 illam
240 1790 372 1858 magister
396 1790 594 1860 hospitalensis
619 1797 729 1845 tenetur
747 1792 781 1846 ab
801 1808 834 1846 eo
853 1792 976 1861 recipere
998 1792 1129 1861 graciose.
1165 1793 1242 1859 Item,
1267 1792 1291 1846 si
1317 1807 1440 1848 summus

137 1886 271 1955 magister
289 1884 395 1940 ordinis
414 1887 507 1942 omniu
524 1886 713 1957 suprascripta
737 1887 857 1942 noluerit
878 1888 1047 1956 confirmare,
1077 1888 1125 1942 sed
1149 1888 1179 1942 in
1203 1887 1296 1958 aliquo
1320 1904 1441 1957 cassare,

137 1987 242 2038 extunc
264 1981 327 2051 ipse
351 1981 437 2037 irater
454 1982 564 2038 Friczco
588 1999 649 2036 cnm
675 1982 732 2037 suis
757 1982 930 2038 adiutoribus
954 1990 1086 2054 poterunt
1106 1983 1178 2038 idem
1196 1990 1393 2040 testamentum
1411 1987 1441 2041 in

141 2076 218 2134 alind
244 2093 315 2147 opus
340 2076 527 2132 misericordie
548 2082 714 2132 commutare
738 2078 800 2146 ipso
825 2094 931 2133 summo
957 2078 1088 2147 magistro
1108 2079 1298 2147 aliquomodo
1317 2083 1439 2138 nonolr

137 2179 241 2230 stante.
275 2174 313 2227 Et
331 2173 461 2244 quamdiu
477 2174 548 2244 ipse,
566 2175 669 2229 scilicet
686 2174 771 2229 frater
788 2174 908 2242 Friczco,
926 2176 1120 2245 superuixen't,
1146 2182 1257 2231 tenetur
1272 2177 1393 2248 ipsemet
1410 2185 1438 2234 et

136 2270 233 2325 nullus
259 2269 330 2324 alter
353 2275 456 2336 tenere,
480 2286 574 2339 regere
592 2276 621 2324 et
638 2271 791 2340 gubernare
817 2271 909 2325 omnia
934 2272 1006 2325 bona
1024 2277 1150 2342 pretacta
1168 2279 1196 2327 et
1213 2272 1266 2328 hoc
1283 2272 1440 2345 ubicunque

136 2366 262 2421 locomm
289 2365 431 2431 manserit,
454 2365 519 2436 qnia
541 2365 716 2420 coadiutores
741 2365 783 2420 sui
810 2366 839 2420 in
864 2367 1005 2435 empcione
1030 2366 1163 2422 dictorum
1185 2368 1318 2423 bonorum
1337 2368 1371 2424 de
1389 2370 1442 2426 hoc

138 2478 226 2533 opere
247 2461 300 2516 sibi
318 2461 486 2531 permaxime
509 2461 694 2516 crediderunt.
730 2460 766 2517 Et
793 2469 822 2517 ut
848 2462 977 2517 uniuersa
1003 2469 1184 2532 supranotato
1200 2463 1397 2522 inuiolabiliter
1415 2473 1444 2521 et

136 2559 199 2615 sine
216 2557 443 2627 transgressione
461 2559 652 2623 absumentur,
682 2558 745 2612 ideo
764 2575 880 2628 presens
900 2559 1032 2628 scriptum
1050 2560 1221 2629 appensione
1239 2560 1322 2629 sigilli
1345 2568 1440 2618 nostre

134 2654 260 2710 ciuitatis
280 2653 409 2708 duximus
427 2654 542 2710 firmiter
559 2654 754 2711 roborandum.
788 2657 885 2710 Actum
905 2661 933 2709 et
950 2655 1044 2709 datum
1061 2656 1090 2710 in
1108 2657 1181 2712 festo
1198 2658 1225 2712 b.
1243 2658 1358 2715 Antonii
1375 2675 1438 2714 con·

133 2749 256 2806 sessoris
275 2765 348 2805 anno
366 2750 439 2806 dom.
458 2750 600 2806 millesimo
619 2751 813 2807 trecentesimo
833 2750 1083 2821 quinquagesimo.“

708 3032 772 3116 dle.
804 3047 877 3114 353.

526 3203 624 3284 1355,
648 3206 692 3274 29
715 3223 842 3290 srpna.
866 3206 899 3274 V
922 3203 1052 3272 Pramo

134 3379 238 3446 caer*
254 3381 354 3446 Κανά
374 3382 394 3444 Ι
400 3381 430 3446 V
439 3383 604 3464 peioraue
633 3380 723 3446 Jonas
752 3384 849 3463 opatu
872 3401 893 3445 a
914 3378 1068 3444 denecales
1089 3375 1232 3443 dlcidlcra
1252 3376 1436 3444 Sedkclce'lro

130 3494 226 3561 rasa
243 3490 504 3561 catomum
519 3493 654 3560 aroana
662 3494 836 3578 praecepta
852 3495 1002 3577 apra-a,
1026 3469 1437 3578 stercoratumque

131 3609 149 3674 ι’
175 3605 291 3691 jiny'clr
322 3607 393 3673 caol>
422 3606 549 3690 eudaldo
572 3612 664 3672 stava
679 3608 743 3689 jim
767 3609 839 3689 hyla
861 3608 995 3672 adeleno
1018 3602 1229 3688 replicandae,
1252 3603 1371 3670 solddld
1390 3605 1437 3670 ted

125 3721 246 3808 prriva
277 3743 321 3786 aa
354 3721 453 3803 soudy
486 3719 725 3786 orciuostcaskd
754 3743 775 3785 a
803 3721 935 3785 edicant
961 3721 1019 3801 pr'c'
1047 3716 1437 3799 salamantinam

133 3834 284 3917 dichody
314 3855 332 3899 a
364 3833 456 3919 dupli
488 3833 750 3919 Kornoaorstpca
781 3857 801 3899 a
834 3856 878 3899 aa
908 3833 1028 3916 spra‘oo
1057 3832 1180 3915 spitdlrc
1201 3831 1284 3913 pr'ed
1317 3830 1439 3896 brom

139 3930 341 4016 Cdslaoslcou
369 3969 414 4013 aa
443 3946 572 4012 Hordcd
601 3947 757 4032 Katay'clr,
782 3945 879 4029 judei
908 3948 921 4011 i
949 3968 993 4011 aa
1016 3944 1157 4027 duchody
1180 3964 1197 4009 s
1219 3942 1286 4019 dor,
1307 3943 1397 4009 Ideni
1417 3966 1439 4009 a

123 4062 245 4150 jinyco
278 4059 386 4125 statice
409 4058 599 4126 lcldsterm‘cl
635 4063 757 4144 (omnes
793 4067 825 4126 et
858 4063 1002 4143 singulas
1025 4060 1202 4139 libertates,
1233 4057 1437 4140 emunitates,

133 4176 376 4258 ercmpciones,
411 4177 547 4256 gracias,
572 4175 707 4257 indulta,
739 4175 942 4254 donaciones,
976 4173 1178 4255 largiciones,
1206 4171 1438 4255 concessiones,

133 4289 345 4368 collusiones,
376 4289 567 4369 locuciones,
603 4290 794 4371 empciones,
825 4288 959 4370 judicia,
990 4286 1248 4369 jurisdicciones,
1282 4297 1440 4353 manumet

132 4403 222 4459 ritum
250 4397 389 4452 indicandi
418 4407 445 4452 et
473 4400 670 4469 sentenciandi,
698 4400 726 4452 in
750 4399 855 4467 judicio
886 4398 1024 4452 claustrali
1055 4397 1208 4464 antiquitus
1238 4395 1442 4450 racionabiliter

135 4519 335 4581 obseruatum,
348 4497 373 4580 1)
413 4504 445 4565 et
480 4518 678 4582 quecumque
708 4500 782 4582 jura
818 4500 891 4579 alia,
930 4497 1114 4580 spiritualia
1151 4495 1202 4560 uel
1240 4496 1440 4577 temporalia,

135 4616 278 4682 uniones
312 4631 370 4679 seu
401 4613 678 4694 incorporaciones
711 4612 881 4691 fructuum,
913 4611 1074 4675 redituum
1097 4615 1129 4675 et
1155 4613 1368 4692 prouentuum
1391 4627 1442 4674 ca-

1217 4739 1267 4792 ee*
