3150 5378
227 433 291 499 956
846 435 921 485 mor.

225 640 424 706 memoriam.
448 638 599 707 Inmeusa
622 641 735 706 diuine
769 641 931 723 largitatis
955 638 1120 720 beneficia,
1155 655 1219 719 que
1241 638 1399 704 dominus
1430 643 1534 704 noster

227 753 348 820 Jhesus
372 752 522 819 Christus
557 754 598 820 de
621 754 681 821 hoc
713 754 834 820 mundo
857 753 1054 820 transiturus
1077 753 1120 818 ad
1142 756 1268 835 patrem
1301 751 1339 818 in
1371 752 1534 835 passionis

229 871 262 931 et
277 867 389 932 mortis
406 883 465 933 sue
480 867 677 949 memoriam,
701 886 828 933 carnem
853 886 945 932 suam
968 866 1096 934 scilicet
1118 865 1152 932 in
1168 864 1276 932 cibum
1293 870 1330 931 et
1345 866 1534 949 sangninem

228 998 322 1047 suum
355 981 389 1046 in
420 982 570 1064 poculum
604 981 761 1063 tribuens,
785 981 917 1064 reliquit
951 986 985 1046 et
1014 978 1163 1047 exhihuit
1190 979 1315 1062 populo
1346 979 1534 1057 christiano,

228 1093 321 1159 decet
343 1092 466 1160 Christi
487 1092 600 1161 fideles
622 1094 679 1177 pie
701 1093 890 1161 deuooionts
906 1092 1155 1160 reminisceucia
1174 1093 1339 1175 reamari,
1363 1098 1400 1159 ct
1421 1111 1533 1177 panem

228 1209 418 1289 angelorum
440 1208 603 1290 celestem,
636 1227 700 1291 quo
722 1226 782 1275 nos
808 1207 1023 1291 spiritualiter
1044 1204 1159 1288 reiicit,
1182 1205 1287 1272 veluti
1310 1210 1428 1273 nostro
1449 1224 1534 1289 pere

228 1322 436 1405 minationis,
460 1341 524 1405 qua
546 1323 689 1389 redimus
713 1323 754 1388 ad
776 1322 926 1405 patriam,
957 1322 1113 1388 viaticum
1144 1319 1340 1388 deuociouis
1373 1318 1532 1386 mentibus

230 1454 268 1500 ex
285 1436 409 1502 intimis
425 1436 566 1518 pectoris
590 1434 769 1517 precordiis
791 1433 937 1501 adorare.
960 1431 1048 1500 Hinc
1063 1438 1123 1515 est,
1147 1432 1233 1514 quod
1255 1450 1321 1500 uos
1345 1432 1533 1499 dilectomm

228 1546 368 1615 filiorum
392 1550 613 1632 opidanorum,
637 1549 864 1632 indigenarum
879 1552 912 1616 et
927 1548 1105 1614 incolarum
1127 1564 1167 1615 ac
1188 1546 1426 1614 uniuersitatis
1450 1546 1531 1630 opidi

232 1663 353 1730 Montis
377 1662 527 1746 Cuthnis‚
550 1664 726 1747 Pragensis
748 1663 899 1744 diocesis,
922 1663 1044 1745 inquo,
1069 1663 1154 1728 sicut
1174 1660 1377 1743 accepimus,
1401 1661 1533 1727 maxima

228 1777 393 1843 homiuum
416 1777 600 1858 multitudo,
623 1777 678 1860 qui
701 1777 736 1842 in
758 1775 1007 1859 argentifodinis
1041 1774 1196 1857 proximis
1227 1778 1262 1839 et
1284 1774 1366 1840 aliis
1390 1775 1527 1840 diuersis

229 1896 262 1955 et
284 1892 480 1957 necessariis
504 1891 668 1957 laboribus
692 1890 809 1957 diurno
829 1895 974 1971 tempore
988 1893 1196 1972 occupantur,
1220 1890 1383 1956 continue
1406 1906 1532 1956 conum·

230 2010 329 2085 satur,
352 2006 386 2070 in
409 2006 470 2071 hac
492 2011 585 2088 parte
609 2004 905 2088 supplicationibus
927 2003 1086 2085 inclinati,
1111 2008 1146 2068 vt
1167 2003 1201 2069 in
1224 2002 1371 2070 ecclesis
1395 2004 1531 2086 corporis

231 2117 354 2185 Christi
385 2119 555 2187 incudem
580 2120 698 2203 oppido
734 2119 887 2187 mnouioe
918 2117 959 2184 de
991 2137 1076 2185 nouo
1109 2116 1246 2183 lundata
1279 2122 1316 2184 et
1350 2123 1532 2186 constructa

229 2248 323 2295 sacra
337 2232 512 2299 eucaristia
528 2252 586 2300 seu
603 2232 748 2300 eiusdem
769 2232 914 2315 corporis
938 2231 1061 2298 Christi
1083 2229 1269 2298 venerabile
1294 2237 1532 2299 sacramentum

231 2363 331 2426 supra
352 2345 456 2412 altare
476 2347 582 2413 maius
605 2347 711 2430 ipsius
735 2346 881 2428 ecclesie,
911 2345 946 2411 in
968 2363 1047 2412 vase
1068 2344 1239 2428 prelucido
1264 2345 1312 2412 ad
1334 2345 1371 2412 id
1396 2364 1532 2428 mugruo

230 2463 263 2523 et
292 2463 378 2541 apto,
409 2461 548 2543 singulis
580 2461 770 2544 septimanis
802 2479 822 2525 a
852 2459 997 2543 vesperis
1032 2464 1147 2542 quarte
1177 2476 1280 2544 usque
1310 2460 1347 2528 in
1381 2477 1531 2544 vesperas

230 2571 342 2654 quinte
363 2570 445 2640 ferie
466 2574 524 2655 ita,
548 2573 633 2656 quod
658 2574 796 2657 quilibet
817 2574 928 2640 volens
950 2571 1137 2641 huiusmodi
1153 2578 1398 2640 sacramentnm
1424 2572 1529 2641 uidua

230 2687 346 2768 possit,
369 2687 459 2755 licite
490 2687 594 2754 teneri
617 2686 725 2754 valeat
752 2687 787 2754 in
819 2686 954 2770 patenti,
983 2688 1178 2754 auctoritate
1207 2687 1395 2770 apostolius
1423 2693 1528 2755 terme

231 2801 435 2880 presencium
457 2801 671 2884 indulgemus.
695 2800 740 2868 Et
761 2800 990 2867 nichilominus
1013 2802 1055 2867 de
1068 2800 1303 2885 omnipotentis
1318 2800 1386 2869 Dei
1408 2800 1529 2869 miseri·

232 2914 352 2994 cordia,
383 2920 417 2981 et
444 2914 612 2983 beatorum
643 2914 733 2982 Petri
756 2921 789 2980 et
809 2913 914 2996 Pauli,
947 2916 1189 2997 appostolorum
1218 2915 1305 2998 eius,
1339 2916 1531 2983 auctoritato

231 3026 353 3109 conlisi,
378 3027 526 3096 omnibus
549 3047 625 3095 vere
647 3028 868 3112 penitentibus
884 3034 918 3095 et
934 3028 1102 3110 confessis,
1125 3030 1182 3113 qui
1204 3034 1453 3096 sacramentum
1466 3045 1531 3112 pre

232 3139 355 3206 dictum
377 3141 417 3206 ab
440 3143 625 3208 huiusmodi
649 3142 795 3225 vesperis
817 3147 931 3226 quarte
953 3161 1056 3225 vsque
1077 3142 1113 3209 iu
1135 3160 1290 3226 vesperas
1317 3142 1438 3227 quinte
1458 3141 1532 3209 teria

235 3253 381 3336 predicte
404 3254 523 3321 deuote
552 3255 769 3337 visitauerint,
801 3259 925 3338 septem
954 3273 1056 3323 anuos
1079 3260 1113 3322 et
1142 3255 1279 3323 totidem
1309 3256 1531 3341 quadragenas

231 3368 272 3433 de
297 3369 452 3435 iniunctis
476 3370 523 3435 eis
539 3369 733 3452 penitenciis
756 3368 1012 3436 misericorditer
1033 3368 1215 3436 relaxamus
1237 3370 1453 3453 presentibus
1467 3386 1532 3452 per·

231 3484 339 3564 petuis
362 3484 561 3566 temporibus
585 3484 759 3549 duraturis.
784 3482 875 3549 Nulli
891 3501 967 3566 ergo
990 3483 1120 3551 omnino
1140 3483 1311 3551 hominum
1332 3484 1437 3552 liceat
1456 3482 1532 3549 hauc

231 3597 383 3677 pagiuam
413 3602 524 3664 nostre
545 3597 764 3663 concessionis
795 3600 828 3662 et
847 3596 1062 3664 relaxationis
1091 3595 1270 3681 infringere
1301 3598 1357 3665 uel
1388 3598 1423 3665 ei
1452 3612 1528 3662 ausu

230 3712 402 3776 temerario
426 3712 595 3777 contraire.
619 3711 653 3777 Si
670 3710 743 3791 quis
759 3715 868 3776 autem
882 3710 943 3777 hoc
964 3712 1158 3793 attemptare
1179 3711 1432 3795 presumpserit,
1454 3708 1530 3778 indi·

231 3824 421 3905 gnacionem
443 3824 673 3907 omnipotentis
696 3824 758 3890 Dei
782 3828 816 3890 et
829 3823 997 3890 beatorum
1018 3823 1109 3890 Petri
1130 3828 1165 3890 et
1180 3822 1287 3906 Pauli,
1310 3823 1529 3907 apostolorum

233 3936 314 4018 eius,
337 3956 373 4002 se
394 3939 525 4004 nouerit
546 3938 763 4004 incursurum.
788 3938 912 4003 Datum
926 3938 1028 4004 Rome
1049 3936 1136 4021 apud
1157 3941 1309 4004 sanctum
1330 3936 1466 4004 Petrum
1485 3952 1528 4002 se

229 4050 353 4117 decimo
376 4052 532 4119 kalendas
556 4052 647 4133 Maii,
670 4050 877 4135 pontificatus
900 4053 1004 4118 nostri
1027 4069 1112 4118 anno
1135 4050 1340 4121 duodecimo.

951 4243 1002 4309 Dc
1023 4242 1176 4310 mandato
1198 4241 1317 4311 Jacobi
1340 4243 1383 4311 de
1406 4244 1522 4313 Boeam

334 4448 474 4504 &adasai
487 4449 571 4519 kopie
582 4465 600 4502 r
611 4448 764 4518 registrenh
783 4452 889 4520 papeia
901 4448 1035 4505 Boniitce
1051 4448 1092 4504 IX
1108 4467 1124 4503 z
1142 4466 1164 4504 r.
1183 4454 1248 4504 140¹
1270 4463 1348 4507 tuno
1367 4445 1524 4507 talitali

231 4560 268 4598 na
286 4545 302 4598 1.
322 4544 366 4600 CI
383 4561 400 4598 v
418 4545 530 4600 archivo
548 4544 750 4600 Vatihanshem
770 4561 782 4600 s
802 4545 978 4615 poanamlrou
1004 4544 1112 4618 napled
1141 4544 1303 4611 „lohannes
1330 4546 1367 4603 dc
1391 4544 1521 4605 Bononia·

231 4658 248 4695 a
266 4638 392 4710 poaddjit
409 4640 493 4712 kopie
512 4657 528 4695 v
546 4641 695 4710 majestatu
713 4640 754 4694 kr.
774 4640 933 4697 Vladislava
949 4640 976 4696 d.
995 4656 1013 4694 v
1029 4640 1117 4696 Praze
1136 4647 1167 4695 ts
1186 4640 1293 4697 ulnus
1311 4646 1383 4699 llio
1395 4660 1413 4699 v
1424 4640 1522 4699 archim
