3098 5392
734 427 809 481 rasa
989 471 990 475 ,
1257 451 1259 454 ·
1369 432 1433 500 105

170 630 280 709 peciam
299 639 441 702 nostram
471 640 505 703 et
536 637 682 704 fauorem
715 636 853 721 diligitis
876 656 1077 704 conseruare.
1103 639 1222 706 Datum
1251 640 1284 707 in
1307 611 1430 710 Besdes

169 746 274 825 septimo
293 748 448 816 kalendas
472 750 632 818 Octobris.

240 899 443 959 chnkonisde
459 904 589 972 Trebecz,
606 905 692 961 Liber
710 923 727 960 a
746 906 924 962 missionibus
960 905 985 960 N
989 906 999 939 ⁰
1016 912 1066 961 205
1083 923 1098 959 v
1118 891 1235 961 (restem
1254 924 1378 963 museum
1396 926 1430 965 za

166 994 268 1064 ripisem:
288 997 367 1066 „Rex
387 999 500 1057 Boemie
519 1000 633 1058 mandat
658 1002 795 1057 uniuersis
814 1001 964 1057 baronibus
984 1008 1012 1056 et
1031 1002 1200 1071 quibuslibet
1217 1002 1347 1059 thelonea
1366 1022 1428 1075 pos-

163 1088 289 1159 sidentibus,
307 1095 387 1165 qnod
415 1113 471 1151 non
499 1105 616 1166 manent
643 1096 728 1165 ciues,
753 1099 853 1168 quibus
872 1099 988 1153 contulit
1006 1098 1186 1154 libertatem“.
1206 1129 1237 1140 -·
1257 1099 1358 1167 ldmler,
1376 1100 1428 1156 Re·

161 1194 214 1251 geta
227 1188 255 1243 Il.
273 1191 296 1246 d.
317 1197 399 1247 2411.

712 1397 776 1481 dis.
803 1416 855 1480 41.

526 1568 627 1650 1288,
649 1569 672 1637 8
692 1568 806 1656 ilina
838 1569 873 1638 V
893 1568 1024 1639 Prone

159 1719 215 1788 drdl
243 1723 364 1791 Vdclov
400 1725 442 1791 II
468 1746 513 1791 na
549 1727 716 1809 pr'lnclava
744 1731 846 1810 sestry
879 1749 900 1793 a
936 1732 1001 1810 acy
1036 1726 1097 1802 soe',
1127 1730 1224 1793 caster
1259 1725 1344 1791 r'dda
1379 1746 1425 1792 so.

158 1833 234 1918 tlttry
255 1838 407 1922 cPrace
436 1838 595 1925 scbane
620 1841 762 1909 redolent
788 1841 910 1924 dps'lcila
938 1863 983 1908 so.
1005 1840 1121 1908 Dacica
1145 1837 1348 1907 eKlatocecb
1375 1843 1424 1906 ta·

159 1949 248 2029 alitio
268 1954 444 2018 mdltancm
464 1953 642 2021 Kanrdtem
662 1952 845 2032 rPomalcu,
876 1953 965 2039 letery'
993 1954 1082 2022 oldaia
1102 1960 1188 2020 loma
1216 1955 1345 2021 vanem
1368 1957 1426 2037 pti

160 2056 222 2137 tao,
239 2063 300 2130 dea
321 2066 435 2134 masne
454 2064 578 2151 breme»,
600 2069 698 2153 mida,
720 2069 819 2147 ldscb,
846 2069 982 2153 ριύουαν
1004 2067 1157 2136 stultams'
1178 2067 1334 2153 ajiny‘ms‘
1349 2068 1421 2150 prt-

162 2171 321 2255 dtdaostmr',
355 2203 377 2248 a
405 2181 583 2268 omoboarajc
610 2183 710 2266 spicat
738 2205 760 2250 a
781 2183 856 2269 jobo
888 2183 1019 2267 sprdwc
1050 2183 1090 2249 od
1117 2182 1248 2266 placeat
1268 2178 1425 2266 olclllty'cb

499 2293 618 2361 drokdo
640 2318 662 2363 a
684 2295 783 2362 davd
803 2295 937 2363 atoboto
958 2296 1052 2363 sbodt'.

239 2449 444 2518 wenceslaus
466 2451 519 2519 dei
542 2454 646 2536 gratia
668 2473 725 2520 rex
743 2454 896 2521 Boemiae
909 2461 943 2521 et
956 2454 1098 2521 marchio
1113 2454 1288 2521 Moroviae.
1312 2453 1424 2520 Omni·

164 2554 205 2623 bus
221 2563 248 2628 in
268 2572 465 2648 perpetuum.
510 2567 630 2636 Rerum
652 2569 759 2635 exitus
781 2570 915 2635 metitur
939 2569 1112 2652 prudentia
1134 2573 1166 2634 et
1188 2568 1422 2650 dispensatoris

165 2672 372 2760 circumspectio
404 2680 532 2762 prouidi
563 2700 602 2746 ex
630 2682 774 2764 priorum
803 2683 942 2749 lucentis
972 2682 1190 2766 experientiae
1219 2682 1349 2764 speculo
1372 2700 1423 2747 sa-

166 2785 258 2861 pienter
276 2792 406 2858 ordinat
420 2795 603 2876 praesentia
617 2799 651 2860 et
664 2795 839 2877 prudenter
857 2796 1027 2863 euentibus
1041 2797 1119 2862 licet
1140 2795 1248 2862 dubiis
1271 2796 1422 2878 prouidet

165 2894 316 2971 dolenorum.
363 2905 432 2971 Hoc
455 2907 556 2989 igitur
578 2908 802 2974 adhortatione
818 2909 1002 2975 commoniti
1016 2908 1167 2991 gloriosis
1183 2909 1422 2991 progenitorum

164 3023 308 3085 noseorum
326 3020 539 3088 adhaerentes
561 3024 711 3106 uestigiis
725 3023 930 3090 liberalitatis
946 3024 1105 3107 ingenuae
1119 3023 1263 3089 studium
1285 3023 1327 3087 ad
1348 3023 1423 3088 reli·

163 3122 291 3202 tinorum
302 3135 475 3218 praecipue
487 3141 520 3202 el
530 3137 763 3203 miserabilium
775 3138 1026 3204 consolationem
1038 3142 1148 3202 noturn
1156 3136 1292 3201 iacimus
1304 3142 1337 3201 et
1349 3155 1423 3202 con·

163 3245 295 3314 uenientes
317 3249 521 3316 decreuimus
544 3270 762 3332 personarum.
787 3250 883 3317 Unde
904 3257 937 3317 et
958 3252 1145 3333 temporalis
1168 3250 1272 3316 famae
1287 3249 1422 3331 glorians

161 3363 330 3440 congerimus
369 3369 401 3429 et
432 3363 654 3430 retributionis
692 3371 842 3430 aeternae
878 3365 1022 3446 praemia
1059 3383 1289 3446 comparamus.
1334 3362 1423 3429 Sciet

159 3465 230 3546 iliter
255 3481 287 3541 et
317 3496 470 3558 praesens
504 3482 592 3543 aetas
624 3484 656 3544 et
685 3478 794 3544 futuro
820 3480 983 3544 successio
1005 3484 1215 3560 posterorum,
1249 3477 1332 3560 quod
1363 3495 1421 3541 nos

157 3596 211 3657 bne
231 3595 359 3672 propter
381 3591 478 3656 deum
499 3591 533 3656 in
555 3596 738 3657 nostrorum
765 3591 1048 3673 praedecessorum
1070 3588 1222 3675 [animae]
1244 3588 1421 3655 remedium

155 3699 175 3757 el
190 3709 310 3768 nostrae
332 3704 541 3769 nihilominus
565 3705 680 3770 salutis
703 3711 909 3787 augmentum
940 3705 1059 3770 sororis
1082 3709 1211 3769 nostrae
1234 3703 1421 3768 carissimae

153 3804 357 3898 chunegundis
380 3823 413 3883 et
435 3824 643 3884 materterrae
665 3824 794 3884 nostrae
814 3819 960 3899 dilectae,
984 3837 1130 3885 sororum
1152 3818 1274 3884 ordinis
1291 3822 1421 3883 sanctae

150 3919 239 3993 (linae
261 3931 294 3994 in
318 3931 432 4011 Proga
456 3931 604 4012 precibus
632 3932 778 3996 inclinati
800 3932 1004 3997 deuotionem
1028 3931 1180 4012 Cunradi‚
1212 3932 1295 3997 ciuis
1318 3936 1391 3997 nost
1412 3931 1418 3944 '

146 4032 353 4122 tironiensis,
377 4044 547 4124 hospitalis
571 4045 676 4110 sancti
698 4045 838 4127 Spiritus
866 4044 1047 4111 fundatoris
1069 4045 1189 4110 ibidem
1219 4044 1278 4110 sub
1308 4045 1420 4126 regula

142 4148 207 4221 lecti
231 4157 409 4238 Augustini
433 4157 556 4222 ordinis
578 4157 713 4223 fratrum
734 4158 939 4223 Stellatorum
955 4177 1027 4224 cum
1041 4177 1144 4239 cruce,
1168 4159 1419 4225 commendatam

134 4263 274 4336 babentes
299 4277 332 4336 et
355 4277 489 4353 gretan,
513 4273 568 4353 qui
592 4291 649 4354 pro
673 4291 751 4337 suae
773 4272 916 4338 remedio
938 4274 1066 4338 animno
1088 4273 1192 4338 eidem
1211 4274 1363 4355 hospitali
1380 4273 1420 4338 de

130 4379 211 4450 bonis
235 4386 306 4451 suis
330 4386 474 4467 quinque
497 4386 616 4465 laneos
642 4406 722 4469 quos
745 4406 764 4452 o
787 4387 879 4453 nobis
904 4388 979 4470 jure
1009 4386 1155 4470 possedit
1181 4386 1418 4468 emphiteutic0‚

122 4498 180 4564 cluo
210 4500 358 4579 macello,
395 4499 613 4564 molendinum
636 4520 707 4565 cum
729 4506 866 4582 quatuor
887 4501 978 4582 rotis,
1000 4501 1159 4581 balneum,
1190 4499 1418 4579 braxatorium,

116 4632 185 4679 cum
210 4613 315 4695 pratis
339 4617 373 4678 et
397 4611 473 4676 aliis
503 4613 707 4693 pertinentiis
737 4613 899 4678 uniuersis
929 4613 1106 4680 liberaliter
1136 4616 1273 4682 contulit
1302 4619 1335 4680 et
1364 4614 1419 4679 do·
