3150 5378
132 378 177 444 qq
758 375 833 428 uua.

131 589 167 655 in
189 587 247 655 xv
270 592 303 654 et
320 586 403 654 liber
417 581 598 668 eremum)
623 583 702 669 [32]
727 587 817 665 ltem,
833 603 894 668 pro
908 581 1106 668 quibuslibet
1125 583 1185 651 LX
1202 583 1320 650 solidis
1335 584 1437 652 iudeu

131 701 313 786 plocabitur
334 701 369 766 in
392 699 527 768 dimidio
553 700 678 767 fertone
706 700 741 767 in
763 699 944 766 minoribns
965 699 1084 780 eaesis,
1106 699 1191 766 etsi
1221 698 1435 766 satisfaciens

136 816 236 883 roob
258 819 375 895 certus,
398 814 526 880 sinatur
545 812 654 894 abire;
677 814 730 879 siu
743 818 861 895 autem
876 814 1084 896 requirantur
1098 811 1139 879 ab
1154 831 1195 879 oo
1208 810 1433 880 fideiussores.

133 929 319 996 Transactis
341 931 450 993 cutem
481 924 725 1011 quatuordecim
746 925 861 993 diebus
883 926 912 993 si
935 927 1085 1008 placatus
1103 944 1172 993 uon
1189 924 1290 993 merit
1321 928 1434 1010 iudex,

132 1061 217 1127 pena
245 1041 391 1125 predicte
421 1040 514 1123 culpe
543 1059 608 1106 non
637 1039 819 1123 duplicetur
847 1058 908 1107 nec
939 1039 1132 1122 triplicetur,
1163 1039 1221 1105 sed
1250 1041 1434 1124 assumptis

135 1174 245 1223 secum
266 1155 382 1221 iuratis
404 1153 628 1237 impignoretur
649 1171 725 1220 reus
748 1153 820 1220 siue
841 1150 1021 1236 ddeJussor.
1052 1152 1243 1236 Quicunque
1263 1158 1378 1221 autem
1399 1155 1434 1221 iu

132 1269 289 1354 predictis
303 1267 450 1334 articulis
463 1266 594 1333 rebellis
605 1267 759 1347 extiterit,
781 1265 884 1333 iudici
905 1266 940 1333 iu
957 1283 1042 1349 pena
1055 1265 1114 1333 LX
1129 1264 1307 1334 solidorum
1323 1266 1435 1335 subia-

133 1382 228 1464 cebit,
251 1380 385 1448 cuilibet
398 1380 577 1448 iuratorum
591 1381 626 1447 in
647 1379 707 1447 llll
722 1380 847 1461 solidis,
863 1381 974 1463 grecia
994 1399 1058 1448 nen
1081 1384 1245 1464 sequente.
1268 1380 1305 1448 Si
1322 1386 1434 1450 uatem

133 1495 265 1562 rebellis
286 1494 343 1560 ille
365 1495 538 1578 evagincto
569 1493 678 1577 gladio
700 1495 752 1560 vel
774 1494 907 1560 sunere
928 1512 1084 1578 percusso
1112 1494 1203 1560 maus
1231 1492 1343 1576 deun,
1366 1513 1433 1563 uon

133 1609 271 1693 pecnme
291 1627 384 1692 peno,
415 1607 473 1675 sed
506 1607 613 1689 capite
633 1605 843 1675 truncabitur.
868 1605 946 1689 [331.
982 1606 1074 1687 item,
1096 1625 1206 1674 omnes
1240 1607 1375 1675 uticali
1397 1609 1432 1674 in

133 1738 229 1790 cruce
249 1721 459 1790 confirmandi
488 1720 627 1804 telunga
656 1717 900 1804 optinebuntfl)
923 1716 1001 1804 [34].
1024 1719 1115 1802 item,
1146 1721 1202 1803 qui
1232 1727 1432 1803 conquestus

135 1836 235 1904 inerit
255 1853 363 1903 coram
384 1834 503 1915 iudice,
524 1833 591 1901 nisi
612 1833 677 1901 snb
695 1833 781 1901 iusto
803 1833 933 1900 nomine
962 1833 1186 1917 conquerentis
1215 1833 1268 1900 rol
1295 1852 1432 1918 respon-

135 1949 260 2017 dentis:
281 1948 482 2032 respondens
503 1951 674 2031 propterea
694 1946 826 2013 liberari
848 1964 912 2014 ron
926 1951 1044 2030 potest,
1065 1946 1243 2015 adnoeaturs
1265 1966 1344 2016 uero
1360 1950 1432 2017 eins

133 2079 218 2146 pene
236 2062 354 2130 minori
376 2040 564 2142 subiacebit
594 2060 720 2128 scilicet
740 2059 816 2127 XIV
837 2055 1097 2143 denariorum¹¹l
1136 2059 1171 2128 Si
1192 2064 1304 2127 autem
1324 2064 1433 2144 prole-

133 2175 256 2243 euteria
277 2174 351 2242 sine
371 2175 522 2242 edueati
551 2174 683 2241 uerbum
704 2173 866 2257 processit
892 2192 931 2240 ex
954 2190 1009 2240 oro
1031 2175 1267 2258 conquerentis,
1290 2193 1433 2260 conque·

132 2306 209 2355 rens
233 2288 380 2372 pomus
399 2303 483 2372 pene
503 2286 693 2369 subiacebit,
724 2287 818 2354 saluo
836 2292 944 2354 umen
966 2287 1039 2353 iure
1060 2305 1129 2354 suo.
1152 2285 1231 2373 [δῦ]
1253 2288 1351 2371 lton,
1371 2290 1435 2358 sub

134 2420 325 2486 quocunque
346 2402 476 2469 romine
497 2401 697 2483 respondens
718 2399 913 2482 respondere
927 2399 1076 2482 uoluerit,
1098 2400 1162 2467 sub
1173 2400 1287 2468 eodem
1301 2402 1434 2471 nomine

133 2495 233 2582 cause
260 2515 405 2582 liniatm
438 2511 515 2598 [36]
550 2513 641 2595 Item,
672 2512 701 2579 si
724 2512 798 2595 quis
820 2512 961 2596 aliquem
994 2531 1052 2595 pro
1082 2513 1202 2580 debitis
1230 2515 1345 2597 paruis
1375 2522 1433 2583 aut

134 2628 261 2711 magnis
290 2627 325 2693 in
358 2625 592 2710 querimoniam
625 2643 734 2692 coram
761 2623 870 2692 iudice
901 2625 1102 2707 unienter
1133 2628 1335 2709 respondens
1356 2649 1432 2698 cou-

133 2740 240 2808 ioesus
262 2739 370 2822 luerit,
393 2739 539 2823 spacium
559 2737 635 2806 XIV
657 2738 783 2806 dierum
804 2738 846 2804 ad
868 2738 1059 2806 soluendum
1080 2738 1193 2807 eadem
1214 2739 1326 2809 debita
1347 2744 1433 2827 opti-

133 2854 240 2934 nobit3
270 2852 300 2919 si
328 2857 406 2920 tnnc
427 2871 492 2920 non
514 2851 659 2933 soluerit,
673 2856 741 2917 tres
763 2850 834 2918 dies
856 2850 1030 2932 obtinebit3
1053 2851 1083 2918 si
1096 2858 1174 2919 tunc
1195 2872 1260 2920 nou
1282 2855 1431 2937 soluerit,

134 2967 221 3035 omni
243 2972 366 3034 sends
394 2966 563 3034 occasione
594 2969 709 3048 quarto
731 2963 785 3030 die
814 2963 922 3030 iudice
944 2969 1095 3047 presente
1127 2963 1237 3032 debita
1265 2970 1431 3048 persolw

134 3081 287 3148 creditori
308 3085 343 3147 et
362 3079 465 3145 iudici
488 3097 613 3162 penem,
643 3076 795 3167 videlicet
825 3076 996 3144 dimidium
1017 3075 1209 3162 fertonis.¹⁸)
1232 3077 1315 3164 [37].
1338 3082 1431 3165 Item,

49 3218 56 3229 ·
134 3196 327 3277 quicumque
357 3198 467 3276 spreto
499 3191 607 3258 iudice
647 3196 759 3257 nostro
787 3195 820 3256 et
851 3189 975 3258 iudicio
1002 3191 1148 3259 ciuitatis
1180 3198 1293 3261 nostre
1322 3214 1430 3263 corum

132 3308 226 3375 nobis
248 3307 433 3391 querelatus
455 3304 564 3386 fuerit,
598 3304 691 3370 nobis
714 3309 747 3370 et
768 3303 869 3371 iudici
899 3310 933 3372 et
954 3306 1071 3373 iuratis
1100 3306 1136 3372 in
1164 3306 1194 3372 X
1215 3308 1351 3376 alenus
1379 3328 1430 3377 re-

134 3420 313 3503 spondebit.
358 3419 453 3485 Etsi
476 3418 573 3484 iudex
595 3423 628 3484 et
649 3417 748 3484 iuncti
778 3417 882 3484 nostri
912 3418 1010 3484 elicui
1040 3418 1206 3486 iusticiam
1226 3425 1428 3507 negauerint,

133 3536 182 3601 ita
211 3535 297 3618 quod
326 3532 464 3599 eumdem
499 3550 606 3598 eorem
634 3530 727 3597 uobis
757 3536 883 3614 oportet
916 3533 1087 3614 querelari,
1120 3532 1206 3602 idem
1228 3535 1328 3603 iudex
1357 3557 1429 3605 cum

133 3648 250 3715 iuratis
272 3646 365 3714 nobis
387 3647 422 3712 in
443 3646 475 3712 X
495 3645 627 3712 talentis
642 3642 935 3727 respondebunt¹⁴)
958 3643 1038 3730 [38].
1061 3646 1152 3728 Item,
1175 3647 1364 3733 quicunque
1377 3654 1429 3719 uel

134 3765 266 3844 propter
286 3759 527 3826 multitudinem
559 3759 723 3842 hospitum
745 3764 802 3826 aut
824 3760 1092 3844 qualitercunque
1111 3780 1296 3831 mensuram
1318 3765 1430 3848 pabuli

134 3874 185 3940 vel
208 3873 276 3939 vini
299 3872 351 3938 rel
373 3873 594 3956 cuiuscunque
616 3873 664 3938 rei
688 3872 860 3939 vendibilis
882 3873 1061 3957 infregerit,
1084 3875 1252 3943 conuictus
1275 3878 1380 3947 iudici
1395 3881 1428 3947 iu

136 3988 167 4055 Χ
189 3987 321 4055 talentis
342 3991 499 4053 teneatur.
534 3984 614 4071 [39].
637 3987 728 4068 Item,
752 3987 780 4052 si
802 3987 922 4070 aliquis
943 3990 1076 4071 preconi
1092 3994 1299 4072 presentetur
1319 3991 1430 4079 ibique

134 4100 383 4185 pernoctauerit,
406 4099 496 4167 dabit
528 4101 659 4182 preconi
688 4098 764 4165 xiv
786 4100 946 4183 denarios,
980 4102 1075 4169 etde
1106 4102 1202 4169 rebus
1225 4104 1295 4170 suis
1328 4107 1429 4174 nichil

134 4215 274 4298 emplius
295 4213 442 4297 accipiet
473 4212 509 4280 Si
538 4217 646 4279 eutem
667 4232 731 4279 non
761 4215 1008 4296 pernoctsuerit,
1039 4214 1130 4281 debit
1149 4220 1275 4283 tantum
1305 4217 1352 4285 VI
1373 4221 1428 4287 do

136 4324 301 4410 nerias.²⁶)
326 4327 403 4408 [40].
426 4327 517 4407 Item,
540 4345 598 4408 pro
620 4326 770 4393 incendio
793 4327 821 4391 si
845 4328 920 4409 quie
934 4331 1047 4409 captus
1070 4328 1178 4409 luerit,
1200 4329 1275 4412 igne
1297 4333 1428 4413 peribit

135 4442 169 4509 Si
192 4458 270 4511 vero
291 4439 476 4506 incendium
497 4438 612 4505 lecerit
632 4444 666 4504 et
686 4439 859 4505 recesserit
888 4446 921 4506 et
941 4445 1055 4523 postes
1076 4441 1226 4508 detentus
1256 4443 1367 4527 luerit,
1397 4451 1430 4513 et

136 4553 292 4620 siminus
314 4552 456 4619 incendii
479 4557 574 4618 cntee
596 4550 692 4617 iecit:
715 4569 787 4618 cum
809 4551 870 4619 VII
902 4551 982 4620 viris
1004 4553 1222 4622 conuincetur.
1261 4555 1297 4623 Si
1319 4564 1429 4627 nnoem
