3098 5392
212 448 278 513 904
820 449 896 501 mea

210 659 281 723 tati.
304 655 357 722 Illi
381 656 414 720 iu
436 661 574 739 quatuor
595 656 794 738 temporibus
816 656 963 739 proxime
984 654 1105 720 futuris
1129 655 1304 735 volumus,
1340 661 1380 721 rt
1401 655 1522 737 ungu

209 770 251 836 ad
274 789 333 837 nos
356 769 488 835 veniant
518 773 551 835 et
573 788 665 836 suam
687 770 853 837 iusticiam
886 769 1108 836 demonstrent
1135 774 1171 834 et
1198 768 1404 836 ostendant.
1441 768 1520 834 Etsi

211 883 284 965 quis
306 882 367 949 hoc
395 883 504 964 ipsum
533 901 616 949 ausu
645 885 818 951 temerario
851 882 1120 967 transgrediendo
1154 882 1395 966 prophanaret
1423 883 1520 949 huius-

208 996 296 1062 modi
319 996 515 1077 mandatum‚
538 1016 612 1064 mox
634 997 758 1065 eisdem
780 998 909 1064 ciuibus
930 997 1137 1080 dignabimur
1153 997 1337 1081 applicare
1352 996 1517 1064 median

209 1115 413 1192 oportunum,
436 1115 471 1174 rt
493 1111 632 1192 predicti
665 1113 755 1178 ciues
786 1112 876 1176 iuxta
906 1128 1040 1176 suarum
1075 1110 1270 1177 litterarum
1302 1112 1463 1177 virtutem
1485 1108 1518 1173 dc

212 1229 319 1290 cetero
341 1243 361 1288 a
384 1222 475 1290 vobis
507 1224 674 1290 thabernis
703 1231 737 1290 et
766 1225 963 1291 mechanicis
995 1243 1058 1290 non
1088 1223 1258 1305 recipiant
1290 1223 1515 1306 dampnumet

205 1336 376 1420 jacturam.
400 1337 521 1403 Datum
544 1338 577 1402 in
600 1337 800 1405 Luthmiricz
822 1338 856 1402 in
879 1338 933 1404 die
955 1336 1180 1404 conuersiouis
1202 1338 1320 1404 sancti
1344 1338 1449 1405 Pauli

313 1508 386 1578 Orig.
406 1524 481 1579 perg.
500 1526 516 1561 r
534 1509 645 1564 archivu
665 1527 698 1563 m
718 1509 867 1565 Litomelic
884 1511 960 1564 scaro
978 1509 1000 1562 t.
1018 1514 1035 1561 ll
1053 1524 1070 1561 r
1088 1507 1161 1563 rolin
1179 1524 1218 1562 na
1237 1509 1325 1565 rubo„
1358 1509 1450 1565 Manlii
1463 1509 1509 1563 der·

210 1605 282 1658 rena
299 1604 380 1673 pedet
397 1605 462 1675 hyla
480 1604 589 1675 druhdy
607 1604 643 1659 do
660 1605 726 1659 listn
745 1605 878 1659 rtlabenn
896 1605 940 1659 h'a
951 1605 1022 1659 rnbn
1034 1605 1125 1658 rulron
1137 1602 1189 1657 XV
1201 1605 1288 1660 atuh:
1309 1605 1435 1671 „Licea
1448 1601 1509 1674 prod

208 1699 239 1755 in
257 1717 310 1754 ruo
330 1700 429 1755 millari
447 1701 539 1755 nullus
558 1699 692 1755 artificum
710 1700 793 1755 dehet
806 1700 890 1755 tieri“.
908 1700 934 1755 V
945 1700 1081 1770 rukopisn
1093 1682 1226 1754 (leskeho
1245 1718 1356 1757 musea
1366 1702 1436 1772 sign
1446 1706 1476 1754 2⁴
1485 1698 1508 1751 G.

211 1801 243 1851 12
262 1797 328 1851 nal.
341 1803 374 1851 31
386 1797 413 1851 b.
432 1813 449 1850 a
467 1802 500 1850 ll
512 1797 538 1848 b.
558 1796 622 1850 cton
634 1812 665 1851 se
678 1796 791 1867 ptepisy
810 1797 906 1852 tohoto
924 1797 991 1850 lietu
1009 1812 1026 1850 a
1044 1795 1110 1850 nal.
1124 1800 1157 1850 76
1171 1815 1191 1848 ο
1207 1796 1303 1866 emko
1316 1796 1391 1866 jehu
1408 1792 1507 1868 prend

211 1911 226 1946 z
244 1892 294 1946 XV
314 1893 416 1947 stolati.

784 2055 850 2136 Cle.
874 2071 946 2138 703.

484 2241 611 2332 [1398],
635 2242 679 2310 20
701 2243 896 2312 dervence.
919 2242 952 2310 V
973 2240 1234 2310 Norimberce.

210 2417 298 2482 Krdl
328 2417 442 2483 Vdcloo
464 2419 488 2483 l
492 2418 520 2479 V
542 2418 688 2502 cartauc
714 2418 869 2502 cumdii,
894 2415 1107 2500 peremisse,
1136 2414 1308 2484 macoma
1339 2420 1428 2485 iudi
1450 2416 1503 2483 obn

210 2534 312 2596 mmta
335 2530 482 2616 Slone'bn
514 2532 575 2614 uby
597 2531 731 2616 dedidnp'
759 2530 837 2598 circlo
862 2532 902 2595 18
924 2529 993 2614 top,
1016 2529 1106 2615 ktcrgi
1127 2533 1207 2615 jebu
1233 2532 1381 2614 pendani
1410 2531 1448 2598 do
1464 2527 1506 2593 h

295 2664 385 2727 mory
406 2642 572 2711 krelovsbo
593 2645 750 2720 odvddctc',
773 2647 864 2712 Joua
886 2644 1101 2728 Koburperooo'
1121 2642 1161 2708 do
1184 2646 1289 2711 sorte·
1304 2645 1433 2729 pIutrIs

313 2817 523 2885 Wenccslaus
547 2826 605 2885 etc.
630 2825 742 2885 notum
764 2820 900 2886 tacimus
923 2826 995 2901 etc,
1027 2814 1112 2902 quod
1140 2820 1360 2889 attendentes
1383 2822 1504 2903 henigne

210 2935 243 2997 et
265 2936 358 3014 grata
387 2939 420 2998 et
441 2934 605 3000 indefessa
636 2933 803 3000 fidelitatis
836 2934 992 3016 obsequia
1020 2940 1054 3000 et
1081 2932 1197 3000 inmoti
1228 2933 1310 3002 fidei
1344 2936 1505 3019 puritatem

210 3044 378 3110 serenitati
408 3052 518 3112 nostre
547 3066 605 3129 per
627 3047 848 3114 honorabilem
870 3047 1050 3113 Johannem
1073 3046 1258 3130 Kobnrger‚
1291 3046 1442 3116 nostrum
1460 3046 1506 3111 de·

210 3162 320 3224 uotum
350 3159 512 3240 dilectum,
549 3161 705 3227 hacteuus
736 3161 880 3226 exhibita
912 3165 945 3225 et
974 3161 1106 3225 inantea
1136 3178 1176 3225 eo
1195 3163 1409 3245 'prompcius
1429 3159 1504 3227 erbi-

208 3270 315 3336 beuda
345 3277 378 3338 et
400 3292 437 3339 eo
460 3272 591 3356 quidem
612 3274 746 3340 breuius
776 3275 884 3339 valeat
914 3279 947 3338 et
969 3273 1081 3339 utilius
1116 3273 1282 3355 famulari,
1313 3277 1381 3343 sibi
1411 3276 1504 3341 anino

209 3385 387 3453 deliberato
410 3406 552 3470 sanoque
584 3387 727 3454 fidelium
758 3394 941 3454 nostrorum
971 3387 1144 3455 accedente
1175 3389 1318 3456 consilio
1352 3390 1502 3456 decernet

209 3504 280 3564 octo
303 3518 480 3583 sexagenas
505 3503 711 3568 denariorum
741 3503 949 3585 pragensium
980 3521 1078 3585 super
1110 3518 1211 3568 censu
1242 3507 1359 3569 nostro
1392 3501 1503 3569 heredi·

208 3613 291 3678 tario
322 3613 355 3677 in
385 3615 520 3679 ciuitate
550 3615 697 3680 Slanensl
734 3617 817 3680 vltra
847 3635 1011 3681 summam·
1037 3634 1095 3697 per
1125 3615 1340 3682 maiestatem
1375 3623 1503 3684 nostran

207 3725 333 3792 clericis
364 3727 397 3792 iu
430 3729 568 3795 ecclesia
598 3730 754 3812 Prageuei
789 3730 921 3797 cottidie
950 3729 1132 3812 legentibus
1166 3730 1365 3810 psalterium
1397 3728 1502 3795 ibidem

208 3838 395 3922 deputatam
417 3842 458 3906 ad
480 3847 627 3924 tempora
651 3845 715 3909 vite
739 3863 797 3908 sue
819 3844 966 3925 graciose
988 3843 1146 3920 dedimus,
1179 3841 1384 3910 donauimus
1406 3841 1500 3909 etde

208 3955 404 4034 putauimus,
432 3955 556 4035 damus,
587 3957 742 4021 donamus
774 3961 806 4021 et
835 3961 947 4021 tenore
977 3954 1180 4038 presencium
1211 3974 1253 4021 ex
1285 3963 1379 4023 certa
1408 3960 1502 4022 nostru

208 4066 349 4132 sciencia
371 4067 550 4133 liberaliter
573 4070 766 4151 deputamus
787 4088 844 4151 per
860 4070 967 4151 ipsum
982 4067 1163 4135 Iohannem
1178 4069 1232 4135 uel
1250 4070 1325 4135 eius
1341 4070 1500 4137 nuncciun

207 4180 376 4260 tollendas,
407 4182 561 4247 leuandus
598 4189 631 4247 et
660 4184 896 4265 percipiendas,
928 4181 1157 4265 impedimento
1193 4182 1347 4264 quolibet
1374 4203 1437 4250 non
1457 4180 1501 4246 ob

208 4300 322 4360 stante.
347 4295 539 4361 Maudumus
563 4297 663 4378 igitur
682 4297 796 4379 judici,
828 4298 983 4379 magistro
1007 4296 1138 4376 ciuium,
1170 4296 1368 4363 consulibus
1385 4294 1500 4381 juratis

207 4408 427 4473 communitati
451 4409 595 4474 ciuitatis
619 4410 797 4491 Senensis,
820 4410 970 4475 fidelibus
993 4409 1115 4474 nostrin
1138 4404 1282 4491 dilectis,
1307 4408 1501 4493 presentibus

207 4525 239 4583 et
250 4519 380 4601 tuturis,
398 4527 558 4602 quatenus
571 4522 709 4603 singulis
722 4524 815 4587 armis
829 4523 991 4604 predictos
1005 4521 1113 4587 XVIII
1129 4539 1312 4606 sexagenas
1327 4538 1500 4608 grossorum

206 4636 412 4715 pragensium
429 4637 553 4717 prefato
570 4636 710 4702 Iohanni
728 4656 784 4700 seu
802 4636 872 4701 eius
887 4637 1033 4715 nunccio,
1056 4635 1213 4718 quamdin
1236 4637 1304 4703 sibi
1321 4639 1393 4705 vita
1407 4651 1500 4705 coum
