3150 5378
752 422 826 471 13955.

691 612 797 693 *ta
825 629 896 693 114.

476 816 572 898 1398,
595 817 617 883 2
639 818 826 902 prosince.
853 816 909 884 h'a
931 798 1107 885 lebrace-

141 1008 226 1075 Krcil
255 1008 368 1075 Vridcv
391 1008 444 1073 IV
455 1012 620 1092 potoraujc
640 1009 696 1075 liat
717 1008 807 1075 kro'le
827 1004 928 1089 Jnaa,
959 1006 1082 1094 aaron·
1110 1007 1319 1092 caesaream
1348 1012 1436 1074 mato

140 1122 280 1190 Krdlooc'
307 1124 419 1188 Dcora
448 1122 500 1206 hyl
533 1123 612 1189 airola
642 1124 732 1189 rotat
763 1122 802 1188 do
836 1121 965 1205 komory
997 1120 1167 1189 kralorski
1200 1120 1369 1209 0010άᾶὰῇ
1400 1144 1437 1187 aa

566 1238 609 1301 25
630 1234 690 1320 kop
709 1258 760 1320 pr.
778 1256 833 1318 pr.
855 1240 1011 1319 ramesen.

245 1428 455 1495 Wenceelaus
492 1429 547 1494 dei
581 1429 691 1511 gracia
726 1429 944 1495 Romanorum
976 1446 1033 1495 rex
1067 1446 1198 1512 semper
1232 1434 1391 1514 augustus
1409 1436 1436 1493 et

141 1540 275 1609 Boemie
304 1562 370 1609 rex.
416 1542 536 1608 Notum
558 1541 695 1608 facimus
717 1548 830 1608 tenore
851 1543 1065 1625 presencium,
1093 1542 1182 1626 qaod
1205 1544 1316 1611 nostri
1336 1543 1436 1610 fideles

140 1657 251 1723 ‹lilccti
276 1656 376 1740 judex
409 1661 442 1720 et
467 1657 567 1739 jurati
599 1657 746 1722 consules
776 1674 900 1723 necnon
929 1656 1019 1722 ciues
1040 1656 1188 1723 ciuitatis
1213 1663 1330 1724 nostoe
1350 1656 1436 1725 curie

136 1768 326 1836 accedentes
359 1776 501 1837 nostram
532 1770 742 1851 presenciam,
774 1769 867 1835 nobis
890 1770 1055 1836 humiliter
1077 1788 1152 1836 cum
1173 1771 1350 1838 instancia
1370 1788 1434 1851 sup

140 1885 312 1965 plicarunt,
343 1890 502 1966 quatenus
533 1883 624 1965 ipsis,
656 1884 861 1965 presentibus
891 1889 924 1949 et
952 1883 1081 1964 futuris,
1112 1882 1197 1949 inibi
1235 1902 1434 1967 perseuerau-

139 1996 226 2061 tibus
257 1997 383 2062 literam
414 2015 471 2063 scu
503 1997 712 2079 priuilegium
743 1997 993 2063 asercnissimo
1016 1996 1147 2062 domino
1177 2002 1215 2062 et
1238 1997 1369 2064 domino
1388 1995 1434 2062 Jo

140 2108 255 2189 banne,
279 2128 355 2191 rege
378 2109 511 2176 Boemie
534 2111 611 2175 diue
631 2109 795 2188 memorie,
827 2127 889 2174 auo
912 2114 1024 2175 nostro
1046 2108 1232 2192 carissimo,
1264 2128 1362 2193 super
1380 2109 1433 2176 coi·

140 2222 240 2288 lectas
271 2228 304 2287 et
327 2223 437 2289 dacias
460 2223 501 2289 de
523 2223 575 2288 sui
596 2224 774 2289 clemencia
797 2223 879 2304 ipsis
901 2221 1057 2287 traditum
1078 2226 1113 2288 et
1135 2221 1335 2305 confectum,
1364 2223 1433 2307 ipsis

139 2341 171 2400 ct
201 2354 312 2401 eorum
345 2336 587 2402 successoribus
618 2338 775 2404 inuouare
805 2342 837 2402 ct
863 2335 1016 2402 roborare
1037 2334 1263 2418 dignaremur.
1308 2336 1375 2404 Nos
1394 2338 1433 2401 iu·

141 2450 261 2531 spectis
284 2468 394 2516 eorum
418 2450 568 2517 seruiciis
592 2450 741 2517 fidelibus
763 2452 927 2516 maiestati
949 2455 1062 2516 nostre
1082 2467 1142 2531 per
1164 2448 1260 2531 ipsos
1282 2456 1434 2535 gratam

142 2564 294 2629 exhibitis
326 2569 359 2628 et
389 2566 520 2631 inantea
549 2564 733 2629 feruencius
757 2562 947 2629 exhibendis
968 2581 1033 2629 non
1054 2580 1113 2645 per
1136 2580 1285 2630 errorem
1307 2570 1366 2631 aut
1385 2566 1433 2629 im·

144 2679 290 2759 prouida,
314 2679 371 2743 sed
394 2679 501 2745 animo
524 2678 701 2745 deliberato
725 2682 757 2742 et
780 2676 820 2742 de
842 2682 931 2743 certa
945 2682 1058 2743 nostra
1072 2675 1220 2742 sciencia
1235 2677 1434 2746 renouacioni

142 2796 175 2856 et
197 2790 437 2859 confirmacioni
460 2792 605 2858 eiusdem
627 2790 793 2874 priuilegii
818 2790 1048 2872 consentimus,
1077 2789 1173 2855 cuius
1196 2791 1333 2873 quidem
1354 2792 1435 2857 litera

140 2922 198 2970 scu
228 2903 459 2971 ratificacionis
486 2910 581 2971 tenor
602 2905 749 2988 sequitur
780 2904 812 2969 in
836 2902 895 2970 hec
918 2902 1030 2970 verba:
1064 2900 1237 2969 iohannes
1261 2904 1318 2971 dei
1339 2904 1435 2989 mama

138 3035 194 3082 rex
217 3018 350 3084 Boemie
372 3025 432 3084 etc.
458 3017 650 3101 (Ntslcduje
672 3019 767 3081 aneni
790 3016 868 3080 listu
890 3016 938 3081 kr.
962 3014 1047 3081 Jana
1070 3014 1099 3080 d.
1124 3033 1146 3077 v
1159 3014 1270 3083 Praae
1284 3019 1332 3087 20
1345 3018 1435 3085 auara

141 3132 223 3197 1346
248 3132 273 3199 ἔ.
298 3132 384 3213 253).
430 3131 498 3197 Nos
528 3132 639 3213 itaque
668 3149 779 3197 eorum
809 3129 1026 3213 peticionibus
1052 3134 1164 3211 utpote
1186 3130 1436 3199 racionabilibus

137 3251 233 3328 atque
267 3247 362 3312 iustis
385 3245 558 3327 benignius
581 3245 738 3323 inclinati,
771 3243 942 3324 presertim
964 3262 1037 3309 cum
1058 3242 1145 3309 iuste
1166 3245 1363 3325 petentibus
1382 3262 1436 3311 noa

138 3359 182 3423 sit
213 3360 422 3440 denegandus
454 3376 618 3439 assensus,
653 3357 869 3439 prescriptum
891 3357 1100 3439 priuilegium
1128 3356 1165 3422 in
1198 3359 1355 3427 omnibus
1376 3358 1434 3425 suia

138 3472 295 3552 articulis,
320 3473 449 3555 punctis
472 3476 505 3536 et
528 3470 693 3549 clausulis,
719 3475 815 3551 prout
837 3470 878 3534 de
900 3468 998 3535 verbo
1013 3468 1055 3534 ad
1070 3467 1209 3537 verbum
1232 3476 1433 3556 expressatur

140 3586 302 3667 superins,
327 3587 552 3669 approbamus,
569 3584 777 3665 ratificamus,
800 3585 992 3650 inuouamus
1008 3589 1042 3650 et
1056 3584 1179 3650 virtute
1195 3588 1402 3669 presencium
1413 3582 1432 3661 ¹)

139 3698 332 3763 alletoritate
362 3700 454 3781 regia
476 3698 608 3764 Boemie
631 3696 672 3763 ds
694 3702 782 3762 certa
804 3702 915 3762 nostra
947 3695 1090 3762 sciencia
1119 3699 1310 3780 preciosius
1332 3698 1434 3769 confir·

136 3829 270 3892 mamus,
294 3813 505 3879 decernentes
529 3813 635 3895 ipsum
658 3817 691 3877 et
713 3811 821 3878 omnia
844 3810 973 3894 singula
995 3812 1029 3876 in
1052 3828 1090 3877 eo
1113 3818 1270 3879 contenta
1299 3814 1432 3883 eburae

138 3923 255 3990 debere
286 3932 474 4008 perpetuam
504 3925 629 3993 roboris
660 3924 855 3992 firmitatem.
892 3924 1101 3991 Presencium
1131 3924 1195 3991 sub
1217 3929 1314 4011 regie
1335 3934 1431 3996 scats

135 4039 315 4104 maiestatis
349 4040 456 4122 sigillo
479 4040 666 4106 testimonio
699 4040 874 4105 literarum.
914 4039 1034 4105 Datum
1055 4036 1184 4105 Zebrak
1202 4058 1297 4109 anno
1321 4038 1430 4109 domini

135 4151 306 4218 millesimo
329 4153 556 4219 trecentesimo
587 4152 795 4236 nonagesimo
821 4156 946 4232 octauo,
977 4150 1032 4218 die
1063 4152 1210 4221 secunda
1239 4154 1430 4231 Decembris,

132 4283 304 4345 regnorum
328 4272 511 4332 nostrorum
533 4285 616 4333 anno
639 4266 774 4333 Boemie
795 4263 959 4332 tricesimo
983 4268 1084 4348 sexto,
1106 4264 1337 4339 Romanorum
1356 4270 1430 4337 vice

135 4378 215 4443 simo
239 4379 349 4445 tercio.

682 4492 733 4557 Ad
756 4492 952 4559 relacionem
973 4488 1156 4560 (lauchonia
1178 4490 1425 4565 marsalconis’l

749 4606 958 4673 Wenceslaus
981 4606 1157 4675 canonicas
1179 4608 1370 4693 Pragenms.
