<?xml version="1.0" encoding="UTF-8"?>
<!DOCTYPE html PUBLIC "-//W3C//DTD XHTML 1.0 Transitional//EN"
    "http://www.w3.org/TR/xhtml1/DTD/xhtml1-transitional.dtd">
<html xmlns="http://www.w3.org/1999/xhtml" xml:lang="en" lang="en">
 <head>
  <title>
</title>
<meta http-equiv="Content-Type" content="text/html;charset=utf-8" />
  <meta name='ocr-system' content='tesseract 3.04.00' />
  <meta name='ocr-capabilities' content='ocr_page ocr_carea ocr_par ocr_line ocrx_word'/>
</head>
<body>
  <div class='ocr_page' id='page_1' title='image "./sbrkapramenprva01kingoog/sbrkapramenprva01kingoog_0763.png"; bbox 0 0 3098 5392; ppageno 0'>
   <div class='ocr_carea' id='block_1_1' title="bbox 681 432 1366 498">
    <p class='ocr_par' dir='ltr' id='par_1_1' title="bbox 681 432 1366 498">
     <span class='ocr_line' id='line_1_1' title="bbox 681 432 1366 498; baseline 0.003 -13"><span class='ocrx_word' id='word_1_1' title='bbox 681 436 757 487; x_wconf 76' lang='lat' dir='ltr'>lata.</span> <span class='ocrx_word' id='word_1_2' title='bbox 1303 432 1366 498; x_wconf 75' lang='grc'>727</span> 
     </span>
    </p>
   </div>
   <div class='ocr_carea' id='block_1_2' title="bbox 56 639 1370 837">
    <p class='ocr_par' dir='ltr' id='par_1_2' title="bbox 56 639 1370 837">
     <span class='ocr_line' id='line_1_2' title="bbox 57 639 1370 725; baseline -0.002 -17"><span class='ocrx_word' id='word_1_3' title='bbox 57 642 272 725; x_wconf 81' lang='lat' dir='ltr'>belligentag,</span> <span class='ocrx_word' id='word_1_4' title='bbox 304 658 401 705; x_wconf 78' lang='lat' dir='ltr'>unser</span> <span class='ocrx_word' id='word_1_5' title='bbox 422 640 514 706; x_wconf 89' lang='lat' dir='ltr'>riche</span> <span class='ocrx_word' id='word_1_6' title='bbox 536 639 593 706; x_wconf 91' lang='lat' dir='ltr'>des</span> <span class='ocrx_word' id='word_1_7' title='bbox 609 641 844 708; x_wconf 89' lang='lat' dir='ltr'>Beheimscben</span> <span class='ocrx_word' id='word_1_8' title='bbox 874 641 908 707; x_wconf 93' lang='lat' dir='ltr'>in</span> <span class='ocrx_word' id='word_1_9' title='bbox 932 641 1006 707; x_wconf 90' lang='lat' dir='ltr'>dem</span> <span class='ocrx_word' id='word_1_10' title='bbox 1034 639 1282 708; x_wconf 85' lang='lat' dir='ltr'>sibencnendem</span> <span class='ocrx_word' id='word_1_11' title='bbox 1304 640 1370 709; x_wconf 81' lang='lat' dir='ltr'>snd</span> 
     </span>
     <span class='ocr_line' id='line_1_3' title="bbox 56 752 734 837; baseline -0.001 -16"><span class='ocrx_word' id='word_1_12' title='bbox 56 756 117 821; x_wconf 90' lang='lat' dir='ltr'>des</span> <span class='ocrx_word' id='word_1_13' title='bbox 141 752 337 820; x_wconf 88' lang='lat' dir='ltr'>Romiscben</span> <span class='ocrx_word' id='word_1_14' title='bbox 359 753 393 818; x_wconf 94' lang='lat' dir='ltr'>in</span> <span class='ocrx_word' id='word_1_15' title='bbox 417 753 490 819; x_wconf 93' lang='lat' dir='ltr'>dem</span> <span class='ocrx_word' id='word_1_16' title='bbox 513 754 635 837; x_wconf 86' lang='lat' dir='ltr'>vyrden</span> <span class='ocrx_word' id='word_1_17' title='bbox 653 753 734 837; x_wconf 77' lang='lat' dir='ltr'>iare.</span> 
     </span>
    </p>
   </div>
   <div class='ocr_carea' id='block_1_3' title="bbox 448 933 1369 1133">
    <p class='ocr_par' dir='ltr' id='par_1_3' title="bbox 448 933 1369 1133">
     <span class='ocr_line' id='line_1_4' title="bbox 448 933 1369 1019; baseline 0.002 -19"><span class='ocrx_word' id='word_1_18' title='bbox 448 933 513 1018; x_wconf 88' lang='lat' dir='ltr'>[Na</span> <span class='ocrx_word' id='word_1_19' title='bbox 536 933 651 1019; x_wconf 91' lang='lat' dir='ltr'>obbu:]</span> <span class='ocrx_word' id='word_1_20' title='bbox 673 936 736 1002; x_wconf 91' lang='lat' dir='ltr'>Per</span> <span class='ocrx_word' id='word_1_21' title='bbox 759 935 924 1002; x_wconf 90' lang='lat' dir='ltr'>dominum</span> <span class='ocrx_word' id='word_1_22' title='bbox 947 934 1148 1003; x_wconf 81' lang='lat' dir='ltr'>cardinalem</span> <span class='ocrx_word' id='word_1_23' title='bbox 1172 936 1369 1019; x_wconf 83' lang='lat' dir='ltr'>Progensem</span> 
     </span>
     <span class='ocr_line' id='line_1_5' title="bbox 843 1048 1195 1133; baseline 0 -19"><span class='ocrx_word' id='word_1_24' title='bbox 843 1048 987 1133; x_wconf 87' lang='lat' dir='ltr'>P[etrus]</span> <span class='ocrx_word' id='word_1_25' title='bbox 1011 1048 1195 1130; x_wconf 87' lang='lat' dir='ltr'>Jaurensis.</span> 
     </span>
    </p>
   </div>
   <div class='ocr_carea' id='block_1_4' title="bbox 168 1210 911 1297">
    <p class='ocr_par' dir='ltr' id='par_1_4' title="bbox 168 1210 911 1297">
     <span class='ocr_line' id='line_1_6' title="bbox 168 1210 911 1297; baseline 0.004 -19"><span class='ocrx_word' id='word_1_26' title='bbox 168 1212 234 1297; x_wconf 89' lang='lat' dir='ltr'>[Na</span> <span class='ocrx_word' id='word_1_27' title='bbox 256 1211 369 1295; x_wconf 89' lang='lat' dir='ltr'>rubu:]</span> <span class='ocrx_word' id='word_1_28' title='bbox 393 1213 431 1278; x_wconf 86' lang='lat' dir='ltr'>R.</span> <span class='ocrx_word' id='word_1_29' title='bbox 455 1210 666 1280; x_wconf 87' lang='lat' dir='ltr'>Wenceslaus</span> <span class='ocrx_word' id='word_1_30' title='bbox 690 1214 730 1280; x_wconf 90' lang='lat' dir='ltr'>da</span> <span class='ocrx_word' id='word_1_31' title='bbox 753 1214 774 1281; x_wconf 90' lang='lat' dir='ltr'><strong>J</strong></span> <span class='ocrx_word' id='word_1_32' title='bbox 777 1214 911 1281; x_wconf 82' lang='lat' dir='ltr'>enikou.</span> 
     </span>
    </p>
   </div>
   <div class='ocr_carea' id='block_1_5' title="bbox 55 1400 1367 1552">
    <p class='ocr_par' dir='ltr' id='par_1_5' title="bbox 55 1400 1367 1552">
     <span class='ocr_line' id='line_1_7' title="bbox 165 1400 1367 1472; baseline 0.002 -18"><span class='ocrx_word' id='word_1_33' title='bbox 165 1400 240 1470; x_wconf 83' lang='lat' dir='ltr'>Orig.</span> <span class='ocrx_word' id='word_1_34' title='bbox 257 1416 333 1471; x_wconf 81' lang='lat' dir='ltr'>perg.</span> <span class='ocrx_word' id='word_1_35' title='bbox 353 1417 369 1454; x_wconf 85' lang='lat' dir='ltr'>r</span> <span class='ocrx_word' id='word_1_36' title='bbox 387 1400 523 1456; x_wconf 72' lang='lat' dir='ltr'>knldchm</span> <span class='ocrx_word' id='word_1_37' title='bbox 551 1400 666 1455; x_wconf 83' lang='lat' dir='ltr'>archiru</span> <span class='ocrx_word' id='word_1_38' title='bbox 682 1400 875 1456; x_wconf 76' lang='lat' dir='ltr'>Tleboirsksm</span> <span class='ocrx_word' id='word_1_39' title='bbox 892 1401 996 1469; x_wconf 64' lang='lat'><em>11:112</em></span> <span class='ocrx_word' id='word_1_40' title='bbox 1014 1401 1053 1455; x_wconf 75' lang='lat' dir='ltr'>No</span> <span class='ocrx_word' id='word_1_41' title='bbox 1070 1410 1094 1456; x_wconf 74' lang='lat' dir='ltr'>a.</span> <span class='ocrx_word' id='word_1_42' title='bbox 1121 1400 1140 1456; x_wconf 85' lang='lat' dir='ltr'>S</span> <span class='ocrx_word' id='word_1_43' title='bbox 1158 1401 1257 1457; x_wconf 89' lang='lat' dir='ltr'>rallrou</span> <span class='ocrx_word' id='word_1_44' title='bbox 1275 1401 1367 1472; x_wconf 83' lang='lat' dir='ltr'>pedeti</span> 
     </span>
     <span class='ocr_line' id='line_1_8' title="bbox 55 1494 914 1552; baseline -0.002 0"><span class='ocrx_word' id='word_1_45' title='bbox 55 1495 231 1552; x_wconf 78' lang='lat' dir='ltr'>kralosskou</span> <span class='ocrx_word' id='word_1_46' title='bbox 249 1512 286 1551; x_wconf 92' lang='lat' dir='ltr'>na</span> <span class='ocrx_word' id='word_1_47' title='bbox 304 1494 461 1551; x_wconf 75' lang='lat' dir='ltr'>ternoslute</span> <span class='ocrx_word' id='word_1_48' title='bbox 480 1495 625 1551; x_wconf 75' lang='lat' dir='ltr'>bedbdrna</span> <span class='ocrx_word' id='word_1_49' title='bbox 644 1495 729 1551; x_wconf 75' lang='lat' dir='ltr'>addis</span> <span class='ocrx_word' id='word_1_50' title='bbox 748 1496 914 1552; x_wconf 75' lang='lat' dir='ltr'>carcienou.</span> 
     </span>
    </p>
   </div>
   <div class='ocr_carea' id='block_1_6' title="bbox 607 1755 812 1839">
    <p class='ocr_par' dir='ltr' id='par_1_6' title="bbox 607 1755 812 1839">
     <span class='ocr_line' id='line_1_9' title="bbox 607 1755 812 1839; baseline -0.005 -1"><span class='ocrx_word' id='word_1_51' title='bbox 607 1772 624 1811; x_wconf 82' lang='lat'>*</span> <span class='ocrx_word' id='word_1_52' title='bbox 649 1755 714 1839; x_wconf 81' lang='lat' dir='ltr'>bu.</span> <span class='ocrx_word' id='word_1_53' title='bbox 738 1772 812 1838; x_wconf 83' lang='lat' dir='ltr'>ses.</span> 
     </span>
    </p>
   </div>
   <div class='ocr_carea' id='block_1_7' title="bbox 367 1956 1059 2046">
    <p class='ocr_par' dir='ltr' id='par_1_7' title="bbox 367 1956 1059 2046">
     <span class='ocr_line' id='line_1_10' title="bbox 367 1956 1059 2046; baseline -0.001 -21"><span class='ocrx_word' id='word_1_54' title='bbox 367 1956 463 2043; x_wconf 71' lang='lat' dir='ltr'>lala,</span> <span class='ocrx_word' id='word_1_55' title='bbox 485 1958 507 2026; x_wconf 82' lang='grc'><strong>6</strong></span> <span class='ocrx_word' id='word_1_56' title='bbox 530 1960 717 2046; x_wconf 76' lang='lat' dir='ltr'><strong>prosince.</strong></span> <span class='ocrx_word' id='word_1_57' title='bbox 749 1958 806 2027; x_wconf 85' lang='lat' dir='ltr'>Na</span> <span class='ocrx_word' id='word_1_58' title='bbox 828 1958 1059 2046; x_wconf 78' lang='lat' dir='ltr'>Vpsebradb.</span> 
     </span>
    </p>
   </div>
   <div class='ocr_carea' id='block_1_8' title="bbox 52 2129 1366 2687">
    <p class='ocr_par' dir='ltr' id='par_1_8' title="bbox 52 2129 1366 2687">
     <span class='ocr_line' id='line_1_11' title="bbox 59 2129 1365 2234; baseline 0 -20"><span class='ocrx_word' id='word_1_59' title='bbox 59 2148 196 2215; x_wconf 73' lang='lat' dir='ltr'>Probodt</span> <span class='ocrx_word' id='word_1_60' title='bbox 225 2147 448 2234; x_wconf 75' lang='lat' dir='ltr'>Vydcbrudsltp&#39;</span> <span class='ocrx_word' id='word_1_61' title='bbox 470 2172 491 2216; x_wconf 87' lang='lat' dir='ltr'><strong>a</strong></span> <span class='ocrx_word' id='word_1_62' title='bbox 513 2149 641 2216; x_wconf 65' lang='lat' dir='ltr'>dcccle&#39;d</span> <span class='ocrx_word' id='word_1_63' title='bbox 663 2149 837 2217; x_wconf 69' lang='lat' dir='ltr'>traluceat</span> <span class='ocrx_word' id='word_1_64' title='bbox 859 2129 992 2217; x_wconf 65' lang='lat' dir='ltr'>(iescam</span> <span class='ocrx_word' id='word_1_65' title='bbox 1014 2148 1083 2216; x_wconf 84' lang='lat' dir='ltr'>Jon</span> <span class='ocrx_word' id='word_1_66' title='bbox 1104 2150 1252 2217; x_wconf 70' lang='lat' dir='ltr'>solatae</span> <span class='ocrx_word' id='word_1_67' title='bbox 1274 2150 1365 2215; x_wconf 76' lang='lat' dir='ltr'>croci</span> 
     </span>
     <span class='ocr_line' id='line_1_12' title="bbox 57 2260 1365 2348; baseline 0 -20"><span class='ocrx_word' id='word_1_68' title='bbox 57 2264 239 2328; x_wconf 66' lang='lat' dir='ltr'>medianam</span> <span class='ocrx_word' id='word_1_69' title='bbox 262 2260 507 2347; x_wconf 77' lang='lat' dir='ltr'>Prcchcticky&#39;m</span> <span class='ocrx_word' id='word_1_70' title='bbox 528 2261 638 2328; x_wconf 84' lang='lat' dir='ltr'>mosnc‘</span> <span class='ocrx_word' id='word_1_71' title='bbox 660 2263 823 2329; x_wconf 69' lang='lat' dir='ltr'>acmebcc</span> <span class='ocrx_word' id='word_1_72' title='bbox 837 2261 961 2348; x_wconf 75' lang='lat' dir='ltr'>icrdmy,</span> <span class='ocrx_word' id='word_1_73' title='bbox 975 2260 1074 2347; x_wconf 67' lang='lat' dir='ltr'>Jatoc</span> <span class='ocrx_word' id='word_1_74' title='bbox 1088 2263 1101 2327; x_wconf 84' lang='lat' dir='ltr'>i</span> <span class='ocrx_word' id='word_1_75' title='bbox 1114 2260 1240 2328; x_wconf 79' lang='lat' dir='ltr'>icrdmce</span> <span class='ocrx_word' id='word_1_76' title='bbox 1262 2261 1365 2328; x_wconf 75' lang='lat' dir='ltr'>sakan</span> 
     </span>
     <span class='ocr_line' id='line_1_13' title="bbox 58 2374 1365 2461; baseline 0 -20"><span class='ocrx_word' id='word_1_77' title='bbox 58 2375 201 2461; x_wconf 78' lang='lat' dir='ltr'>krajcdb,</span> <span class='ocrx_word' id='word_1_78' title='bbox 224 2375 390 2453; x_wconf 70' lang='lat' dir='ltr'>krumddb,</span> <span class='ocrx_word' id='word_1_79' title='bbox 413 2374 582 2441; x_wconf 63' lang='lat' dir='ltr'>kokelobdo</span> <span class='ocrx_word' id='word_1_80' title='bbox 605 2399 626 2441; x_wconf 87' lang='lat' dir='ltr'>o</span> <span class='ocrx_word' id='word_1_81' title='bbox 648 2379 757 2442; x_wconf 59' lang='lat' dir='ltr'>deamo</span> <span class='ocrx_word' id='word_1_82' title='bbox 780 2399 802 2442; x_wconf 88' lang='lat' dir='ltr'>o</span> <span class='ocrx_word' id='word_1_83' title='bbox 828 2377 887 2442; x_wconf 79' lang='lat' dir='ltr'>dod</span> <span class='ocrx_word' id='word_1_84' title='bbox 901 2376 1008 2459; x_wconf 79' lang='lat' dir='ltr'>pdnvc</span> <span class='ocrx_word' id='word_1_85' title='bbox 1028 2376 1137 2452; x_wconf 80' lang='lat' dir='ltr'>cdrnc&#39;,</span> <span class='ocrx_word' id='word_1_86' title='bbox 1160 2379 1213 2460; x_wconf 72' lang='lat' dir='ltr'>jeci</span> <span class='ocrx_word' id='word_1_87' title='bbox 1226 2377 1291 2460; x_wconf 82' lang='lat' dir='ltr'>jim</span> <span class='ocrx_word' id='word_1_88' title='bbox 1313 2374 1365 2458; x_wconf 72' lang='lat' dir='ltr'>bys</span> 
     </span>
     <span class='ocr_line' id='line_1_14' title="bbox 52 2488 1366 2573; baseline 0.001 -19"><span class='ocrx_word' id='word_1_89' title='bbox 52 2491 146 2571; x_wconf 79' lang='lat' dir='ltr'>proti</span> <span class='ocrx_word' id='word_1_90' title='bbox 155 2489 265 2572; x_wconf 79' lang='lat' dir='ltr'>prdoc</span> <span class='ocrx_word' id='word_1_91' title='bbox 278 2489 385 2566; x_wconf 72' lang='lat' dir='ltr'>odbol,</span> <span class='ocrx_word' id='word_1_92' title='bbox 401 2510 422 2554; x_wconf 85' lang='lat' dir='ltr'><strong>a</strong></span> <span class='ocrx_word' id='word_1_93' title='bbox 436 2488 570 2569; x_wconf 77' lang='lat' dir='ltr'>candaci,</span> <span class='ocrx_word' id='word_1_94' title='bbox 593 2492 628 2555; x_wconf 72' lang='lat' dir='ltr'>dc</span> <span class='ocrx_word' id='word_1_95' title='bbox 640 2489 753 2555; x_wconf 81' lang='lat' dir='ltr'>mobou</span> <span class='ocrx_word' id='word_1_96' title='bbox 768 2512 784 2555; x_wconf 87' lang='lat' dir='ltr'>s</span> <span class='ocrx_word' id='word_1_97' title='bbox 798 2491 880 2556; x_wconf 78' lang='lat' dir='ltr'>niori</span> <span class='ocrx_word' id='word_1_98' title='bbox 894 2492 1049 2557; x_wconf 77' lang='lat' dir='ltr'>scobodcd</span> <span class='ocrx_word' id='word_1_99' title='bbox 1062 2488 1241 2569; x_wconf 67' lang='lat' dir='ltr'>nauseati,</span> <span class='ocrx_word' id='word_1_100' title='bbox 1257 2493 1366 2573; x_wconf 81' lang='lat' dir='ltr'>jsoace</span> 
     </span>
     <span class='ocr_line' id='line_1_15' title="bbox 159 2600 1260 2687; baseline 0.002 -20"><span class='ocrx_word' id='word_1_101' title='bbox 159 2602 294 2687; x_wconf 74' lang='lat' dir='ltr'>possunt</span> <span class='ocrx_word' id='word_1_102' title='bbox 315 2600 408 2669; x_wconf 78' lang='lat' dir='ltr'>tols’ko</span> <span class='ocrx_word' id='word_1_103' title='bbox 431 2604 521 2669; x_wconf 75' lang='lat' dir='ltr'>rodni</span> <span class='ocrx_word' id='word_1_104' title='bbox 540 2600 640 2685; x_wconf 73' lang='lat' dir='ltr'>droky</span> <span class='ocrx_word' id='word_1_105' title='bbox 661 2626 683 2669; x_wconf 88' lang='lat' dir='ltr'>o</span> <span class='ocrx_word' id='word_1_106' title='bbox 705 2601 870 2670; x_wconf 73' lang='lat' dir='ltr'>trctovsle&#39;</span> <span class='ocrx_word' id='word_1_107' title='bbox 891 2604 986 2669; x_wconf 78' lang='lat' dir='ltr'>bernd</span> <span class='ocrx_word' id='word_1_108' title='bbox 1004 2625 1022 2669; x_wconf 80' lang='lat' dir='ltr'>a</span> <span class='ocrx_word' id='word_1_109' title='bbox 1043 2602 1117 2670; x_wconf 75' lang='lat' dir='ltr'>nich</span> <span class='ocrx_word' id='word_1_110' title='bbox 1134 2602 1260 2686; x_wconf 69' lang='lat' dir='ltr'>placiti.</span> 
     </span>
    </p>
   </div>
   <div class='ocr_carea' id='block_1_9' title="bbox 49 2793 1364 4699">
    <p class='ocr_par' dir='ltr' id='par_1_9' title="bbox 49 2793 1364 4699">
     <span class='ocr_line' id='line_1_16' title="bbox 165 2793 1364 2879; baseline 0.001 -19"><span class='ocrx_word' id='word_1_111' title='bbox 165 2793 233 2861; x_wconf 89' lang='lat' dir='ltr'>Nos</span> <span class='ocrx_word' id='word_1_112' title='bbox 257 2794 423 2862; x_wconf 88' lang='lat' dir='ltr'>Johannes</span> <span class='ocrx_word' id='word_1_113' title='bbox 446 2796 498 2862; x_wconf 93' lang='lat' dir='ltr'>dei</span> <span class='ocrx_word' id='word_1_114' title='bbox 522 2797 631 2879; x_wconf 82' lang='lat' dir='ltr'><strong>gracia</strong></span> <span class='ocrx_word' id='word_1_115' title='bbox 654 2797 838 2879; x_wconf 84' lang='lat' dir='ltr'>prepositus</span> <span class='ocrx_word' id='word_1_116' title='bbox 862 2797 999 2863; x_wconf 91' lang='lat' dir='ltr'>ecclesie</span> <span class='ocrx_word' id='word_1_117' title='bbox 1021 2794 1300 2878; x_wconf 80' lang='lat' dir='ltr'>wissegradensis</span> <span class='ocrx_word' id='word_1_118' title='bbox 1322 2795 1364 2862; x_wconf 90' lang='lat' dir='ltr'>ad</span> 
     </span>
     <span class='ocr_line' id='line_1_17' title="bbox 58 2909 1363 2993; baseline 0.001 -19"><span class='ocrx_word' id='word_1_119' title='bbox 58 2910 239 2974; x_wconf 83' lang='lat' dir='ltr'><strong>Romanam</strong></span> <span class='ocrx_word' id='word_1_120' title='bbox 255 2909 343 2975; x_wconf 94' lang='lat' dir='ltr'>nullo</span> <span class='ocrx_word' id='word_1_121' title='bbox 358 2909 464 2975; x_wconf 90' lang='lat' dir='ltr'>medio</span> <span class='ocrx_word' id='word_1_122' title='bbox 480 2909 672 2991; x_wconf 88' lang='lat' dir='ltr'>pertinentis</span> <span class='ocrx_word' id='word_1_123' title='bbox 689 2909 870 2990; x_wconf 90' lang='lat' dir='ltr'>ecclesiam,</span> <span class='ocrx_word' id='word_1_124' title='bbox 894 2909 1106 2976; x_wconf 90' lang='lat' dir='ltr'>cancellarius</span> <span class='ocrx_word' id='word_1_125' title='bbox 1122 2910 1214 2993; x_wconf 83' lang='lat' dir='ltr'>regni</span> <span class='ocrx_word' id='word_1_126' title='bbox 1229 2909 1363 2975; x_wconf 89' lang='lat' dir='ltr'>Boemio</span> 
     </span>
     <span class='ocr_line' id='line_1_18' title="bbox 57 3021 1363 3105; baseline 0.002 -19"><span class='ocrx_word' id='word_1_127' title='bbox 57 3039 240 3103; x_wconf 87' lang='lat' dir='ltr'>supremus,</span> <span class='ocrx_word' id='word_1_128' title='bbox 262 3021 304 3086; x_wconf 91' lang='lat' dir='ltr'>ad</span> <span class='ocrx_word' id='word_1_129' title='bbox 320 3023 545 3088; x_wconf 79' lang='lat' dir='ltr'>uniuersorum</span> <span class='ocrx_word' id='word_1_130' title='bbox 568 3022 721 3087; x_wconf 89' lang='lat' dir='ltr'>noticiam</span> <span class='ocrx_word' id='word_1_131' title='bbox 743 3022 948 3104; x_wconf 83' lang='lat' dir='ltr'>presentibus</span> <span class='ocrx_word' id='word_1_132' title='bbox 969 3022 1168 3103; x_wconf 78' lang='lat' dir='ltr'>deducimus,</span> <span class='ocrx_word' id='word_1_133' title='bbox 1192 3023 1269 3104; x_wconf 86' lang='lat' dir='ltr'>quia</span> <span class='ocrx_word' id='word_1_134' title='bbox 1283 3042 1363 3105; x_wconf 85' lang='lat' dir='ltr'>quo-</span> 
     </span>
     <span class='ocr_line' id='line_1_19' title="bbox 59 3133 1364 3218; baseline 0.003 -19"><span class='ocrx_word' id='word_1_135' title='bbox 59 3133 203 3199; x_wconf 90' lang='lat' dir='ltr'>rundam</span> <span class='ocrx_word' id='word_1_136' title='bbox 225 3134 315 3199; x_wconf 80' lang='lat' dir='ltr'>iuxta</span> <span class='ocrx_word' id='word_1_137' title='bbox 339 3134 601 3202; x_wconf 85' lang='lat' dir='ltr'>informacionem</span> <span class='ocrx_word' id='word_1_138' title='bbox 625 3135 781 3201; x_wconf 78' lang='lat' dir='ltr'>utilitates</span> <span class='ocrx_word' id='word_1_139' title='bbox 812 3136 1018 3218; x_wconf 89' lang='lat' dir='ltr'>prepositure</span> <span class='ocrx_word' id='word_1_140' title='bbox 1041 3141 1074 3201; x_wconf 82' lang='lat' dir='ltr'>et</span> <span class='ocrx_word' id='word_1_141' title='bbox 1096 3136 1233 3202; x_wconf 90' lang='lat' dir='ltr'>ecclesie</span> <span class='ocrx_word' id='word_1_142' title='bbox 1254 3140 1364 3203; x_wconf 88' lang='lat' dir='ltr'>nostre</span> 
     </span>
     <span class='ocr_line' id='line_1_20' title="bbox 57 3247 1363 3332; baseline 0.003 -21"><span class='ocrx_word' id='word_1_143' title='bbox 57 3247 247 3329; x_wconf 91' lang='lat' dir='ltr'>supradicte</span> <span class='ocrx_word' id='word_1_144' title='bbox 278 3254 461 3329; x_wconf 77' lang='lat' dir='ltr'>querentes,</span> <span class='ocrx_word' id='word_1_145' title='bbox 493 3255 589 3332; x_wconf 92' lang='lat' dir='ltr'>prout</span> <span class='ocrx_word' id='word_1_146' title='bbox 607 3250 682 3332; x_wconf 87' lang='lat' dir='ltr'>jure</span> <span class='ocrx_word' id='word_1_147' title='bbox 703 3255 859 3329; x_wconf 88' lang='lat' dir='ltr'>tenemur,</span> <span class='ocrx_word' id='word_1_148' title='bbox 892 3249 1009 3315; x_wconf 88' lang='lat' dir='ltr'>sedilia</span> <span class='ocrx_word' id='word_1_149' title='bbox 1038 3268 1159 3332; x_wconf 89' lang='lat' dir='ltr'>panum</span> <span class='ocrx_word' id='word_1_150' title='bbox 1182 3267 1255 3314; x_wconf 94' lang='lat' dir='ltr'>cum</span> <span class='ocrx_word' id='word_1_151' title='bbox 1277 3267 1363 3315; x_wconf 90' lang='lat' dir='ltr'>mac·</span> 
     </span>
     <span class='ocr_line' id='line_1_21' title="bbox 58 3361 1362 3445; baseline 0.002 -20"><span class='ocrx_word' id='word_1_152' title='bbox 58 3361 152 3426; x_wconf 85' lang='lat' dir='ltr'>cellis</span> <span class='ocrx_word' id='word_1_153' title='bbox 177 3361 323 3426; x_wconf 87' lang='lat' dir='ltr'>carnium</span> <span class='ocrx_word' id='word_1_154' title='bbox 352 3366 459 3444; x_wconf 86' lang='lat' dir='ltr'>atque·</span> <span class='ocrx_word' id='word_1_155' title='bbox 481 3362 556 3427; x_wconf 90' lang='lat' dir='ltr'>aliis</span> <span class='ocrx_word' id='word_1_156' title='bbox 579 3362 700 3428; x_wconf 93' lang='lat' dir='ltr'>mensis</span> <span class='ocrx_word' id='word_1_157' title='bbox 724 3380 782 3427; x_wconf 93' lang='lat' dir='ltr'>seu</span> <span class='ocrx_word' id='word_1_158' title='bbox 805 3361 972 3443; x_wconf 90' lang='lat' dir='ltr'>sedilibus,</span> <span class='ocrx_word' id='word_1_159' title='bbox 1004 3368 1082 3445; x_wconf 90' lang='lat' dir='ltr'>puta</span> <span class='ocrx_word' id='word_1_160' title='bbox 1105 3362 1362 3445; x_wconf 91' lang='lat' dir='ltr'>pannicidorum,</span> 
     </span>
     <span class='ocr_line' id='line_1_22' title="bbox 56 3473 1362 3554; baseline 0.003 -17"><span class='ocrx_word' id='word_1_161' title='bbox 56 3474 255 3554; x_wconf 86' lang='lat' dir='ltr'>institorum,</span> <span class='ocrx_word' id='word_1_162' title='bbox 280 3473 454 3539; x_wconf 92' lang='lat' dir='ltr'>cerdonum</span> <span class='ocrx_word' id='word_1_163' title='bbox 476 3479 509 3539; x_wconf 91' lang='lat' dir='ltr'>et</span> <span class='ocrx_word' id='word_1_164' title='bbox 532 3480 678 3541; x_wconf 89' lang='lat' dir='ltr'>sutorum</span> <span class='ocrx_word' id='word_1_165' title='bbox 700 3475 733 3540; x_wconf 92' lang='lat' dir='ltr'>in</span> <span class='ocrx_word' id='word_1_166' title='bbox 751 3475 885 3540; x_wconf 87' lang='lat' dir='ltr'>ciuitate</span> <span class='ocrx_word' id='word_1_167' title='bbox 900 3480 1011 3541; x_wconf 89' lang='lat' dir='ltr'>nostra</span> <span class='ocrx_word' id='word_1_168' title='bbox 1026 3475 1214 3541; x_wconf 88' lang='lat' dir='ltr'>Pracbaticz</span> <span class='ocrx_word' id='word_1_169' title='bbox 1231 3475 1362 3541; x_wconf 90' lang='lat' dir='ltr'>situatis</span> 
     </span>
     <span class='ocr_line' id='line_1_23' title="bbox 57 3571 1362 3655; baseline 0.002 -4"><span class='ocrx_word' id='word_1_170' title='bbox 57 3606 133 3651; x_wconf 89' lang='lat' dir='ltr'>cum</span> <span class='ocrx_word' id='word_1_171' title='bbox 157 3571 305 3652; x_wconf 91' lang='lat' dir='ltr'>omnibus</span> <span class='ocrx_word' id='word_1_172' title='bbox 329 3587 503 3653; x_wconf 90' lang='lat' dir='ltr'>eorundem</span> <span class='ocrx_word' id='word_1_173' title='bbox 527 3588 722 3653; x_wconf 79' lang='lat' dir='ltr'>utilitatibus</span> <span class='ocrx_word' id='word_1_174' title='bbox 754 3588 880 3654; x_wconf 91' lang='lat' dir='ltr'>ciuibus</span> <span class='ocrx_word' id='word_1_175' title='bbox 904 3594 938 3654; x_wconf 89' lang='lat' dir='ltr'>et</span> <span class='ocrx_word' id='word_1_176' title='bbox 960 3589 1075 3654; x_wconf 90' lang='lat' dir='ltr'>incolis</span> <span class='ocrx_word' id='word_1_177' title='bbox 1099 3590 1219 3655; x_wconf 91' lang='lat' dir='ltr'>nostris</span> <span class='ocrx_word' id='word_1_178' title='bbox 1242 3588 1362 3654; x_wconf 89' lang='lat' dir='ltr'>ibidem</span> 
     </span>
     <span class='ocr_line' id='line_1_24' title="bbox 60 3698 1360 3784; baseline 0.001 -20"><span class='ocrx_word' id='word_1_179' title='bbox 60 3698 165 3764; x_wconf 77' lang='lat' dir='ltr'>auderi</span> <span class='ocrx_word' id='word_1_180' title='bbox 182 3704 346 3781; x_wconf 87' lang='lat' dir='ltr'>tamquam</span> <span class='ocrx_word' id='word_1_181' title='bbox 362 3720 425 3767; x_wconf 93' lang='lat' dir='ltr'>non</span> <span class='ocrx_word' id='word_1_182' title='bbox 442 3701 528 3766; x_wconf 84' lang='lat' dir='ltr'>veris</span> <span class='ocrx_word' id='word_1_183' title='bbox 545 3702 787 3784; x_wconf 85' lang='lat' dir='ltr'>possessoribus</span> <span class='ocrx_word' id='word_1_184' title='bbox 804 3708 837 3767; x_wconf 89' lang='lat' dir='ltr'>et</span> <span class='ocrx_word' id='word_1_185' title='bbox 853 3701 945 3768; x_wconf 92' lang='lat' dir='ltr'>nobis</span> <span class='ocrx_word' id='word_1_186' title='bbox 965 3702 1101 3768; x_wconf 85' lang='lat' dir='ltr'>asscribi</span> <span class='ocrx_word' id='word_1_187' title='bbox 1121 3706 1232 3768; x_wconf 92' lang='lat' dir='ltr'>contra</span> <span class='ocrx_word' id='word_1_188' title='bbox 1247 3700 1360 3767; x_wconf 89' lang='lat' dir='ltr'>funda·</span> 
     </span>
     <span class='ocr_line' id='line_1_25' title="bbox 58 3812 1361 3896; baseline 0.003 -20"><span class='ocrx_word' id='word_1_189' title='bbox 58 3812 160 3877; x_wconf 90' lang='lat' dir='ltr'>menti</span> <span class='ocrx_word' id='word_1_190' title='bbox 184 3813 382 3879; x_wconf 77' lang='lat' dir='ltr'>locationem</span> <span class='ocrx_word' id='word_1_191' title='bbox 405 3830 652 3896; x_wconf 87' lang='lat' dir='ltr'>preceperamus</span> <span class='ocrx_word' id='word_1_192' title='bbox 676 3820 707 3879; x_wconf 90' lang='lat' dir='ltr'>et</span> <span class='ocrx_word' id='word_1_193' title='bbox 724 3814 805 3879; x_wconf 91' lang='lat' dir='ltr'>duas</span> <span class='ocrx_word' id='word_1_194' title='bbox 822 3816 958 3896; x_wconf 87' lang='lat' dir='ltr'>patellas</span> <span class='ocrx_word' id='word_1_195' title='bbox 974 3815 1015 3879; x_wconf 92' lang='lat' dir='ltr'>ad</span> <span class='ocrx_word' id='word_1_196' title='bbox 1030 3813 1230 3879; x_wconf 81' lang='lat' dir='ltr'>brarandum</span> <span class='ocrx_word' id='word_1_197' title='bbox 1245 3815 1361 3896; x_wconf 89' lang='lat' dir='ltr'>aptari,</span> 
     </span>
     <span class='ocr_line' id='line_1_26' title="bbox 58 3926 1362 4010; baseline 0.002 -20"><span class='ocrx_word' id='word_1_198' title='bbox 58 3926 190 3991; x_wconf 87' lang='lat' dir='ltr'>tandem</span> <span class='ocrx_word' id='word_1_199' title='bbox 213 3945 270 4008; x_wconf 94' lang='lat' dir='ltr'>per</span> <span class='ocrx_word' id='word_1_200' title='bbox 288 3927 415 4010; x_wconf 88' lang='lat' dir='ltr'>juratos</span> <span class='ocrx_word' id='word_1_201' title='bbox 439 3933 472 3993; x_wconf 90' lang='lat' dir='ltr'>et</span> <span class='ocrx_word' id='word_1_202' title='bbox 493 3931 594 3994; x_wconf 89' lang='lat' dir='ltr'>totam</span> <span class='ocrx_word' id='word_1_203' title='bbox 617 3929 738 3993; x_wconf 91' lang='lat' dir='ltr'>ciuium</span> <span class='ocrx_word' id='word_1_204' title='bbox 761 3933 943 3994; x_wconf 91' lang='lat' dir='ltr'>nostrorum</span> <span class='ocrx_word' id='word_1_205' title='bbox 975 3929 1220 3993; x_wconf 81' lang='lat' dir='ltr'>uniuersitatem</span> <span class='ocrx_word' id='word_1_206' title='bbox 1242 3927 1362 3994; x_wconf 89' lang='lat' dir='ltr'>ibidem</span> 
     </span>
     <span class='ocr_line' id='line_1_27' title="bbox 55 4038 1360 4124; baseline 0.003 -21"><span class='ocrx_word' id='word_1_207' title='bbox 55 4038 222 4104; x_wconf 84' lang='lat' dir='ltr'>informati</span> <span class='ocrx_word' id='word_1_208' title='bbox 261 4040 476 4122; x_wconf 85' lang='lat' dir='ltr'>precibusque</span> <span class='ocrx_word' id='word_1_209' title='bbox 519 4041 693 4107; x_wconf 91' lang='lat' dir='ltr'>eorundem</span> <span class='ocrx_word' id='word_1_210' title='bbox 727 4041 832 4124; x_wconf 91' lang='lat' dir='ltr'>quoad</span> <span class='ocrx_word' id='word_1_211' title='bbox 875 4041 987 4107; x_wconf 86' lang='lat' dir='ltr'>literas</span> <span class='ocrx_word' id='word_1_212' title='bbox 1030 4043 1176 4124; x_wconf 91' lang='lat' dir='ltr'>ipsorum</span> <span class='ocrx_word' id='word_1_213' title='bbox 1210 4042 1360 4123; x_wconf 86' lang='lat' dir='ltr'>antiquas</span> 
     </span>
     <span class='ocr_line' id='line_1_28' title="bbox 56 4151 1361 4236; baseline 0.002 -18"><span class='ocrx_word' id='word_1_214' title='bbox 56 4151 305 4234; x_wconf 91' lang='lat' dir='ltr'>conspiciendas</span> <span class='ocrx_word' id='word_1_215' title='bbox 328 4152 508 4235; x_wconf 82' lang='lat' dir='ltr'>graciosius</span> <span class='ocrx_word' id='word_1_216' title='bbox 539 4152 701 4233; x_wconf 90' lang='lat' dir='ltr'>acclinati,</span> <span class='ocrx_word' id='word_1_217' title='bbox 732 4153 817 4235; x_wconf 89' lang='lat' dir='ltr'>quod</span> <span class='ocrx_word' id='word_1_218' title='bbox 848 4153 912 4235; x_wconf 91' lang='lat' dir='ltr'>ipsi</span> <span class='ocrx_word' id='word_1_219' title='bbox 943 4152 1106 4236; x_wconf 86' lang='lat' dir='ltr'>predictas</span> <span class='ocrx_word' id='word_1_220' title='bbox 1135 4172 1264 4220; x_wconf 91' lang='lat' dir='ltr'>mensas</span> <span class='ocrx_word' id='word_1_221' title='bbox 1288 4172 1361 4220; x_wconf 90' lang='lat' dir='ltr'>cum</span> 
     </span>
     <span class='ocr_line' id='line_1_29' title="bbox 57 4264 1359 4350; baseline 0.002 -19"><span class='ocrx_word' id='word_1_222' title='bbox 57 4264 217 4331; x_wconf 88' lang='lat' dir='ltr'>sedilibus</span> <span class='ocrx_word' id='word_1_223' title='bbox 240 4270 273 4330; x_wconf 91' lang='lat' dir='ltr'>et</span> <span class='ocrx_word' id='word_1_224' title='bbox 295 4267 459 4333; x_wconf 89' lang='lat' dir='ltr'>maccellis</span> <span class='ocrx_word' id='word_1_225' title='bbox 483 4286 546 4331; x_wconf 93' lang='lat' dir='ltr'>non</span> <span class='ocrx_word' id='word_1_226' title='bbox 569 4267 665 4348; x_wconf 91' lang='lat' dir='ltr'>plane</span> <span class='ocrx_word' id='word_1_227' title='bbox 687 4271 720 4330; x_wconf 87' lang='lat' dir='ltr'>et</span> <span class='ocrx_word' id='word_1_228' title='bbox 742 4264 872 4347; x_wconf 88' lang='lat' dir='ltr'>frustra,</span> <span class='ocrx_word' id='word_1_229' title='bbox 898 4267 955 4333; x_wconf 91' lang='lat' dir='ltr'>sed</span> <span class='ocrx_word' id='word_1_230' title='bbox 978 4286 1036 4349; x_wconf 92' lang='lat' dir='ltr'>pro</span> <span class='ocrx_word' id='word_1_231' title='bbox 1052 4267 1200 4350; x_wconf 91' lang='lat' dir='ltr'>pecuniis</span> <span class='ocrx_word' id='word_1_232' title='bbox 1217 4268 1359 4350; x_wconf 91' lang='lat' dir='ltr'>ipsorum</span> 
     </span>
     <span class='ocr_line' id='line_1_30' title="bbox 49 4377 1360 4467; baseline 0.005 -25"><span class='ocrx_word' id='word_1_233' title='bbox 49 4377 128 4458; x_wconf 85' lang='lat' dir='ltr'>jure</span> <span class='ocrx_word' id='word_1_234' title='bbox 154 4378 382 4460; x_wconf 87' lang='lat' dir='ltr'>emphiteotico</span> <span class='ocrx_word' id='word_1_235' title='bbox 410 4378 469 4444; x_wconf 90' lang='lat' dir='ltr'>sub</span> <span class='ocrx_word' id='word_1_236' title='bbox 493 4399 555 4445; x_wconf 84' lang='lat' dir='ltr'>vno</span> <span class='ocrx_word' id='word_1_237' title='bbox 586 4384 673 4445; x_wconf 89' lang='lat' dir='ltr'>certo</span> <span class='ocrx_word' id='word_1_238' title='bbox 690 4396 794 4467; x_wconf 86' lang='lat' dir='ltr'>censu</span> <span class='ocrx_word' id='word_1_239' title='bbox 818 4384 1059 4446; x_wconf 89' lang='lat' dir='ltr'>antecessorum</span> <span class='ocrx_word' id='word_1_240' title='bbox 1081 4386 1265 4449; x_wconf 89' lang='lat' dir='ltr'>nostrorum</span> <span class='ocrx_word' id='word_1_241' title='bbox 1287 4401 1360 4448; x_wconf 91' lang='lat' dir='ltr'>cum</span> 
     </span>
     <span class='ocr_line' id='line_1_31' title="bbox 54 4491 1361 4576; baseline 0.002 -19"><span class='ocrx_word' id='word_1_242' title='bbox 54 4509 218 4558; x_wconf 86' lang='lat' dir='ltr'>consensu</span> <span class='ocrx_word' id='word_1_243' title='bbox 248 4493 460 4574; x_wconf 88' lang='lat' dir='ltr'>possiderent.</span> <span class='ocrx_word' id='word_1_244' title='bbox 511 4491 560 4558; x_wconf 89' lang='lat' dir='ltr'>Ne</span> <span class='ocrx_word' id='word_1_245' title='bbox 594 4492 695 4574; x_wconf 82' lang='lat' dir='ltr'>igitur</span> <span class='ocrx_word' id='word_1_246' title='bbox 725 4493 832 4576; x_wconf 84' lang='lat' dir='ltr'>alique</span> <span class='ocrx_word' id='word_1_247' title='bbox 869 4493 1031 4559; x_wconf 86' lang='lat' dir='ltr'>nouitates</span> <span class='ocrx_word' id='word_1_248' title='bbox 1063 4512 1126 4559; x_wconf 94' lang='lat' dir='ltr'>non</span> <span class='ocrx_word' id='word_1_249' title='bbox 1149 4495 1305 4561; x_wconf 87' lang='lat' dir='ltr'>durature</span> <span class='ocrx_word' id='word_1_250' title='bbox 1327 4500 1361 4560; x_wconf 89' lang='lat' dir='ltr'>et</span> 
     </span>
     <span class='ocr_line' id='line_1_32' title="bbox 52 4605 1359 4699; baseline 0.002 -28"><span class='ocrx_word' id='word_1_251' title='bbox 52 4605 262 4699; x_wconf 88' lang='lat' dir='ltr'>prepositure</span> <span class='ocrx_word' id='word_1_252' title='bbox 290 4610 400 4672; x_wconf 90' lang='lat' dir='ltr'>nostre</span> <span class='ocrx_word' id='word_1_253' title='bbox 431 4606 563 4672; x_wconf 91' lang='lat' dir='ltr'>inutiles</span> <span class='ocrx_word' id='word_1_254' title='bbox 595 4625 653 4687; x_wconf 88' lang='lat' dir='ltr'>por</span> <span class='ocrx_word' id='word_1_255' title='bbox 675 4625 734 4671; x_wconf 92' lang='lat' dir='ltr'>nos</span> <span class='ocrx_word' id='word_1_256' title='bbox 757 4606 952 4688; x_wconf 86' lang='lat' dir='ltr'>exoriantur,</span> <span class='ocrx_word' id='word_1_257' title='bbox 983 4606 1065 4690; x_wconf 89' lang='lat' dir='ltr'>ipsis</span> <span class='ocrx_word' id='word_1_258' title='bbox 1097 4607 1224 4674; x_wconf 91' lang='lat' dir='ltr'>ciuibus</span> <span class='ocrx_word' id='word_1_259' title='bbox 1247 4608 1359 4675; x_wconf 89' lang='lat' dir='ltr'>eadem</span> 
     </span>
    </p>
   </div>
   <div class='ocr_carea' id='block_1_10' title="bbox 0 0 1554 5392">
    <p class='ocr_par' dir='ltr' id='par_1_10' title="bbox 0 0 1554 5392">
     <span class='ocr_line' id='line_1_33' title="bbox 0 0 1554 5392; baseline 0 3"><span class='ocrx_word' id='word_1_260' title='bbox 0 0 1554 5392; x_wconf 95' lang='lat' dir='ltr'> </span> 
     </span>
    </p>
   </div>
  </div>
 </body>
</html>
