3098 5392
177 187 274 252 dietis
298 185 425 252 ciuibus
447 185 653 268 ratificamus,
674 183 888 269 approbamus
912 189 945 252 et
967 185 1071 253 eciem
1084 182 1321 268 confirmemus,
1342 192 1466 270 promis
1536 232 1548 255 .-

179 305 284 366 tentes
318 301 366 365 eis
399 300 487 365 nullo
516 317 666 382 umquam
695 303 839 382 ternpore
861 299 1018 366 iunouure
1046 299 1181 366 andern
1210 301 1265 367 uel
1295 300 1456 384 immutare
1521 346 1549 380 .,

186 416 263 495 quin
286 414 398 494 pocius
422 418 576 495 perpetue
605 411 703 477 robur
724 410 868 477 obtineat
888 410 1060 478 firmitatis.
1083 411 1206 479 Preieti
1227 430 1306 480 vero
1326 414 1410 481 uiuos
1426 415 1454 481 de
1517 382 1525 427 ³

181 525 323 610 quolibet
352 526 510 592 dictorum
539 526 704 593 laneorum
729 524 822 592 laneo
844 544 940 592 rnsrn
968 544 1110 593 meroem
1137 526 1291 611 regelont
1322 526 1448 595 videlieet

182 641 415 723 quinquaginta
448 657 504 705 sex
536 657 676 722 grossos,
709 637 802 706 nobis
836 644 869 706 et
903 657 1028 707 cornere
1064 643 1175 707 nostre
1208 639 1347 724 siugulis
1376 638 1444 705 suuis
1540 664 1546 675 ·

182 772 296 820 census
318 754 448 820 nornine
469 754 596 819 soluere
616 750 818 819 tenebuntur.
841 753 879 819 In
895 754 987 821 ouius
1002 753 1051 819 rei
1072 753 1296 821 testimouium
1309 756 1443 838 presens

181 869 305 933 litteras
326 866 396 933 fieri
420 871 453 932 et
474 867 590 950 sigillis
613 867 793 933 maiestatis
816 873 926 934 nostre
946 868 1102 934 iussimus
1125 867 1325 935 communiri
1354 867 1444 933 uun
1500 926 1503 931 .
1546 939 1549 946 ,

181 981 285 1063 Prage
299 998 356 1062 per
370 998 484 1045 monus
498 979 691 1046 venerabilis
707 979 728 1045 J
729 981 877 1063 ohannis,
899 979 1177 1063 wissegradensis
1195 981 1359 1065 prepositi,
1377 978 1443 1062 regui

182 1095 286 1160 nostri
308 1093 502 1175 cancellarii,
535 1094 691 1177 principis
715 1094 818 1161 nostri
839 1093 960 1175 dilecti,
983 1094 1094 1175 quinto
1124 1112 1227 1161 nones
1249 1094 1363 1161 Marcii
1384 1108 1445 1158 runo
1504 1164 1507 1169 ,
1532 1138 1535 1143 ·

184 1208 303 1272 domini
326 1208 497 1272 millesimo
519 1207 744 1276 trecentesimo
767 1207 920 1274 vicesimo
933 1209 1047 1291 primo,
1070 1225 1245 1291 regnorum
1258 1225 1335 1275 ruo
1351 1210 1447 1273 nostro
1529 1250 1533 1255 -

183 1339 254 1385 rurn
276 1339 361 1385 unno
384 1320 558 1387 undecimo.

289 1492 412 1546 Psmdtni
429 1492 515 1548 knihe
532 1493 621 1547 mdsts
637 1475 720 1548 Zetes
736 1507 786 1546 nr.
805 1496 873 1547 1383
891 1507 928 1546 ns
945 1491 1039 1547 lisrus
1057 1512 1075 1546 a
1092 1509 1127 1548 rs
1143 1492 1286 1577 urtpiseru:
1314 1490 1450 1559 „sunone

187 1605 235 1641 rer
254 1605 338 1658 super
355 1604 484 1643 mensure
501 1587 682 1643 hereditatum
706 1587 813 1643 oiuituti
837 1585 1051 1642 edissenum!
1071 1618 1106 1629 -
1123 1587 1227 1657 Emler,
1250 1587 1368 1660 Repente
1381 1584 1420 1641 nt
1432 1580 1449 1638 ἐ·
1528 1606 1533 1611 ·

188 1687 246 1737 669.
265 1714 298 1723 -
316 1683 496 1755 Sohlesinger,
514 1683 701 1740 Urknndbuoh
713 1682 763 1738 der
780 1681 818 1737 St.
836 1682 905 1737 Saos
924 1684 946 1737 d
965 1688 1007 1737 48.

734 1964 750 2001 *
775 1947 839 2030 ds.
865 1964 936 2028 116.

573 2137 672 2217 1321,
694 2136 716 2203 9
738 2137 889 2205 bienna.
918 2135 951 2206 V
973 2135 1105 2206 Prone

190 2294 272 2358 Krcid
294 2296 362 2360 Joo
383 2297 494 2376 operire
508 2296 670 2378 potereop'e
691 2296 868 2359 mdilaodm
890 2314 931 2359 m.
955 2291 1072 2370 Mostw,
1093 2295 1127 2359 le
1148 2292 1282 2379 tumet
1299 2292 1352 2361 tri
1370 2292 1416 2359 ssd
1429 2308 1453 2355 ss
1513 2316 1520 2339 =

188 2403 419 2473 vehemens
445 2407 592 2493 odby'uati
620 2409 760 2492 ositeri,
793 2405 892 2472 aodak
924 2406 1027 2492 ojiob
1048 2410 1146 2473 mdstd
1175 2430 1194 2473 o
1221 2407 1360 2490 Μ,
1382 2400 1453 2493 etot
1510 2416 1547 2435 '·

194 2520 261 2584 ide
281 2520 393 2586 rruohoo
421 2519 568 2606 uueikp
594 2523 647 2587 sod
667 2544 703 2587 oe
723 2524 896 2602 mdstdpro
917 2518 1015 2603 ΜΨ
1036 2518 1294 2603 deperdidisse
1314 2515 1454 2589 statum
1510 2562 1514 2567 -

292 2679 359 2745 Nos
374 2680 538 2746 dohannes
561 2681 614 2747 dei
633 2681 741 2763 gneus
756 2679 887 2745 Boemie
909 2685 943 2744 et
956 2679 1089 2747 Polonie
1103 2698 1170 2761 rer,
1191 2676 1458 2764 Lueembnrgfflsis
1516 2760 1521 2767 Ι

190 2812 295 2859 cennos
307 2795 511 2875 nrorohieque
529 2795 773 2861 Budissinensis
786 2794 943 2874 dominus,
955 2793 1213 2861 notumiaoimus
1224 2795 1393 2876 uniuersis,
1408 2798 1462 2858 tuu
1533 2850 1536 2855 .

193 2906 396 2988 presentibus
419 2926 513 2989 quarn
534 2907 662 2987 futuris,
693 2907 778 2989 quod
807 2926 845 2972 ex
867 2911 959 2988 perte
981 2907 1102 2972 ciuium
1127 2911 1312 2975 nostrorum
1341 2905 1463 2975 ciuitatis

191 3020 362 3085 Pontensis
384 3025 493 3085 nostre
508 3026 558 3085 est
573 3021 754 3101 expositum
775 3020 948 3100 maiestati,
972 2999 1057 3101 quod
1079 3024 1259 3103 stempore
1277 3021 1387 3105 primo,
1406 3033 1468 3085 rum

191 3133 302 3198 eedem
325 3134 442 3199 ciuitas
475 3131 538 3198 init
558 3134 672 3213 locuto,
704 3133 872 3197 consueuit
899 3130 970 3198 fieri
1002 3137 1034 3197 ot
1055 3130 1218 3200 fitiorum
1242 3135 1278 3201 iu
1300 3136 1372 3218 ipsu
1400 3131 1470 3200 ciui¹

191 3251 258 3310 tote
287 3246 429 3328 quolibet
463 3246 603 3311 secunda
636 3246 717 3311 ferio
751 3244 923 3311 cuiuslibet
958 3246 1147 3328 septimane,
1185 3251 1218 3313 et
1248 3247 1336 3331 quod
1371 3245 1472 3314 eedem

192 3360 333 3424 secunda
365 3359 446 3424 feria
482 3360 517 3424 in
547 3360 665 3441 oppido
689 3358 859 3439 domator,
897 3358 1040 3426 distento
1065 3379 1085 3426 s
1114 3360 1201 3428 dioto
1234 3361 1369 3429 ciuitate
1397 3360 1468 3426 Pou‘

194 3474 277 3537 tensi
314 3492 372 3554 per
405 3472 468 3538 duo
502 3473 651 3554 miliario,
688 3471 793 3537 forum
830 3472 1024 3539 celebratum
1058 3472 1123 3540 fuit
1157 3474 1328 3558 hueusque
1362 3480 1393 3542 et
1422 3469 1470 3538 ed·

194 3586 257 3651 huo
290 3586 468 3651 celebretur
502 3586 644 3669 quolibet
677 3585 778 3651 eciam
812 3588 1008 3668 septimenu3
1045 3605 1085 3651 er
1116 3605 1179 3670 quo
1212 3584 1259 3669 fit,
1297 3587 1382 3672 quod
1410 3600 1463 3669 prs

194 3698 315 3763 dietum
329 3699 443 3780 forunr,
468 3700 552 3782 quod
571 3699 641 3767 fieri
666 3700 834 3766 consueuit
856 3705 889 3765 et
909 3698 946 3765 fit
966 3702 1000 3766 in
1015 3699 1102 3767 dictu
1124 3700 1258 3767 ciuitate
1279 3700 1465 3768 nostroPou·

194 3813 288 3892 tensi,
309 3831 381 3878 curn
392 3818 522 3894 proptor
534 3815 733 3879 uicinitatem
745 3814 895 3895 locorum,
910 3819 980 3879 turn
994 3819 1126 3898 propter
1140 3814 1288 3881 eiusdem
1300 3829 1465 3883 eonoursun

194 3926 348 4006 temporis
372 3931 404 3990 et
425 3926 490 3991 diei
512 3927 604 4008 quasi
628 3927 669 3990 sd
692 3928 827 3992 nihilum
850 3929 1029 4009 deducitur,
1052 3928 1086 3994 in
1108 3927 1466 3997 detenuissemus

195 4037 408 4117 preiudioium
440 4056 504 4103 non
533 4038 693 4104 modicum
728 4044 759 4104 et
789 4040 922 4106 euidens
954 4041 1189 4107 detrimentum.
1234 4041 1373 4127 Propter
1402 4060 1458 4127 quo

196 4149 373 4232 supradicti
396 4151 483 4216 ciues
505 4151 608 4217 nostri
624 4153 888 4233 supplicauerunt
909 4152 1011 4234 nobis,
1035 4153 1173 4236 stipsis
1196 4157 1231 4220 et
1252 4154 1343 4223 dicte
1364 4156 1451 4224 eiuitr
