3098 5392
205 450 272 518 884
822 451 899 504 reso.

206 681 245 729 ac
269 661 389 745 juratis
427 658 568 727 scabinis
591 659 737 742 predicte
775 660 921 727 ciuitatis
949 663 984 728 in
1014 660 1158 728 Budveis
1189 659 1423 726 committimus
1451 675 1505 740 per

205 781 383 860 presentes,
407 781 565 859 qnatenus
589 794 699 842 omnes
721 781 754 841 et
773 777 919 860 singulos
944 776 1078 843 clericos
1101 773 1317 857 supradictos,
1343 770 1501 838 meletiam

207 910 246 958 ac
269 892 356 957 sevis
378 908 415 957 se
436 889 563 957 actibus
585 889 806 957 immiscentes
837 909 901 957 non
924 889 1175 974 congruentibus
1206 887 1314 955 ordini
1346 892 1381 953 et
1411 886 1506 953 statui

209 1006 362 1086 clericali,
386 1004 608 1089 cuiuscunque
631 1010 736 1071 status
760 1006 811 1071 vel
835 1004 1035 1073 condicionis
1057 1003 1189 1085 fuerint,
1213 1020 1294 1086 quos
1313 1006 1427 1068 tamen
1440 1018 1506 1085 pro

208 1117 309 1186 babili
330 1119 517 1186 testimonio
535 1117 726 1185 scandalosa
741 1119 897 1185 committi
912 1117 1113 1200 inveneritis,
1129 1117 1250 1200 absque
1263 1121 1376 1182 tanmn
1390 1115 1508 1183 lesione

209 1233 368 1317 corporali
400 1250 440 1299 ae
470 1229 647 1299 offensione
680 1232 818 1314 capiatis
844 1234 998 1315 ipsosque
1027 1232 1076 1298 sio
1105 1231 1251 1314 captivos
1281 1230 1374 1296 curie
1402 1233 1507 1296 nostre

209 1347 365 1431 Prugensi
389 1351 580 1431 presentare
602 1347 723 1412 curetis
751 1365 810 1429 pro
833 1345 1019 1412 excessibus
1050 1347 1194 1429 ipsorum
1225 1343 1336 1410 debita
1367 1342 1505 1410 animad-

209 1461 359 1528 versione
391 1458 582 1543 puniendos,
616 1477 714 1542 super
747 1459 865 1543 quibus
899 1465 1029 1526 servata
1060 1459 1165 1527 forma
1197 1457 1388 1541 supradicta
1421 1456 1504 1522 vobis

209 1576 338 1659 plenam
368 1579 480 1641 tenore
502 1573 705 1656 presencium
736 1572 942 1641 concedimus
968 1573 1164 1640 facultatem.
1210 1572 1370 1639 Volumus
1392 1575 1502 1649 umen,

210 1688 296 1772 quod
318 1704 418 1770 arma,
443 1688 471 1753 si
495 1705 558 1769 que
580 1686 667 1754 circa
689 1687 894 1772 presbyteros
919 1705 977 1753 seu
1000 1686 1135 1754 clericos
1150 1685 1317 1769 predictos
1333 1686 1385 1753 vel
1402 1704 1502 1752 eorum

210 1804 348 1871 alterum
371 1801 570 1883 repereritis,
594 1801 769 1867 correctori
792 1801 872 1868 oleri
895 1801 1035 1868 diocesis
1055 1806 1166 1867 nostre
1180 1801 1357 1884 Progensis
1381 1818 1502 1884 presen·

210 1917 289 1984 tetis
312 1935 350 1982 ac
372 1920 560 1999 presentare
582 1914 762 1997 procuretis
789 1934 862 1981 cum
883 1913 1009 1983 effectu.
1056 1915 1092 1981 ln
1114 1933 1252 1999 quorum
1274 1915 1419 1981 omnium
1440 1931 1502 1997 pre

210 2031 384 2096 missorum
406 2026 503 2094 fidem
526 2033 559 2093 et
580 2027 803 2094 testimoninm
825 2033 992 2110 presentes
1015 2028 1128 2095 literas
1151 2046 1210 2110 per
1231 2026 1425 2109 Jobannem,
1455 2047 1502 2093 no

210 2145 329 2210 tarium
352 2141 517 2226 publicum
544 2141 798 2224 infrascriptum,
815 2141 913 2207 scribi
929 2147 962 2207 et
976 2142 1135 2225 publicari
1157 2141 1383 2208 mandavimus
1405 2142 1501 2224 signo

211 2276 273 2339 que
296 2262 329 2321 et
351 2255 482 2323 nomine
508 2256 579 2337 eJus
602 2255 708 2321 solitis
732 2272 797 2321 una
820 2273 892 2321 cum
915 2256 1114 2338 appensione
1130 2255 1313 2338 sigillorum
1329 2261 1501 2323 nostrorum

207 2370 366 2455 jussimus
391 2369 592 2436 communiri.
638 2369 759 2436 Datum
781 2374 814 2434 st
835 2374 944 2436 actum
966 2369 1071 2452 Prage
1100 2369 1135 2434 in
1158 2368 1249 2435 curia
1271 2374 1386 2436 nostra
1407 2367 1501 2436 archi·

212 2484 389 2568 episcopali
401 2483 559 2565 Pragensi
570 2482 735 2551 antedicta
747 2502 831 2550 anno
843 2483 967 2550 domini
979 2479 1319 2565 MOGCLXXXXVP,
1334 2482 1502 2550 indictione

214 2603 341 2681 quarta,
358 2597 412 2663 die
426 2597 519 2663 XXII
533 2598 655 2663 mensis
671 2597 880 2680 Septembris,
896 2599 976 2664 bora
997 2597 1173 2665 tereiarnm
1195 2597 1246 2663 vel
1263 2599 1370 2680 quasi,
1385 2593 1502 2681 pontifi·

215 2716 306 2778 catus
330 2712 529 2777 sanctissimi
551 2711 586 2777 in
610 2708 740 2778 Christo
762 2712 864 2794 patris
881 2717 914 2778 et
929 2711 1062 2794 domini,
1085 2711 1207 2778 domini
1222 2709 1388 2778 Bouliscii
1403 2710 1503 2776 divim

213 2823 423 2908 providencia
451 2842 535 2906 pape
557 2826 634 2890 noni
665 2843 749 2889 anno
773 2826 920 2907 septimo,
952 2825 1157 2908 presentibus
1180 2825 1332 2892 discretis
1356 2826 1437 2891 viris
1457 2824 1502 2889 do

212 2939 310 3006 minis
334 2938 472 3019 Andrea,
504 2938 642 3021 plebano
665 2939 803 3006 ecclesie
832 2941 867 3004 in
889 2940 1059 3021 Pilgrems‚
1089 2939 1260 3006 Dominico
1290 2938 1333 3005 de
1359 2938 1502 3013 Budveis,

214 3053 342 3120 notario
365 3051 505 3134 publico,
536 3050 662 3117 Joanne
686 3052 726 3117 de
749 3052 864 3134 Praga,
890 3052 1045 3119 familiari
1067 3051 1185 3135 prefati
1208 3051 1332 3118 domini
1355 3050 1502 3133 archiepi-

214 3167 303 3249 scopi
326 3166 502 3248 Pragensis
527 3165 674 3246 ecclesie,
696 3165 835 3231 testibus
858 3164 1044 3247 fidedignis.

318 3379 390 3450 Kop.
408 3397 425 3434 s
444 3378 566 3449 pobdtlru
584 3379 649 3433 XIX
668 3381 763 3434 stolati
780 3379 893 3434 archivu
907 3381 1068 3437 mestslrtbo
1081 3395 1178 3436 musea
1195 3396 1213 3433 v
1224 3378 1422 3451 Budeorioicb
1440 3396 1501 3450 spo·

212 3477 366 3548 snamlrouJ
395 3477 454 3543 ,Ex
482 3476 654 3546 autographo
683 3478 885 3532 membranaico
913 3478 1016 3533 archivi
1043 3478 1135 3533 curiae
1159 3477 1369 3533 Budvicensis.“
1407 3477 1503 3532 laistim

213 3579 272 3628 tato
297 3573 362 3642 byla
386 3573 489 3643 spisem
515 3573 684 3642 notaislcym,
707 3572 759 3642 jak
778 3573 916 3642 dekazuje
934 3580 992 3628 tate
1007 3574 1059 3642 jeji
1077 3573 1214 3628 doloika:
1230 3573 1283 3639 „Et
1301 3589 1353 3644 ego
1371 3573 1503 3629 lebannes

214 3670 339 3725 Frenlini
352 3669 387 3723 de
399 3670 489 3737 Duba,
507 3669 656 3738 Prageusis
669 3669 789 3725 diocesis
799 3670 933 3740 imperiali
953 3669 1117 3726 auctoritate
1135 3669 1270 3736 notarium,
1288 3669 1433 3741 premissis
1451 3685 1502 3740 pro·

214 3765 395 3833 nnnciacioni,
421 3764 609 3821 commissioni
633 3765 816 3835 omnibusque
834 3766 896 3821 aliis
915 3773 944 3820 et
961 3767 1077 3837 singulis
1102 3767 1308 3837 suprascriptis,
1328 3767 1394 3822 dum
1412 3768 1458 3835 sic,
1480 3771 1503 3819 ot

215 3862 392 3932 premittitur,
409 3861 509 3916 tierent
527 3870 555 3916 et
573 3869 731 3930 agerentur,
750 3879 807 3918 una
824 3879 884 3916 cum
898 3864 1099 3933 prenominatis
1112 3879 1229 3934 presens
1241 3862 1282 3918 ini
1294 3864 1415 3921 testibus
1427 3876 1502 3932 esque

216 3959 308 4014 omnia
326 3966 353 4012 et
372 3958 481 4028 singula
500 3958 540 4013 sic
558 3957 618 4014 fieri
637 3959 693 4013 vidi
713 3967 918 4030 occupatusque
937 3978 988 4031 per
1004 3961 1086 4016 alium
1105 3960 1243 4016 notarium
1257 3961 1342 4017 scribi
1363 3959 1502 4033 procurari,

215 4055 259 4109 hic
276 4071 319 4110 me
337 4071 421 4109 manu
439 4055 553 4125 propria
573 4054 726 4126 subscripsi
749 4063 777 4111 et
794 4056 823 4110 in
841 4056 912 4111 banc
930 4057 1067 4127 publicam
1086 4057 1200 4113 formam
1225 4056 1261 4112 de
1279 4058 1412 4114 mandato
1431 4070 1501 4127 snpra

215 4151 281 4206 dicti
304 4150 530 4206 reuerendissimi
547 4151 577 4206 iu
596 4151 706 4207 Christo
732 4152 828 4223 patris,
847 4153 950 4208 domini
968 4153 1120 4224 Wolframi,
1138 4153 1342 4225 archiepiscopi
1359 4152 1501 4225 pragensis,

215 4247 311 4317 redegi
336 4247 471 4316 signoque
490 4255 518 4301 et
535 4247 646 4302 nomine
665 4248 734 4303 meis
753 4249 843 4305 solitis
869 4258 897 4305 et
920 4251 1061 4305 consuetis
1079 4265 1136 4305 una
1158 4265 1220 4305 cum
1244 4251 1417 4321 appensione
1440 4246 1499 4317 sigi·

215 4345 304 4399 lorum
323 4343 427 4398 domini
447 4343 648 4416 archiepiscopi
667 4345 818 4416 supradicti
836 4346 1004 4415 consignavi,
1032 4351 1146 4414 rogatus
1165 4352 1194 4401 et
1210 4346 1363 4415 requisitus
1381 4350 1410 4401 in
1431 4344 1497 4399 fidem

218 4447 245 4493 et
264 4439 452 4493 testimoninm
476 4440 596 4494 omnium
616 4441 837 4510 premissorum.“
