3098 5392
705 435 780 486 raca.
1294 432 1359 499 985

57 640 114 705 list
136 645 199 708 otce
221 641 314 709 suedo
336 641 445 709 Karta
467 641 526 720 IV,
548 645 582 708 de
603 642 726 726 amnuit
744 641 856 728 placiti
876 640 941 708 nice
955 641 1044 709 barat
1057 641 1116 707 ani
1128 640 1242 728 jtapct
1258 637 1367 726 plattt'

506 755 588 824 aaut
608 755 748 823 mssdaaa‘
770 754 912 824 mantra.

165 950 376 1016 Wenceslaus
410 948 464 1014 dei
498 951 610 1032 gracia
640 949 858 1017 Romanorum
891 967 948 1015 rex
983 967 1110 1031 semper
1139 952 1297 1032 augustus
1328 952 1362 1014 et

61 1064 197 1129 Boemie
222 1083 287 1130 rex.
313 1065 415 1145 Quod,
439 1082 512 1131 cum
534 1065 761 1132 serenissimus
785 1065 946 1147 princeps,
970 1062 1132 1147 quondam
1155 1063 1305 1130 dominus
1329 1067 1362 1128 et

60 1179 190 1260 genitor
213 1183 323 1244 noster
346 1178 544 1256 carissimus,
578 1177 728 1244 dominus
758 1177 908 1259 Karolus,
938 1176 1156 1244 Romanorum
1186 1178 1361 1260 imperator

61 1309 190 1372 semper
213 1296 371 1373 augustus
396 1296 429 1357 et
447 1290 581 1358 Boemie
604 1310 670 1372 rex,
693 1291 850 1374 magistro
874 1291 1004 1372 ciuium,
1028 1291 1215 1358 consulibus
1244 1291 1360 1357 iuratis

60 1410 95 1469 et
118 1405 306 1470 comunitati
330 1404 474 1471 ciuitatis
496 1405 661 1486 Zacensis,
691 1402 841 1470 fidelibus
864 1404 984 1470 nostris
1008 1403 1147 1488 dilectis,
1178 1410 1211 1472 et
1232 1423 1360 1473 succes·

61 1518 191 1584 soribus
221 1538 333 1584 eorum
356 1538 395 1585 ex
425 1521 522 1586 certis
554 1524 587 1586 et
616 1518 869 1587 racionabilibus
904 1521 1011 1585 causis
1041 1520 1124 1586 hanc
1154 1519 1284 1585 duxerit
1313 1518 1358 1584 f-

61 1631 211 1696 ciendam
234 1632 377 1713 graciam
399 1633 583 1715 specialem,
616 1638 650 1698 vt
673 1633 737 1716 ipsi
759 1652 818 1716 pro
841 1633 988 1715 lonungis
1010 1637 1043 1699 et
1066 1632 1361 1700 contribucionibus

60 1764 101 1810 ac
123 1746 198 1811 aliis
214 1746 415 1812 solucionum
438 1746 601 1828 oneribus,
623 1747 907 1829 quocienscunque
930 1746 1130 1827 emerserint,
1146 1746 1187 1812 ad
1203 1765 1361 1812 cameram

62 1864 207 1924 nostram
231 1865 365 1939 tantum,
399 1845 554 1941 quantum
585 1860 674 1927 ciues
698 1860 844 1926 ciuitatis
867 1860 1027 1925 Lunensis
1060 1864 1093 1925 et
1123 1879 1186 1926 non
1221 1861 1360 1942 amplius

62 1973 143 2037 dare
166 1978 199 2038 et
222 1974 348 2038 soluere
378 1979 558 2054 teneantur,
590 1979 686 2056 prout
715 1975 776 2040 hoc
799 1973 832 2041 in
856 1975 974 2040 litteris
1006 1973 1152 2040 eiusdem
1183 1973 1306 2040 domini
1329 1979 1361 2040 et

62 2087 223 2168 genitoris
247 2087 349 2151 nostri
373 2088 502 2169 plenius
534 2089 733 2155 continetur:
771 2108 829 2154 nos
863 2089 993 2170 vestigii
1027 2088 1174 2160 eiusdem
1203 2089 1362 2171 genitoris

64 2201 170 2266 nostri
200 2201 395 2282 inherentes,
418 2202 660 2269 considerantes
681 2202 784 2269 eciam
813 2203 1031 2284 predictorum
1061 2203 1211 2284 magistri
1241 2202 1362 2268 ciuium

62 2320 98 2380 et
121 2315 289 2381 consulum
312 2316 493 2383 iuratorum
514 2322 547 2382 et
570 2317 777 2383 comunitatis
801 2316 945 2383 ciuitatis
960 2316 1116 2382 Zacensis
1139 2321 1362 2399 paupertatem

62 2435 98 2493 et
120 2427 278 2507 delectus,
298 2427 340 2492 ad
363 2447 443 2509 quos
473 2428 637 2495 modernis
667 2429 867 2511 temporibus
897 2448 937 2495 err
966 2444 1161 2512 gwerrarum
1191 2427 1362 2495 disturbiis

63 2541 276 2622 deuenerunt,
311 2542 399 2623 ipsos
430 2547 464 2607 et
494 2561 697 2609 successores
730 2562 840 2610 eorum
872 2545 957 2610 circa
987 2544 1129 2627 graciam
1152 2543 1200 2609 eis
1233 2544 1291 2624 sic,
1326 2547 1364 2607 ut

63 2654 274 2735 premittitur,
289 2654 408 2722 lactum
418 2654 571 2739 'volumus
587 2656 766 2738 graciosius
790 2675 992 2738 conseruare,
1005 2661 1251 2737 -statuentes,
1276 2655 1361 2738 quod

63 2769 155 2834 ciues
178 2772 210 2834 et
232 2768 336 2834 incole
358 2768 504 2834 ciuitatis
526 2769 680 2834 Zacensis
707 2770 860 2851 'predicte
882 2789 941 2853 pro
963 2771 1121 2854 lozungis,
1145 2768 1363 2836 contribucio-

63 2882 161 2947 nibus
191 2887 224 2947 et
252 2883 328 2948 aliis
361 2882 563 2949 solucionum
597 2882 758 2964 oneribus,
792 2884 1074 2968 quocienscunque
1107 2883 1298 2950 emerserint
1330 2885 1364 2947 et

64 2996 217 3077 imposita
240 2995 370 3077 luerint,
393 3001 528 3077 tantum,
561 3001 717 3079 quantum
740 2997 829 3064 ciues
859 2998 1005 3064 ciuitatis
1028 2997 1190 3064 Lunensis
1214 2995 1360 3080 predicte

65 3115 100 3173 at
127 3128 191 3174 non
218 3111 357 3192 amplius
382 3111 509 3175 soluere
532 3111 599 3176 sint
619 3111 755 3176 astricti.
788 3110 981 3176 Mandamus
1002 3111 1102 3193 igitur
1124 3110 1363 3184 subcamerario

65 3221 249 3304 ceterisque
280 3222 473 3289 officialibus
505 3223 598 3305 regni
629 3223 731 3288 nostri
762 3223 904 3305 Boemie,
935 3224 1141 3306 presentibus
1171 3229 1205 3290 et
1233 3223 1362 3303 futuris,

64 3335 202 3401 firmiter
224 3340 257 3401 et
279 3336 436 3417 districte,
468 3340 627 3417 quatenus
651 3354 671 3400 a
693 3337 848 3418 predictis
881 3337 1024 3403 ciuibus.
1041 3338 1186 3403 ciuitatis
1207 3338 1362 3404 Zacensis

65 3449 169 3514 nichil
193 3450 342 3532 amplius,
365 3468 461 3533 quarn
483 3468 504 3514 a
525 3449 652 3516 ciuibus
683 3449 828 3516 ciuitatis
851 3449 1014 3515 Lunensis
1038 3450 1170 3532 exigant
1192 3451 1364 3533 quomodo-

66 3562 149 3629 libet
183 3563 235 3630 uel
266 3565 451 3646 requirant,
485 3582 581 3646 quam
614 3563 727 3646 pocius
762 3564 851 3646 ipsos
882 3564 915 3628 in
947 3563 1112 3630 solucione
1145 3565 1364 3647 lozungarum,

65 3676 346 3743 contributionum
376 3682 409 3743 et
430 3676 568 3742 aliorum
598 3676 800 3743 solucionum
829 3696 1093 3759 quarumcunque
1123 3677 1210 3745 circa
1230 3679 1364 3746 modum

66 3808 258 3872 expressum
292 3791 443 3873 superius
476 3790 666 3873 permittant
699 3789 932 3857 inuiolabiliter
961 3808 1158 3873 permanere,
1188 3797 1285 3874 prout
1315 3793 1364 3859 in·

64 3904 293 3986 dignacionem
314 3909 459 3971 nostram
481 3904 709 3987 grauissimam
740 3905 901 3971 voluerint
923 3905 1030 3970 arcius
1054 3906 1189 3973 euitare.
1227 3906 1364 3973 Prosen-

66 4019 155 4083 cium
179 4017 240 4084 sub
262 4018 352 4100 regie
376 4022 486 4084 nostre
500 4017 681 4083 maiestatis
697 4016 806 4099 sigillo
822 4018 1007 4084 testimonio
1029 4017 1220 4083 litterarum.
1243 4020 1365 4084 Datum

64 4131 146 4197 Sacz
168 4150 253 4197 anno
277 4131 399 4198 domini
422 4130 595 4196 millesimo
618 4130 937 4212 quadringentesimo
962 4136 1088 4214 quarto,
1111 4131 1165 4197 die
1187 4132 1365 4213 penultima

68 4245 205 4328 Aprilis,
228 4262 402 4328 regnorum
430 4249 613 4309 nostrorum
635 4262 719 4310 anno
741 4244 875 4310 Boemie
897 4244 1143 4328 quadragesimo
1166 4245 1280 4329 primo,
1300 4247 1365 4313 Ro·

63 4378 234 4425 manorum
258 4378 333 4427 vero
358 4359 514 4425 vicesimo
538 4364 660 4424 octauo.

167 4550 297 4615 Pamdtnl
320 4548 407 4602 kniha
430 4565 465 4601 m.
486 4532 571 4601 Zatca
595 4567 609 4601 z
628 4564 649 4601 r.
671 4552 735 4601 1883
761 4564 799 4601 na
816 4547 833 4601 l.
852 4553 913 4600 230
937 4563 972 4603 aa
995 4547 1137 4618 ndpisem:
1166 4548 1364 4613 ,wenceslaus

62 4664 112 4702 rex
130 4644 282 4703 confirmat
306 4640 425 4698 litteram
450 4659 500 4713 par
519 4642 659 4697 dominum
677 4641 872 4712 imperatorem
896 4642 1000 4698 ciuitati
1024 4642 1142 4699 Zacensi
1165 4643 1257 4700 datmn
1288 4644 1364 4715 quod
