3098 5392
749 462 822 514 reae.
1357 463 1421 529 245

154 663 295 733 cbedoata‘.
341 671 487 734 Konedot
505 668 616 745 alstidi,
645 691 772 737 ccamwc
792 669 863 736 oble
883 668 1003 734 bHoic
1024 670 1130 734 Kaine
1156 692 1177 734 a
1199 670 1238 734 do
1261 668 1333 735 loct
1353 676 1421 736 tam

149 780 338 866 poetcempicb,
370 780 538 891 moboo‘se
559 781 630 848 deci
654 782 812 866 ncjbretis‘
831 788 950 865 castum
984 780 1084 848 assae
1112 784 1193 866 maji
1213 804 1246 848 se
1267 784 1420 859 caroccii,

497 896 558 978 cbp
580 918 624 962 na
648 898 736 962 oscec'
755 896 855 963 abedoc
875 896 1059 978 ocpbsoba'le'.

229 1122 293 1189 Nos
314 1122 480 1189 lohannes
510 1123 564 1189 dei
590 1125 700 1207 gracia
722 1124 856 1191 Boemie
879 1130 911 1190 et
933 1125 1066 1191 Polonie
1087 1142 1143 1190 rex
1166 1143 1204 1189 ac
1226 1124 1420 1190 Lucembur-

152 1237 235 1313 gensis
263 1255 379 1320 comes,
410 1236 453 1303 ad
481 1239 706 1304 vniuersorum
736 1240 889 1305 noticiam
914 1243 1026 1304 tenore
1048 1238 1251 1319 presencium
1274 1239 1422 1319 cupimus

152 1351 300 1431 pervenire,
336 1351 422 1433 quod
456 1351 585 1418 dilectis
619 1352 711 1418 nobis
746 1353 907 1418 vniuersis
942 1351 1140 1418 carbonariis
1175 1351 1215 1415 ad
1248 1350 1421 1417 (lutthnam

154 1464 344 1540 spectantibus
367 1464 451 1530 hanc
473 1466 623 1531 duximus
655 1468 796 1548 graciam
827 1466 1004 1532 liberaliter
1033 1465 1223 1544 faciendam,
1252 1465 1339 1546 quod
1366 1484 1421 1530 eos

154 1570 176 1634 in
194 1576 328 1642 omnibus
351 1578 414 1643 sibi
437 1597 477 1644 ex
500 1581 709 1646 concessione
731 1585 764 1644 et
785 1580 961 1646 donacione
981 1579 1141 1663 quondam
1155 1575 1318 1660 magnifici
1333 1579 1422 1659 prin-

155 1685 222 1768 cipis,
241 1689 361 1755 domini
374 1689 567 1772 Wenceslai,
589 1692 678 1774 regis
689 1691 831 1772 Boemie,
853 1691 1094 1758 racionabiliter
1112 1690 1334 1772 expetentibus
1350 1709 1422 1773 gra·

155 1798 217 1866 close
235 1802 383 1868 duximus
406 1804 662 1883 conseruandos3
694 1804 854 1886 videlicet,
879 1805 964 1886 quod
986 1805 1176 1888 vbicumque
1199 1805 1316 1869 siluam
1337 1822 1424 1870 eme

155 1909 207 1992 rint,
224 1922 503 2002 quantumcunque
524 1919 623 1984 alicui
646 1918 816 1983 ciuitatum
839 1918 890 1983 vel
913 1918 1081 2000 opidorum
1103 1917 1195 2000 regni
1217 1918 1320 1983 nostri
1340 1918 1422 1983 Boe·

155 2024 198 2089 nie
215 2028 358 2110 vicinam,
381 2030 464 2112 ipsis
487 2031 528 2097 de
549 2031 735 2097 huiusmodi
758 2032 892 2097 ciuitate
914 2032 966 2097 uel
990 2031 1085 2114 opido
1108 2048 1146 2096 ac
1171 2030 1303 2096 aliunde
1323 2029 1421 2095 vnde·

156 2150 249 2221 cunque
281 2158 495 2222 expensarum
528 2144 715 2209 necessaria
749 2144 820 2209 sine
854 2142 1074 2225 prohibicione
1109 2143 1253 2225 qualibet
1284 2143 1422 2209 debeant

154 2260 193 2324 pro
210 2271 263 2319 suo
285 2255 394 2336 precio
417 2256 607 2322 ministrari.
630 2255 794 2337 Veientes,
816 2255 901 2339 quod
924 2256 1032 2322 nullus
1046 2257 1282 2339 regnicolarum
1296 2262 1421 2323 nostro·

150 2371 209 2444 mm,
238 2368 293 2449 qui
323 2367 405 2449 ipsis
436 2367 634 2434 carbonariis
665 2368 782 2433 siluam
812 2369 950 2434 vendere
980 2368 1138 2450 habuerit,
1172 2387 1243 2436 eam
1266 2369 1325 2436 sub
1347 2370 1422 2436 aliis

149 2477 312 2546 ondcione
334 2486 367 2546 et
389 2481 525 2547 termino
549 2480 676 2562 vendat,
711 2483 777 2547 nisi
807 2481 892 2562 quod
918 2481 958 2548 de
981 2481 1171 2548 carbonibus
1195 2483 1336 2549 venditis
1359 2482 1423 2548 sibi

141 2591 275 2673 precium,
306 2610 365 2674 pro
396 2611 459 2674 quo
491 2594 575 2660 silua
604 2593 790 2660 huiusmodi
813 2593 973 2675 venditur,
999 2596 1203 2676 persoluetur
1225 2601 1259 2689 et
1279 2596 1423 2678 persolui

140 2693 240 2771 debeat
261 2707 456 2773 successiue.
487 2706 575 2772 Talis
598 2708 701 2773 eciam
724 2707 807 2773 silue
830 2707 979 2773 uenditor
1002 2707 1234 2789 carbonarium,
1259 2709 1315 2792 qui
1337 2710 1422 2774 eius-

137 2808 201 2881 dem
221 2820 303 2884 silue
325 2823 428 2884 emtor
450 2821 610 2899 extiterat,
633 2820 663 2885 si
687 2839 815 2886 currum
838 2821 942 2902 ipsius
965 2839 1038 2886 cum
1060 2820 1251 2887 carbonibus
1267 2820 1422 2904 perbona

138 2920 228 3007 ipsius
251 2932 429 2997 venditoris
452 2933 592 2997 transire
616 2932 789 3014 contingat,
813 2950 870 3014 pro
887 2931 995 2999 debito
1019 2951 1076 2998 suo
1100 2939 1261 2999 arrestare
1283 2940 1423 3015 nequeat

139 3036 170 3104 in
188 3045 289 3124 precio
312 3046 471 3126 ampliori,
494 3064 590 3129 quam
613 3045 766 3112 carbones
787 3046 928 3112 iacentes
945 3047 978 3111 in
994 3065 1092 3112 curru
1107 3047 1290 3111 huiusmodi
1314 3047 1423 3111 ualere

140 3154 282 3222 ridentur.
329 3157 473 3239 Quilibet
502 3160 635 3241 insuper
666 3159 872 3225 carbonarius
900 3165 1074 3241 emptorem
1098 3159 1270 3225 carbonum
1292 3179 1423 3224 suorum

144 3281 189 3344 pro
208 3272 323 3353 debito,
347 3273 380 3336 in
405 3292 466 3355 quo
491 3271 553 3338 sibi
577 3273 707 3338 racione
731 3273 903 3339 carbonum
925 3274 1108 3338 huiusmodi
1133 3273 1302 3354 obligatur,
1334 3273 1424 3338 licite

148 3379 199 3447 sine
216 3385 325 3466 judice
348 3404 386 3450 ac
405 3384 526 3467 judicis
558 3387 675 3451 nuncio
699 3386 732 3450 in
756 3387 843 3451 omni
865 3386 934 3451 luco
957 3385 1186 3467 inpingnorare
1216 3385 1344 3468 poterit,
1376 3386 1422 3449 vi·

149 3494 200 3561 cino
228 3519 284 3566 suo
315 3500 378 3565 sibi
410 3498 553 3581 quolibet
575 3500 849 3581 inpignoracionis
872 3506 1015 3581 tempore
1038 3500 1182 3565 adhibito
1206 3504 1238 3564 et
1260 3499 1421 3564 adiuncto,

150 3601 226 3676 Nemo
248 3619 395 3695 preterea
417 3614 552 3696 prefatis
572 3612 769 3679 carbonariis
793 3632 850 3678 sen
875 3632 985 3678 eorum
1001 3614 1142 3695 cuipiam
1157 3632 1251 3678 suum
1267 3613 1422 3692 debitum,

151 3715 173 3781 in
187 3742 243 3806 quo
274 3726 337 3791 sibi
368 3727 441 3808 quis
471 3746 529 3808 pro
563 3728 680 3810 emptis
715 3726 905 3792 carbonibus
939 3727 1109 3809 obligatur,
1144 3747 1202 3793 suo
1236 3727 1422 3791 abstrahere

152 3833 231 3901 valeat
252 3840 441 3918 iuramento,
465 3859 522 3921 per
545 3842 639 3906 cuius
662 3840 897 3922 prestacionem
920 3840 1020 3904 debiti
1043 3841 1132 3921 ipsos
1149 3840 1353 3906 carbonarios
1369 3839 1421 3905 uel

150 3958 234 4016 tenum
267 3953 443 4035 quemlibet
474 3953 659 4019 huiusmodi
693 3953 835 4019 debitum
870 3954 1015 4018 volumus
1045 3954 1157 4035 pocius
1189 3952 1340 4020 obtinere.
1386 3951 1421 4018 si

149 4064 200 4135 puis
226 4067 454 4133 nichilominus
484 4066 669 4131 huiusmodi
693 4066 951 4133 carbonariorum
986 4068 1186 4132 consorcium
1215 4066 1337 4130 intrare
1366 4084 1420 4130 vo-

147 4167 228 4259 luerit,
257 4182 334 4263 Jnra
363 4199 474 4246 eorum
505 4197 579 4245 cum
601 4180 683 4262 ipsis
706 4179 879 4246 obseruare
901 4180 1076 4261 promittat,
1111 4182 1158 4245 ita
1188 4185 1310 4258 tamen,
1335 4178 1421 4262 quod

143 4283 188 4369 ipsi
210 4295 353 4360 sniuersi
377 4299 410 4359 et
433 4296 554 4378 singuli
588 4296 839 4377 conspiratorias
868 4296 1074 4376 colligancias
1105 4299 1137 4359 et
1166 4295 1302 4359 iniurias
1332 4299 1420 4358 tene-

139 4411 217 4472 entur
239 4408 392 4474 striccius
414 4409 546 4473 euitare.
593 4408 710 4472 Nullus
743 4409 844 4474 eciam
868 4409 1008 4490 aliquem
1038 4427 1076 4473 ex
1106 4408 1279 4490 sepedictis
1312 4404 1420 4472 carbo-

132 4521 221 4588 nariis
252 4540 311 4605 pro
342 4521 537 4587 victualibus
568 4537 627 4586 seu
657 4522 831 4587 esculentis
861 4522 913 4586 uel
943 4520 1118 4604 petulentia
1148 4522 1181 4587 in
1212 4521 1345 4586 ciuitate
1367 4520 1420 4585 uel

129 4634 216 4719 opido
239 4635 379 4719 predicti
402 4635 493 4716 regni
518 4635 619 4701 nostri
653 4635 787 4717 impetat
817 4635 868 4700 uel
899 4639 1027 4714 arestet,
1059 4653 1118 4701 nec
1148 4635 1211 4700 sibi
1239 4635 1300 4700 hoc
1328 4632 1420 4699 liceri
