3098 5392
659 109 734 160 ¹⁸⁰1·
1293 111 1355 177 137

93 315 243 382 eommdem
264 319 465 398 reuocantes,
489 315 664 397 irritantes,
688 333 797 383 carere
819 314 943 382 viribus
959 313 1156 383 diffinientes
1179 321 1212 384 et
1233 336 1358 386 exnunc

92 434 242 495 iuuaret
275 429 386 495 irritas
420 430 685 519 pronunciantes
706 448 816 497 omnes
831 477 833 480 ψ
846 436 879 496 et
908 429 1052 512 singulas
1087 431 1294 499 vendiciones
1325 440 1358 500 et

90 558 277 626 quascumque
299 544 516 611 alienationes
539 562 577 609 ac
599 560 873 627 quarumcumque
895 543 1089 610 seruitutum
1105 545 1356 614 constituciones

88 672 126 735 per
144 657 226 738 ipsos
250 659 304 723 uel
327 658 468 742 aliquem
490 674 602 725 eorum
624 663 699 741 post
720 661 856 724 mortem
876 656 982 723 felicis
1002 658 1239 725 recordacionis
1255 662 1357 742 patris

87 770 163 834 notri
179 770 302 836 domini
326 771 485 851 Ottalnari,
514 771 602 854 regis
633 772 797 852 Bohemie,
828 771 973 837 ciuitatis
1004 789 1061 836 seu
1084 772 1264 854 ciuitatum,
1297 774 1358 838 vil-

87 881 163 949 larum
184 889 217 950 et
238 903 511 969 quorumcumque
533 886 671 952 aliorum
692 885 857 967 bonorum,
888 902 950 968 que
979 885 1202 966 pertinuerant
1223 886 1265 951 ad
1287 906 1357 953 eos·

87 995 145 1079 den,
165 997 267 1063 iactas
291 998 480 1082 cuicumque
503 1000 557 1065 uel
579 1000 683 1066 eciam
703 999 959 1082 quibuscumque
974 998 1045 1064 sine
1059 1005 1169 1065 nostro
1185 1005 1219 1066 et
1233 1019 1358 1067 eorum·

89 1109 140 1175 dem
169 1112 371 1195 singulorum
404 1131 562 1180 consensu
598 1114 703 1180 modis
735 1114 890 1197 predictis
913 1131 1075 1196 expresso,
1109 1118 1142 1178 et
1174 1114 1359 1197 specialiter

87 1221 228 1292 lereclow
257 1226 358 1310 opidi,
387 1227 472 1310 quod
501 1227 587 1310 apud
618 1227 771 1294 dilectum
803 1227 931 1294 fidelem
952 1231 1098 1294 nostrum
1119 1225 1296 1293 Henricnm
1318 1228 1364 1294 de·

87 1334 252 1421 asenberc,
288 1359 373 1406 nunc
406 1342 617 1407 camerarium
648 1342 802 1408 Bohemie
834 1342 926 1424 regni
960 1342 1073 1421 nostri,
1108 1342 1177 1406 suis
1210 1341 1358 1424 pecuniis

88 1451 200 1517 uenditis
230 1472 290 1535 pro
320 1453 444 1520 eisdem
473 1454 549 1520 aliis
576 1455 646 1521 suis
668 1455 761 1522 bonis
792 1460 968 1522 noscuntur
1001 1455 1128 1520 emisse.
1173 1454 1357 1520 Statuentes

88 1563 173 1646 uiam,
195 1567 224 1632 si
248 1567 421 1649 quisquam
442 1568 608 1651 nobilium,
636 1568 855 1650 wladiconum,
886 1569 1007 1636 ciuium
1037 1567 1255 1651 predictarum
1277 1567 1358 1633 ciui·

88 1679 164 1743 tatum
185 1685 369 1746 nostrarum
391 1700 449 1746 seu
464 1682 601 1748 aliarum
624 1687 657 1747 et
679 1682 781 1749 eciam
796 1683 990 1766 quicumque
1011 1682 1096 1748 alius
1118 1681 1205 1763 apud
1228 1679 1358 1746 eosdem

88 1795 268 1874 prepositum,
299 1793 426 1876 naues,
454 1814 666 1877 successores,
697 1795 844 1862 homines
875 1794 1060 1862 eorumdem
1090 1796 1141 1861 uel
1169 1793 1358 1876 magistram

89 1905 237 1982 predictam
260 1911 347 1973 emat
368 1907 490 1991 aliquid
513 1907 667 1975 debonis
690 1909 845 1992 predictis
875 1907 975 1975 libere
998 1926 1056 1974 seu
1078 1909 1149 1973 iure
1170 1906 1357 1973 theutonico

89 2017 124 2081 nel
140 2019 241 2102 ipsum
263 2022 316 2087 ius
338 2022 561 2089 theutunicum
584 2023 618 2088 in
640 2023 762 2090 eisdem
791 2028 952 2106 permutet
973 2023 1024 2089 uel
1047 2022 1088 2087 ad
1112 2041 1174 2088 non
1197 2021 1357 2087 modicum

90 2135 188 2214 tenpus
210 2135 370 2202 conducat
391 2154 450 2201 seu
471 2155 530 2219 per
551 2155 770 2221 quoscumque
791 2136 902 2204 modos
925 2138 1072 2221 acquirat
1102 2136 1172 2202 sine
1200 2135 1303 2218 reguli
1326 2139 1359 2200 et

90 2244 164 2311 eciam
192 2249 377 2314 eorumdem
401 2267 559 2316 consensu
582 2268 735 2334 expresso
756 2252 851 2317 modo
873 2250 1028 2334 predicto,
1051 2250 1229 2333 pecuniam,
1263 2268 1357 2333 quarn

91 2371 129 2434 pro
147 2359 323 2428 hereditate
344 2362 479 2443 dederit,
511 2364 582 2430 siue
607 2364 702 2431 bonis
725 2370 758 2430 et
779 2366 901 2448 predio,
934 2385 991 2448 pro
1022 2383 1085 2448 quo
1114 2364 1356 2447 permutauerit,

92 2480 171 2538 areat
190 2481 223 2540 et
245 2476 349 2541 eciam
360 2476 540 2543 hereditate
563 2478 634 2544 siue
655 2478 758 2560 bonis,
781 2497 839 2561 pro
863 2496 927 2559 qua
942 2496 1000 2543 seu
1014 2478 1131 2562 quibus
1145 2477 1358 2543 hereditatem

94 2583 128 2647 uel
153 2589 318 2668 pecuniam
351 2608 443 2656 suam
472 2590 571 2672 dedit,
602 2611 660 2657 seu
689 2592 731 2656 ad
760 2611 856 2675 quern
886 2592 938 2657 uel
957 2610 1020 2675 que
1042 2610 1081 2656 en
1103 2591 1281 2657 donacione
1301 2594 1359 2653 aut

93 2694 144 2762 aliis
163 2703 416 2785 quibuscumque
439 2704 547 2770 causis
570 2706 728 2786 peruenit.
772 2703 928 2771 Volumus
958 2710 1065 2769 tamen
1095 2707 1128 2768 et
1156 2701 1358 2767 decernimus
1464 2742 1467 2749 -

10 2882 14 2893 ,
94 2806 311 2882 instrumentum
334 2818 517 2884 eorumdem
547 2818 703 2901 prepositi
733 2817 932 2900 fratrumque
961 2818 1121 2883 munitum
1150 2815 1258 2898 sigillo
1287 2815 1359 2879 sine

10 3008 14 3015 .
95 2939 181 2993 corona
203 2930 307 3013 patris
330 2932 432 2997 nostri
456 2933 603 3014 predicti,
627 2939 703 2998 tunc
726 2932 847 2999 domini
862 2931 1130 3014 regniBohemie,
1153 2948 1250 3012 super
1273 2928 1359 2994 villis

10 3056 20 3091 :-
93 3043 168 3105 uncti
190 3043 391 3128 Wenceslay,
414 3045 569 3129 Lypetyn,
594 3046 736 3130 Gopysty
766 3052 799 3111 et
827 3047 903 3111 aliis
933 3046 1026 3112 bonis
1056 3044 1239 3111 eorumdem
1273 3043 1359 3108 circa

10 3140 17 3197 '-
91 3144 203 3236 Pontem,
227 3164 370 3224 nostram
394 3158 560 3224 ciuitatem
582 3160 770 3242 predictam,
806 3159 955 3225 censibus
979 3165 1011 3224 et
1033 3158 1216 3223 ualentibus
1239 3157 1359 3222 aliena-

89 3263 208 3335 tionibus
231 3271 416 3337 earumdem
438 3270 622 3338 firmitatem
638 3277 825 3355 perpetuam
841 3274 990 3338 retinere.
1014 3272 1050 3337 In
1067 3291 1201 3355 quorum
1217 3271 1359 3337 omnium

10 3378 22 3403 '²
87 3381 283 3449 testimonium
307 3389 340 3450 et
361 3385 460 3451 robur
489 3391 644 3468 perpetuo
676 3387 849 3451 valiturum
879 3390 1046 3467 presentes
1077 3391 1203 3450 nostras
1233 3385 1358 3449 litteras

12 3498 19 3505 '
83 3487 135 3560 ieri
157 3503 188 3562 et
210 3499 330 3580 sigillis
352 3499 533 3563 maiestatis
557 3506 666 3565 nostre
688 3500 844 3564 iussimus
872 3500 1069 3565 communiri.
1115 3500 1234 3563 Datum
1256 3498 1360 3579 Prage

80 3622 124 3686 per
144 3630 256 3677 manus
280 3612 475 3678 venerabilis
498 3613 596 3693 Petri,
620 3613 813 3679 Basiliensis
837 3613 989 3695 episcopi,
1012 3612 1273 3693 Wisegradonsis
1289 3630 1360 3693 pre-

75 3724 170 3805 positi,
192 3726 287 3807 regni
310 3726 413 3791 nostri
436 3727 629 3806 cancellarii,
653 3728 809 3809 principis
842 3728 943 3791 nostri
974 3727 1094 3805 dilecti,
1125 3745 1209 3790 anno
1239 3725 1360 3789 domini

71 3838 234 3907 millesimo
256 3841 484 3906 trecentesimo
507 3841 620 3922 primo,
652 3847 765 3907 octauo
798 3841 870 3905 idus
901 3840 1060 3920 ianuarii,
1095 3845 1208 3922 quarte
1238 3839 1361 3904 decime

68 3951 267 4032 indiccionis,
291 3972 375 4018 anno
397 3972 569 4034 regnorum
592 3958 775 4019 nostrorum
799 3953 953 4019 Bohemie
975 3953 1096 4035 quinto,
1128 3952 1261 4018 Polonie
1282 3971 1360 4018 uero

63 4067 173 4148 primo.

166 4219 294 4275 Vidimus
313 4236 363 4275 zr.
382 4221 423 4274 asi
448 4227 514 4275 1320
532 4238 549 4273 v
562 4225 611 4275 cis.
634 4222 675 4274 kr.
700 4221 862 4274 umiversitnt
886 4220 1024 4274 knihovnd
1050 4221 1170 4275 Praislrt
1189 4227 1292 4274 stouto
1311 4219 1359 4272 do·

60 4318 174 4374 lodkon:
197 4316 272 4384 ,Nos
291 4317 454 4371 Franciscus
469 4316 565 4385 judex,
583 4317 713 4372 Nicolaus
732 4316 766 4370 de
784 4317 871 4384 Turri,
895 4317 1025 4384 magister
1039 4317 1201 4385 juratorum,
1220 4316 1359 4383 ceterique
