3098 5392
655 381 730 433 1aso.
1286 381 1350 449 447

56 600 73 638 a
80 585 126 655 jet
139 601 171 640 se
183 602 199 638 v
212 584 280 653 orig.
293 602 310 638 r
324 587 436 640 statutm
454 587 566 643 archien
578 605 611 645 re
623 587 705 642 Vidni
722 590 881 660 zachoraly.
899 589 1017 645 Vettius
1032 607 1048 642 z
1067 589 1129 644 nich
1147 592 1193 643 eni
1210 590 1270 658 tak,
1283 589 1352 657 jako

55 689 131 738 teuto
142 699 236 742 revers
248 683 472 741 obcePlzehslst:
493 685 513 754 ¹)
525 685 598 752 ,Nos
611 725 618 740 .
632 728 639 741 .
654 687 751 756 judex,
764 730 771 742 .
784 728 790 740 .
805 687 892 757 jurati
903 693 930 741 et
939 687 1104 741 uniuersitas
1119 686 1218 741 ciuium
1232 686 1352 741 ciuitatis

56 781 133 836 lione
145 782 248 852 Pylene
263 789 357 838 notum
369 782 484 837 facimus
498 783 643 850 rniuersis,
662 784 735 853 quod
746 783 852 854 pridem
866 783 900 838 ad
914 782 1072 838 mandatum
1086 783 1255 836 serenissimi
1269 798 1300 836 ac
1312 782 1352 837 in·

58 877 202 932 uictissimi
212 879 345 948 principis
358 894 390 934 ac
401 878 505 933 domini
516 881 603 934 nostri
615 880 740 950 graciosi,
753 879 854 934 domini
866 879 975 949 Karoli,
986 878 1171 932 Romanorum
1185 894 1294 947 semper
1306 895 1352 932 au·

58 973 128 1041 gusti
148 982 177 1028 et
194 974 306 1028 Boemie
319 974 400 1043 regis,
418 975 498 1029 nobis
511 976 691 1030 communiter
703 992 752 1047 per
763 977 850 1030 virum
865 975 983 1031 nobilem
999 974 1137 1028 dominum
1150 973 1305 1028 Russonem
1318 974 1354 1029 de

57 1070 160 1137 Luticz,
169 1070 248 1138 regni
256 1070 369 1125 Boemie
378 1071 616 1134 subcamerarium,
626 1072 656 1126 in
665 1072 808 1127 consilium
818 1072 976 1127 conuocatis
986 1071 1111 1142 prelatus
1123 1070 1249 1125 domiuus
1259 1071 1351 1126 Russo

58 1166 113 1220 rice
125 1173 155 1221 et
164 1167 274 1221 nomine
287 1166 403 1237 predicti
415 1167 503 1222 nostri
520 1167 624 1222 domini
636 1169 754 1238 graciosi
766 1186 816 1224 nos
829 1186 889 1224 cum
902 1168 1038 1223 instancia
1055 1167 1210 1237 requisiuit,
1222 1173 1252 1221 rt
1264 1167 1352 1222 consi·

61 1261 157 1317 derata
174 1262 289 1332 antiqua
306 1263 383 1332 regni
400 1262 513 1317 Boemie
531 1262 737 1319 consuetudine
755 1263 857 1318 dudum
881 1264 1056 1318 laudabiliter
1080 1263 1228 1316 obseruata
1246 1279 1354 1317 necnon

59 1358 233 1413 ordinscione
252 1358 376 1428 prouida,
401 1376 483 1428 quam
501 1361 574 1414 clare
597 1360 727 1415 memorie
745 1360 860 1414 illustris
879 1368 907 1414 et
925 1360 1086 1429 magnificus
1106 1359 1234 1428 princeps
1254 1375 1286 1412 ac
1304 1358 1351 1413 do-

59 1456 155 1520 minus,
183 1453 310 1509 dominus
329 1453 481 1520 lohannes,
506 1455 644 1524 quondam
661 1455 773 1510 Boemie
791 1472 849 1523 rex,
867 1455 975 1524 genitor
993 1454 1115 1508 eiusdem
1134 1453 1237 1508 domini
1254 1454 1351 1520 nostri,

60 1558 165 1607 natura
183 1549 385 1605 deliberacione
403 1549 559 1605 instituisse
577 1550 737 1618 dinoscitur,
755 1567 810 1620 qua
825 1551 886 1620 ipse
905 1551 1041 1620 prefatum
1059 1550 1199 1605 dominum
1217 1556 1353 1617 nostrum,

60 1646 243 1703 Romanorum
256 1651 283 1701 et
300 1645 412 1700 Boemie
428 1661 530 1716 regem,
548 1647 758 1716 primogenitum
772 1664 859 1712 suum,
877 1647 991 1716 eiusque
1003 1645 1120 1702 heredes
1133 1652 1161 1701 et
1173 1661 1348 1701 successores

59 1761 104 1813 per
123 1742 305 1798 masculinam
328 1741 427 1796 lineam
452 1741 651 1797 descendentes
671 1743 785 1813 abipso
803 1743 957 1813 inpretato
975 1758 1060 1810 regno
1080 1758 1131 1796 suo
1152 1742 1264 1796 Boemie
1283 1758 1348 1796 suos

59 1840 173 1895 heredes
193 1845 222 1893 et
240 1853 415 1894 successores
435 1854 497 1893 esse
515 1839 667 1906 constituit,
684 1840 771 1893 voluit
790 1847 817 1894 et
835 1839 966 1905 decreuit,
984 1856 1035 1894 nos
1054 1838 1139 1894 eciam
1157 1839 1257 1893 illustri
1275 1839 1348 1908 prin-

60 1938 147 2008 cipiet
158 1936 272 1990 domino
284 1941 389 2002 nostro,
407 1935 518 1990 domino
538 1935 711 2003 Wenoezlao,
730 1936 831 2006 prelati
847 1936 949 1990 domini
963 1937 1049 1990 nostri
1069 1935 1262 2001 Romanorum,
1280 1935 1349 1988 Boe·

60 2033 107 2086 uie
125 2032 203 2100 regis
220 2030 412 2101 primogenito,
440 2031 596 2101 corporalia
618 2033 778 2099 juramenta
797 2031 904 2101 omagii,
932 2031 1090 2087 obediencie
1108 2037 1191 2101 atque
1209 2030 1351 2085 fidelitatis

60 2126 148 2183 debite
176 2131 374 2197 prestaremus.
409 2128 467 2182 Nos
494 2127 577 2197 igitur
601 2127 702 2197 prelati
729 2129 807 2198 regni
830 2129 941 2182 Boemie
960 2129 1114 2198 approbate
1134 2133 1162 2181 et
1180 2125 1355 2181 laudabiliter

60 2224 207 2279 obseruate
233 2220 431 2278 consuetudini
450 2228 477 2277 et
495 2221 664 2278 ordinacioni
690 2223 820 2293 predicte,
848 2240 929 2292 quam
956 2222 1080 2292 prelatus
1105 2221 1232 2277 dominus
1251 2228 1354 2290 noster,

59 2318 185 2375 dominus
213 2319 366 2385 Jobannes,
393 2319 456 2372 olim
483 2318 595 2372 Boemie
614 2336 662 2372 ren
682 2319 811 2373 memorie
839 2317 992 2385 recolende,
1022 2318 1139 2388 prouida
1156 2318 1355 2374 deliberacione

58 2417 162 2484 pridem
191 2415 320 2481 instituit,
347 2429 492 2469 assensum
520 2415 634 2484 prebere
656 2414 781 2469 solentes
810 2431 842 2469 ac
867 2413 959 2468 debite
987 2413 1128 2469 fidelitatis
1157 2414 1295 2484 obsequiis
1324 2431 1356 2468 ae

55 2510 220 2568 obediencia
237 2510 321 2564 solita
338 2509 493 2563 ierueucius
517 2508 653 2577 inherere,
674 2510 764 2564 animo
787 2509 939 2564 deliberato
967 2525 1023 2564 non
1041 2527 1091 2580 per
1109 2526 1228 2565 errorem
1248 2515 1296 2565 aut
1314 2510 1354 2564 in·

52 2607 184 2676 prouide,
209 2606 259 2661 sed
284 2606 404 2660 omnium
423 2606 494 2662 rotis
522 2606 701 2660 communiter
719 2606 922 2673 accedentibus,
951 2605 1038 2659 eidem
1056 2606 1166 2660 domino
1190 2607 1357 2660 Wencezlao

49 2701 215 2759 huiusmodi
237 2702 398 2771 juramenta
420 2701 601 2771 corporaliter
624 2702 794 2772 prestitimus
814 2709 841 2757 et
866 2709 1022 2773 prestamus
1047 2718 1154 2756 necnon
1178 2703 1354 2772 promisimus

51 2810 82 2855 et
102 2799 292 2871 promittimus
310 2797 385 2851 bona
402 2803 499 2851 nostra
516 2796 570 2851 fide
590 2804 617 2851 et
636 2797 695 2851 sine
715 2799 787 2852 omni
805 2797 868 2852 dolo
887 2815 938 2867 pro
961 2798 1050 2864 nobis,
1074 2796 1222 2851 heredibus
1248 2804 1276 2851 et
1294 2813 1354 2851 suc·

47 2895 217 2950 cessoribus
242 2893 344 2948 nostris
363 2893 391 2946 in
410 2898 573 2962 perpetuum
593 2893 627 2947 ad
646 2893 782 2962 prelatum
807 2892 946 2947 dominum
971 2900 1094 2948 nostnun
1114 2894 1306 2948 Wencezlaum
1325 2894 1353 2946 in

47 3008 133 3056 casu,
152 2991 198 3044 vbi
216 2990 335 3045 fortasse
354 2989 559 3045 serenissimum
584 2987 723 3042 dominum
742 2992 875 3055 nostrum,
899 2988 1049 3057 genitorem
1068 2990 1164 3057 ipsius,
1188 3008 1267 3058 quem
1287 2990 1354 3044 deus

49 3088 238 3157 omnipotens
256 3085 394 3140 custodire
413 3085 548 3155 dignetur,
573 3084 607 3139 ab
625 3084 677 3138 hac
695 3085 754 3137 luce
774 3085 904 3153 emigrare
930 3084 1110 3152 contingeret,
1134 3084 1290 3138 immediate
1307 3086 1355 3139 ha-

50 3184 125 3238 bere
144 3187 301 3251 respectum
327 3181 433 3250 sibique
458 3189 596 3250 tamquam
616 3180 672 3248 regi
690 3179 801 3233 Boemie
823 3196 929 3234 necnon
947 3196 1020 3245 sero,
1040 3178 1171 3247 legittimo
1192 3186 1219 3232 et
1238 3181 1357 3233 naturali

52 3280 173 3334 domino
193 3283 288 3332 nostro
308 3277 335 3329 in
355 3278 479 3331 omnibus
499 3284 526 3330 et
544 3277 660 3346 singulis
683 3291 779 3346 parere
799 3283 827 3330 et
843 3274 986 3330 intendere
1011 3282 1038 3329 et
1057 3276 1161 3344 ubsque
1186 3275 1273 3328 omnis
1293 3292 1355 3329 con·

53 3374 245 3439 tradiecionis,
269 3371 448 3441 inpedimenti
468 3388 518 3426 seu
536 3372 706 3427 difficultatis
724 3373 864 3427 obstaculo
884 3370 1001 3425 fideliter
1022 3371 1143 3437 obedire,
1162 3370 1356 3439 promittentes

58 3469 255 3525 nichilominus
274 3468 347 3521 bona
370 3472 468 3521 nostra
486 3466 539 3520 fide
555 3469 613 3522 sine
629 3468 692 3522 dolo
705 3485 756 3538 pro
775 3468 863 3533 nobis,
881 3466 1028 3521 heredibus
1048 3467 1150 3522 nostris
1170 3475 1197 3521 et
1215 3483 1356 3521 successo·

58 3567 146 3633 ribus,
165 3570 195 3618 rt
212 3563 386 3635 premittitur,
405 3562 502 3617 eadem
516 3563 674 3631 juramenta
691 3564 845 3634 corporalia
863 3563 896 3617 de
914 3562 978 3629 tide,
996 3564 1136 3631 legalitate
1156 3570 1183 3617 et
1195 3562 1356 3618 obediencia

62 3660 216 3725 semendis,
243 3675 299 3713 non
324 3663 434 3712 extante
458 3658 565 3728 prefato
585 3657 695 3711 domino
721 3666 816 3714 nostro
835 3659 1008 3725 Weucezlao,
1034 3675 1083 3713 suo
1102 3660 1293 3729 primogenito,
1313 3660 1356 3713 vel

63 3759 109 3811 illo
128 3774 186 3810 nou
205 3756 349 3820 existente,
369 3756 471 3809 seniori
489 3770 600 3808 suorum
619 3754 749 3809 heredum
769 3758 811 3810 vel
829 3756 890 3824 ipso
911 3756 1016 3825 absque
1029 3755 1182 3810 heredibus
1203 3754 1360 3822 decedente,

61 3853 137 3908 tratri
155 3868 206 3906 suo
225 3851 336 3916 seniori,
363 3851 387 3905 si
406 3867 486 3919 quem
505 3850 639 3918 babuerit,
658 3858 705 3905 aut
728 3852 774 3905 illo
798 3850 960 3917 decedente,
986 3852 1088 3906 seniori
1113 3850 1235 3905 eiusdem
1260 3851 1354 3905 fratris

62 3950 155 4005 heredi
177 3955 204 4002 et
223 3948 263 4003 sic
280 3947 388 4001 demum
407 3949 520 4003 inantea
538 3949 692 4003 senioribus
711 3948 839 4002 fratribus
860 3964 891 4002 ac
910 3947 1048 4002 seniorum
1066 3947 1182 4003 fratrum
1203 3947 1358 4002 senioribus

62 4045 209 4100 heredibus
227 4044 256 4099 in
273 4043 348 4099 linea
366 4061 449 4099 sexus
467 4043 610 4099 masculini
633 4042 808 4113 procedendo
833 4044 964 4099 continue
987 4051 1113 4114 prestare
1135 4050 1162 4098 et
1179 4043 1361 4114 corporaliter

61 4143 151 4198 iacere
168 4141 312 4210 perpetuis
330 4142 500 4212 temporibus
520 4140 653 4197 affuturis.
671 4139 846 4194 Preseneium
860 4142 911 4196 sub
925 4147 1020 4194 nostre
1040 4140 1161 4195 ciuitatis
1176 4139 1266 4210 sigillo
1284 4140 1361 4195 testi-

61 4238 154 4293 monio
172 4237 335 4292 litterarum.
354 4237 456 4292 Datum
469 4238 496 4291 in
514 4237 617 4306 Pylzna
636 4254 710 4292 anno
729 4236 832 4290 domini
850 4237 993 4292 millesimo
1012 4235 1208 4291 trecentesimo
1227 4235 1360 4306 quinqua·

58 4335 175 4405 gesimo,
189 4335 305 4403 jubileo,
323 4332 438 4388 sabbato
456 4333 581 4402 proximo
596 4338 660 4403 post
673 4333 774 4386 festum
794 4333 882 4386 sancti
900 4332 996 4386 Jacobi
1011 4330 1130 4401 apostoli
1149 4330 1192 4401 [31
1207 4329 1358 4403 dervence}

60 4433 146 4501 (Orig.
165 4450 181 4485 r
201 4434 266 4486 stat
285 4428 358 4484 arch.
377 4445 410 4481 ve
428 4427 518 4482 Vidni.
543 4428 612 4483 Boh.
629 4428 668 4483 N⁰
686 4429 841 4497 tlt-322.)
877 4427 968 4482 Tehoh
987 4430 1068 4482 zuenl
1082 4427 1149 4496 jsou
1166 4445 1183 4482 v
1201 4430 1264 4482 stet.
1283 4429 1357 4484 arch·

58 4529 121 4584 th.
140 4529 223 4583 mimo
241 4533 304 4582 tuto
322 4525 416 4582 listiuu
434 4523 605 4594 Plzehslryoh
620 4524 693 4593 jaste
710 4523 816 4593 listiny:
838 4523 989 4593 ¹)ciuitatis
1009 4524 1037 4577 in
1050 4524 1225 4577 Letbumeea'ca
1242 4541 1257 4577 a
1275 4524 1356 4579 tehot

58 4627 123 4694 dne,
142 4627 162 4695 ³)
181 4622 305 4679 ciuitatis
329 4621 358 4675 in
375 4622 475 4675 Jermer
493 4619 656 4688 (Jaromeie)
674 4636 688 4671 z
708 4617 787 4673 tehoi
806 4617 869 4686 dne,
887 4619 908 4686 ⁴)
927 4619 1048 4675 ciuitatis
1070 4619 1099 4674 in
1117 4622 1195 4674 hano
1218 4618 1354 4677 odotem:
