3098 5392
217 413 280 479 636
839 419 914 470 tati.

219 685 221 688 Ι
320 620 476 690 Registrum
494 622 630 693 privilegii
650 623 763 680 arohisn
789 642 823 680 m.
846 624 963 681 Kadand
989 622 1028 676 Νο
1047 630 1079 680 ts
1099 623 1252 680 smchivu
1279 625 1368 682 tehoi
1395 628 1511 683 mittans

213 717 351 786 utpisem:
382 717 503 783 ,Littera
523 718 619 774 Karoli
645 720 829 792 imperatoris,
856 722 884 776 iu
908 737 964 790 qua
988 720 1065 776 fauet
1081 728 1110 776 et
1127 720 1274 792 indulget,
1299 722 1379 795 qnod
1403 723 1510 786 consules

209 811 296 880 jurati
315 828 409 867 omnes
427 813 560 884 losungas
578 821 606 870 et
623 817 844 874 contribuciones
863 818 983 872 ciuitatis
1002 817 1038 872 de
1054 815 1279 887 hereditatibus,
1297 820 1388 889 agris,
1405 819 1511 874 donibus

213 914 241 962 et
265 909 336 962 areis
364 909 581 979 quibuscumque
598 910 634 965 de
652 928 725 967 nouo
743 918 863 983 possunt
881 918 1011 979 statuere,
1035 912 1179 982 imponere
1206 919 1239 969 et
1259 914 1291 969 in
1311 914 1388 970 libro
1412 914 1514 969 cinhsfis

212 1005 367 1072 registrare,
395 1012 478 1074 prout
501 1006 570 1075 ipsis
590 1014 617 1060 et
636 1009 824 1064 communitati
843 1009 964 1064 ciuitatis
982 1008 1120 1064 videbitur
1138 1009 1309 1079 expedire“.

775 1273 840 1357 dis.
861 1291 935 1358 444.

589 1443 685 1525 1371,
708 1444 751 1513 23
773 1445 925 1515 bisunu
951 1445 1135 1514 VPrsze.

213 1615 306 1682 Cisor'
328 1618 427 1683 Κανά
449 1619 504 1682 11⁷
524 1621 689 1704 potortuje
717 1619 912 1703 rychtcir'stet
941 1623 1043 1687 mista
1074 1602 1167 1687 Zotoe
1191 1641 1229 1688 se
1250 1625 1360 1689 eterni
1374 1622 1510 1708 priapo

286 1730 428 1813 dichorio
450 1731 589 1797 Frditoes'
608 1733 765 1817 Neyeioei,
787 1732 876 1820 ktery'
889 1736 927 1818 je
946 1732 1054 1817 koupil
1073 1734 1114 1798 od
1136 1734 1241 1801 Petra
1264 1738 1442 1824 Mutdjooo.

315 1907 351 1972 In
374 1907 502 1973 nomine
525 1915 635 1975 sancte
658 1915 690 1975 et
711 1910 881 1976 indiuiduo
895 1910 1065 1976 Trinitatis
1080 1928 1183 1976 amen.
1207 1911 1368 1980 Karolns
1391 1920 1511 1997 quadus

213 2020 324 2085 ‹iiuins
354 2021 484 2087 fauente
516 2023 689 2089 clemencia
711 2023 928 2090 Romanorum
952 2025 1126 2106 imperator
1148 2041 1281 2108 semper
1303 2032 1510 2111 augustine

212 2134 343 2199 Bocmie
366 2154 430 2200 rex.
455 2135 505 2200 Ad
527 2141 715 2218 perpetuam
738 2137 786 2201 rei
807 2138 995 2205 memoriam
1010 2142 1120 2203 notum
1143 2135 1285 2205 facimus
1311 2144 1427 2208 tenore
1447 2159 1508 2224 pre

214 2248 357 2314 sencium
380 2249 551 2331 uniuersis,
576 2250 661 2330 quod
683 2269 741 2332 pro
764 2256 856 2333 parte
879 2250 1018 2317 Pesslini
1039 2251 1173 2333 Mathis,
1203 2252 1337 2334 iudicis
1360 2255 1507 2333 Senensis,

211 2360 316 2428 fidelis
337 2363 450 2443 nostri,
473 2382 577 2446 nuper
595 2364 759 2430 maiestati
774 2369 885 2431 nostre
900 2370 1030 2430 ostensa
1044 2363 1149 2445 litera,
1172 2383 1273 2447 quarn
1288 2385 1394 2452 super
1407 2368 1505 2435 eodem

206 2475 332 2557 judicio
355 2476 497 2557 Saccnsi,
528 2475 605 2541 dum
627 2481 660 2541 et
681 2476 819 2542 Romani
841 2481 873 2541 et
896 2476 1029 2542 Bocmie
1057 2475 1145 2559 regis
1167 2477 1275 2560 tytulo
1298 2478 1503 2564 fungeremur,

211 2607 231 2653 a
253 2590 446 2655 celsitudine
468 2594 579 2656 nostra
594 2589 774 2655 obtinuisse
789 2589 978 2670 dinoscitur,
1001 2590 1036 2655 in
1058 2589 1145 2655 omni
1160 2608 1221 2657 suo
1237 2596 1357 2659 tenore
1372 2593 1501 2678 sequit-nr

211 2703 245 2767 in
274 2702 334 2768 hec
365 2703 477 2768 verba:
516 2703 655 2768 Karolus
678 2709 738 2769 etc.
784 2703 975 2787 (Nesleduje
1004 2704 1098 2769 nneni
1125 2703 1205 2771 listu
1228 2705 1325 2772 krale
1347 2708 1445 2774 Ksrla
1463 2703 1499 2770 li

211 2816 240 2881 d.
266 2836 285 2880 v
308 2817 409 2882 Prazo
430 2818 453 2883 4
473 2816 592 2883 bienna
616 2816 701 2882 1350
723 2816 748 2883 c.
773 2818 861 2899 297).
893 2816 1012 2884 Verum
1035 2817 1113 2899 quia
1134 2818 1323 2887 antedictus
1347 2822 1497 2888 Pesslinns
1543 2842 1545 2855 ·

211 2931 343 3011 Mathis,
362 2932 462 3014 judex
485 2931 644 3012 SecensiS,
676 2931 782 2997 animo
806 2931 993 3013 deliberato,
1027 2932 1202 2999 amicorum
1234 2934 1308 3000 eius
1341 2934 1495 3002 accedente
1543 2898 1545 2941 Ι

211 3045 345 3110 consilio
376 3064 413 3110 ac
444 3045 483 3108 dc
514 3050 601 3110 corta
629 3064 688 3109 sus
719 3045 860 3110 sciencia
883 3045 1004 3111 dictum
1022 3045 1184 3128 judicium
1206 3044 1354 3114 Saceuse
1375 3067 1412 3116 eo
1427 3049 1495 3130 jure.

210 3177 273 3240 quo
296 3159 376 3223 illud
407 3159 569 3237 habuisse,
605 3159 749 3223 tenuisse
779 3164 811 3222 et
844 3156 1029 3239 possedisse
1059 3158 1250 3240 dinoscitur,
1285 3159 1377 3227 fideli
1404 3165 1494 3226 nostro
1542 3066 1545 3213 Ι

210 3271 315 3336 Frane
336 3271 448 3353 Negel,
473 3273 538 3338 ciui
561 3272 726 3353 Pragensi‚
757 3272 820 3336 rite
846 3272 993 3339 vendidit
1015 3276 1048 3338 et
1065 3271 1154 3353 justo
1178 3272 1386 3341 vendicionis
1408 3272 1493 3357 tytulo

210 3404 317 3451 coram
340 3391 449 3451 nostre
471 3385 652 3450 maiestatis
675 3385 807 3450 Boemie
822 3386 990 3467 presencia
1012 3404 1070 3467 pro
1094 3403 1130 3451 se
1152 3389 1186 3452 et
1208 3387 1361 3454 omnibus
1384 3406 1421 3454 ec
1440 3386 1491 3451 sin·

210 3501 305 3581 gulis,
339 3518 474 3581 quorum
497 3500 641 3579 interest,
677 3517 734 3563 seu
766 3499 882 3579 queuis
904 3499 1036 3565 racione
1059 3499 1219 3565 interesse
1242 3500 1378 3582 valeret,
1411 3499 1494 3566 libers

209 3613 399 3694 resignauit,
431 3614 593 3677 maiestati
624 3616 734 3677 nostre
768 3613 964 3694 supplicam,
998 3618 1156 3694 quatenus
1191 3615 1390 3682 auctoritate
1420 3613 1493 3695 regia

210 3727 342 3792 Boemie
366 3726 586 3792 vendicionem
607 3726 741 3790 eandem
757 3732 881 3808 gratam
904 3730 1063 3791 stratam
1085 3725 1205 3791 habere
1227 3728 1376 3795 volentes
1399 3729 1436 3794 de
1454 3743 1493 3790 re
1543 3772 1545 3789 .

212 3841 294 3921 galis
318 3840 450 3904 Boemie
473 3841 647 3905 clemencia
681 3839 802 3904 dictum
830 3839 988 3921 judicium
1010 3839 1135 3920 prefato
1158 3844 1271 3908 nostro
1293 3840 1385 3908 fideli
1406 3842 1493 3907 Frane
1542 3796 1545 3839 1

209 3953 321 4035 Neget,
356 3953 527 4018 heredibus
563 3960 596 4017 et
629 3953 870 4018 successoribus
894 3952 973 4032 siris,
1008 3952 1095 4034 dare,
1129 3953 1278 4020 conferre
1310 3961 1347 4021 et
1382 3957 1493 4027 donare,
1543 3914 1545 3943 Ι

209 4085 332 4132 necnon
355 4066 467 4131 literas
490 4072 619 4131 nostras
643 4072 809 4132 contentas
826 4067 975 4148 superius
997 4066 1031 4130 in
1054 4083 1209 4147 personas
1225 4065 1390 4135 dictorum
1404 4069 1491 4134 Fraus

210 4180 240 4244 N
242 4182 321 4261 egei,
346 4181 499 4245 heredum
520 4186 552 4244 et
568 4198 790 4245 successorum
811 4180 924 4261 ipsius,
940 4216 984 4224 —
999 4176 1188 4244 confirmare
1202 4179 1408 4264 benignitate
1421 4178 1494 4261 regie
1543 4224 1545 4237 .

210 4295 341 4358 Boemie
357 4293 579 4375 dignaremur;
604 4312 660 4357 nos
677 4293 778 4374 igitur
800 4293 840 4356 ad
863 4292 1037 4373 amborum,
1054 4297 1165 4374 vtpote
1180 4291 1355 4360 vendentis
1371 4288 1493 4361 Pesslini

209 4407 333 4472 Mathie
356 4413 387 4471 et
414 4408 550 4472 ementis
574 4407 678 4469 h‘ranc
700 4405 812 4487 Negel,
843 4405 1021 4487 supplicem
1052 4404 1224 4486 peticionis
1248 4405 1442 4474 instanciam
1460 4438 1494 4449 -·

210 4521 412 4602 supradictos
437 4521 648 4599 vendicionis
673 4520 849 4601 ernpcionis
873 4524 906 4583 et.
927 4518 1162 4601 resignacionis
1188 4524 1377 4587 contractus
1400 4523 1494 4604 gratos

210 4640 350 4699 stratos
374 4634 528 4698 hairentes
552 4635 672 4699 dictum
693 4633 851 4716 judicium
875 4632 1014 4699 Sacense
1033 4651 1104 4698 crim
1121 4631 1270 4699 omnibus
1285 4635 1358 4701 suis
1369 4633 1495 4719 juribus,
