3098 5392
240 421 305 487 572
835 421 909 472 reae.

237 628 304 711 et⁸>
336 628 485 711 precibus
515 629 550 693 in
580 629 640 694 hac
670 633 762 710 parte
793 629 898 694 victus
922 646 957 693 se
979 628 1021 693 ad
1043 628 1104 694 hoc
1125 626 1278 693 astrinxit
1299 630 1333 692 et
1355 623 1506 692 voluntarie

237 742 401 824 obligauit,
426 742 616 824 promittens
641 761 699 824 pro
723 761 767 822 se,
791 744 860 808 suis
882 741 1056 807 heredibus
1079 746 1112 807 et
1135 738 1379 807 successoribus
1399 737 1507 805 firmiar

236 860 268 921 et
283 857 408 921 sincere
422 874 539 937 aquam
554 857 755 922 incessanter
771 855 923 922 fluentem
940 855 982 920 ad
997 855 1194 922 antedictam
1210 855 1378 922 ciuitatem
1392 856 1507 919 unstred

236 987 294 1052 per
315 987 434 1035 cannas
457 974 490 1035 et
511 974 644 1049 meatos,
656 966 680 1051 ⁹)
704 968 822 1050 quibus
837 973 945 1050 potest
959 967 1158 1034 sufficienter
1173 967 1293 1033 ducere
1307 967 1423 1048 taliter,
1443 961 1506 1047 quel

237 1083 308 1165 ipsa
330 1101 415 1164 aqua
440 1083 475 1148 in
497 1081 603 1148 medio
626 1080 688 1147 fori
711 1082 856 1148 ciuitatis
879 1087 989 1148 nostre
1011 1082 1102 1165 prius
1125 1082 1213 1147 dicte
1226 1099 1285 1163 per
1301 1099 1432 1146 munem
1446 1078 1506 1143 vltra

236 1200 355 1261 terram
380 1200 413 1262 et
436 1197 655 1278 pauimentum
678 1196 711 1261 in
733 1197 939 1263 altitudinem
969 1201 1134 1261 extensam
1160 1214 1198 1261 ac
1220 1199 1363 1260 erectam
1383 1192 1422 1258 od
1441 1189 1506 1256 utili-

235 1315 334 1377 tatem
356 1310 579 1376 hauricucium
602 1314 634 1375 et
656 1311 896 1393 recipicucium,
927 1315 960 1376 et
991 1309 1141 1376 similiter
1169 1307 1211 1373 ad
1232 1306 1400 1391 quodlibet
1418 1305 1506 1370 brera-

236 1424 354 1490 torium
378 1423 411 1489 in
435 1425 506 1506 ipsa
529 1424 662 1490 ciuitate
684 1429 794 1489 noema
818 1424 925 1505 situm,
955 1423 1041 1507 quod
1071 1441 1156 1487 nunc
1185 1426 1238 1488 est
1263 1426 1322 1487 aut
1343 1417 1504 1486 succedente

236 1543 379 1620 tempore
413 1536 617 1603 edificaretur
644 1538 696 1603 vel
725 1537 907 1618 haberetur,
940 1536 981 1602 ad
1013 1535 1247 1602 sufficientiam
1268 1530 1504 1601 braxanciumh

236 1652 315 1717 locis
338 1650 557 1717 subterraneis
580 1655 734 1733 perpetue
756 1649 845 1732 fluat,
868 1649 996 1716 efficere
1011 1650 1081 1716 suis
1097 1666 1386 1731 successorumque
1399 1660 1503 1713 suumn

236 1764 401 1830 laboribus
430 1768 463 1829 et
489 1765 643 1846 inpensis.
688 1764 733 1828 Et
754 1782 796 1830 ne
818 1761 953 1845 idem¹⁰)
977 1764 1117 1830 Michael
1139 1782 1177 1829 er
1200 1761 1323 1829 laboris
1349 1754 1504 1827 huiusmodi

239 1877 458 1943 sollicitudine
469 1877 580 1958 aliqua
592 1877 730 1960 dampna
745 1879 912 1961 percipiat,
931 1882 1172 1961 propterquam
1187 1878 1260 1960 ipse
1274 1881 1335 1958 est,
1351 1880 1386 1941 rt
1399 1873 1504 1956 dignum

117 2022 120 2027 v
237 1990 430 2071 decernitur,
445 1992 560 2057 merito
577 1991 792 2073 premendus,
808 2011 907 2075 quare
922 2010 982 2059 nos
997 1997 1124 2059 matura
1139 1990 1379 2057 deliberacione
1389 2000 1504 2066 sanoque

237 2103 372 2170 consilio
396 2104 572 2185 prehabitis
597 2105 757 2171 communi
780 2105 901 2172 ciuium
922 2124 960 2171 ac
983 2104 1222 2173 communitatis
1238 2102 1385 2170 fidelium
1405 2103 1502 2167 nostre

236 2237 307 2283 rum
329 2217 543 2283 Brodensium
565 2218 782 2300 predictorum
794 2217 833 2302 ¹¹)
850 2220 891 2285 ad
906 2221 975 2300 hoc,
999 2224 1034 2285 ut
1056 2219 1246 2302 predicitur,
1268 2216 1439 2284 accedente
1450 2228 1505 2278 cou-

237 2349 343 2411 sensu,
367 2335 402 2395 vt
423 2349 461 2397 co
484 2331 666 2397 feruencius
694 2332 802 2414 ipsum
824 2333 1017 2399 Michaelem
1047 2332 1170 2398 eisdem
1191 2330 1359 2398 laboribus
1380 2326 1505 2396 insudare

237 2445 374 2510 delectet
403 2448 436 2509 et
465 2444 550 2510 hunc
578 2445 667 2526 ipsos
697 2445 823 2511 labores
853 2464 890 2512 eo
921 2445 1156 2512 commodosius
1186 2442 1343 2526 perficere
1372 2441 1507 2509 valate

237 2563 382 2624 nostmm
403 2558 603 2640 propositum
625 2558 802 2641 perducere
823 2559 864 2624 ad
888 2557 1045 2640 effectum,
1073 2559 1246 2625 statuimus
1269 2559 1424 2636 volentes,
1442 2547 1507 2633 quod

237 2690 346 2737 omnes
369 2675 402 2737 ct
424 2671 544 2753 singuli
566 2672 601 2736 in
623 2672 816 2739 braxatoriis
840 2674 985 2739 ciuitatis
1009 2678 1118 2740 nostre
1140 2672 1286 2755 predicte
1317 2670 1450 2736 brarare
1467 2682 1507 2727 ub·

238 2784 341 2849 lentes
365 2784 405 2849 de
427 2783 571 2866 qualibet
591 2784 774 2866 broxetum,
797 2804 914 2867 magna
929 2787 1000 2851 siue
1014 2804 1125 2868 parua,
1147 2785 1437 2868 quocienscumque
1453 2778 1508 2843 bra·

236 2899 393 2977 renarint,
416 2898 479 2980 ipsi
495 2897 657 2978 Michaeli,
682 2900 750 2964 suis
768 2899 941 2965 heredibus
957 2904 990 2965 et
1005 2898 1256 2979 successoribus,
1272 2916 1370 2964 vnum
1386 2907 1507 2979 messum

237 3028 426 3093 pragensem
449 3015 624 3075 autunum
647 3011 786 3077 solidum
816 3013 993 3079 hallensem
1023 3013 1145 3079 usualis
1174 3016 1303 3078 moneta
1332 3010 1403 3077 sine
1428 3005 1507 3073 recle·
1533 2994 1540 3007 ’

237 3125 384 3191 macione
406 3123 550 3206 qualibet
572 3124 648 3190 dare
671 3125 817 3206 debeant,
849 3125 1040 3192 difficultate
1061 3125 1205 3209 qualibet
1226 3144 1292 3191 non
1315 3123 1507 3199 obstantque

238 3237 365 3304 adiecto
400 3237 584 3319 specialiter
614 3243 647 3304 et
676 3257 836 3321 expresso,
871 3240 899 3304 si
930 3258 1077 3322 umquam
1106 3257 1145 3304 ex
1177 3239 1392 3320 permissione
1417 3233 1508 3300 diuina
1543 3224 1545 3229 ’

236 3354 362 3416 torrens
397 3354 430 3415 et
464 3368 558 3432 aqua,
593 3370 689 3433 quam
719 3353 791 3434 ipse
820 3353 861 3417 ad
892 3353 1057 3418 ciuitatem
1090 3356 1243 3432 nostram,
1277 3355 1312 3416 vt
1345 3347 1506 3433 predicitur,
1543 3422 1545 3447 Ι

238 3464 356 3530 ducere
385 3464 543 3546 promisit,
577 3483 615 3530 ex
644 3465 775 3547 frigoris
810 3467 986 3548 asperitate
1016 3467 1068 3532 uel
1097 3471 1187 3532 estus
1216 3465 1371 3531 ariditate
1398 3462 1463 3528 siue
1480 3470 1507 3521 ex
1541 3451 1545 3557 l

240 3596 338 3643 causa
369 3578 433 3642 alia
461 3595 662 3660 quacumque
691 3578 825 3644 notabili
848 3579 1012 3662 exipsius
1035 3578 1205 3645 Michaelis
1227 3582 1286 3642 aut
1307 3594 1434 3643 suorum
1453 3586 1507 3638 suc·
1543 3572 1545 3653 j

239 3709 401 3757 caesorum
430 3691 633 3773 negligencia
662 3693 870 3774 proueniente
898 3691 1049 3759 deficeret
1078 3697 1111 3758 et
1138 3690 1364 3758 braxatoribus
1395 3687 1434 3754 ad
1452 3685 1508 3750 bra·
1542 3685 1545 3737 l

239 3804 379 3869 randum
402 3822 487 3885 aqua
511 3803 708 3871 sufficienter
730 3825 794 3872 non
816 3805 940 3887 flueret,
964 3805 1048 3887 quod
1070 3805 1135 3887 ipsi
1156 3804 1308 3883 Michael‚
1331 3804 1382 3870 sui
1396 3798 1509 3868 heredes

238 3919 288 3983 vel
313 3937 526 4000 successores,
549 3937 591 3984 ne
611 3919 783 3984 brerantes
806 3920 1020 4001 negligantur,
1046 3919 1094 3984 eis
1116 3937 1234 4000 aquam
1255 3918 1297 3984 de
1318 3917 1454 3984 Zaeaule
1472 3909 1510 3976 rel

238 4031 369 4096 aliunde
392 4032 462 4097 sine
485 4034 601 4115 queuis
623 4032 826 4114 negligencia
849 4023 1045 4099 sufficienter
1067 4032 1185 4098 ducere
1206 4030 1347 4097 debeant
1368 4031 1435 4097 suis
1455 4044 1513 4110 pro
1542 4090 1545 4133 Ι

237 4144 319 4225 priis
343 4145 506 4211 laboribus
530 4151 562 4211 et
585 4145 738 4228 inpensis.
763 4146 797 4211 Si
820 4165 895 4212 vero
918 4147 982 4228 ipsi
1004 4147 1039 4212 in
1060 4147 1120 4211 hac
1141 4149 1234 4228 parto
1255 4145 1456 4229 negligentes
1471 4142 1515 4206 aut
1543 4140 1545 4149 '

238 4257 321 4322 tardi
345 4257 474 4340 fuerint,
513 4278 554 4325 ne
583 4258 754 4325 braxautes
783 4261 816 4326 in
840 4261 908 4326 suis
929 4260 1054 4325 braseis
1076 4264 1108 4326 et
1129 4258 1295 4327 laboribus
1318 4261 1518 4344 negligantur,

240 4372 394 4454 volumus,
419 4373 504 4456 quod
526 4375 607 4438 tales
630 4374 802 4439 braxantes
827 4392 923 4456 super
945 4374 1119 4456 dampnum
1141 4372 1289 4440 eiusdem
1312 4373 1521 4442 Michaeliset

240 4503 370 4550 suorum
393 4505 614 4553 successorum
637 4492 781 4552 uectores
805 4486 867 4552 eibi
890 4504 1006 4569 aquam
1028 4487 1181 4553 ducentes
1208 4503 1268 4569 per
1300 4506 1337 4555 se
1365 4489 1456 4558 licite
1475 4502 1521 4571 pru

240 4600 350 4682 precio
373 4603 545 4667 conuenire
574 4602 748 4683 potuerint,
760 4597 799 4684 ¹²)
830 4601 914 4682 quod
944 4602 1089 4684 precium
1116 4600 1217 4668 iidem
1238 4601 1386 4671 Michaal
1408 4609 1465 4671 aut
1482 4597 1545 4668 sui.
