3098 5392
631 430 705 480 accc.
1264 426 1328 491 347

39 634 132 697 ceteri
156 632 254 699 Jndei
277 635 380 700 nostri
403 636 436 700 in
459 636 533 701 aliis
557 655 686 701 monere
702 636 890 703 ciuitatibus
906 636 1068 718 regalibus
1084 640 1331 714 consueuerant,

46 746 248 812 concedentes
272 747 396 813 eisdem
417 747 543 828 iudeis,
570 749 625 831 qui
648 768 683 814 se
705 749 825 814 ibidem
847 749 1037 830 receperint,
1069 747 1109 812 ab
1139 749 1223 813 omni
1246 749 1332 813 soln-

49 859 148 939 clonia,
182 859 446 941 contribucionis,
477 866 586 927 stcnre
619 867 675 926 aut
712 864 930 942 cuiuscunque
963 862 1095 928 seruicii
1126 867 1159 926 ot
1187 860 1332 927 dacionis

54 990 143 1053 onem,
165 974 246 1038 reali
269 979 327 1038 aut
349 974 521 1055 personali,
545 976 710 1057 ingenere
734 975 786 1040 uel
810 976 843 1038 in
866 975 984 1056 specie,
1007 993 1064 1056 per
1086 994 1154 1054 nos,
1178 972 1332 1041 officiales

55 1091 163 1151 nostros
186 1105 405 1169 quoscunque,
429 1106 487 1152 seu
509 1087 632 1154 ludeoa
654 1094 782 1155 nostros
805 1089 956 1169 imposito
972 1087 1025 1152 uel
1041 1087 1242 1169 imponendo,
1265 1088 1332 1168 ple-

59 1200 161 1264 nariam
183 1199 373 1280 libertatem,
397 1219 416 1264 a
439 1200 501 1282 die,
531 1221 593 1284 quo
625 1202 743 1268 dictam
777 1204 824 1268 sic
855 1203 1021 1268 ciuitatem
1049 1200 1252 1280 intrauerint,
1275 1218 1332 1280 per

63 1308 149 1376 decem
182 1332 336 1378 annorum
373 1316 517 1396 spacium
551 1315 747 1396 duratuuam,
783 1316 828 1379 ita
861 1321 977 1394 tamen,
1013 1331 1109 1395 super
1141 1331 1330 1394 quocunqne

63 1439 137 1489 censu
165 1445 272 1493 annuo
302 1445 360 1509 per
389 1428 477 1509 ipsos
500 1427 622 1493 Judeos
653 1429 738 1492 intro
764 1428 885 1493 dictum
907 1426 1097 1492 decennium
1119 1424 1331 1506 persoluendo

62 1537 153 1613 profati
177 1541 265 1604 ciues
289 1540 391 1605 nostri
415 1541 558 1606 cumeis
583 1540 856 1620 concordauerint,
888 1539 972 1622 quod
1003 1537 1089 1603 idem
1112 1556 1227 1602 census
1250 1542 1332 1602 tota-

62 1645 115 1713 liter
135 1653 166 1716 in
188 1654 449 1718 melioracionem
482 1653 553 1718 siue
583 1654 856 1718 construccionem
886 1652 970 1716 muri
997 1656 1030 1716 ct
1051 1649 1206 1715 barchani
1229 1649 1333 1730 ipsius

62 1762 183 1829 ciuitatis
207 1771 240 1829 et
263 1765 368 1829 nullas
390 1765 468 1830 alibi
491 1771 706 1831 conuertatur.
730 1766 950 1831 Promittimus
974 1765 1077 1829 eciam
1092 1763 1195 1828 dictos
1211 1761 1333 1828 Judeos

59 1870 87 1936 in
103 1877 244 1942 libertate
267 1879 314 1942 eis
337 1897 394 1958 per
416 1897 475 1943 nos
498 1897 660 1958 concessa,
692 1897 729 1942 ac
753 1879 841 1943 ciues
864 1878 897 1942 in
920 1878 1109 1957 recepcione
1138 1893 1253 1941 census
1277 1893 1334 1956 per

59 1984 161 2054 dictum
183 1991 375 2055 decennium
397 1995 522 2055 tantum
543 2010 601 2072 pro
624 1991 746 2056 fabrica
769 1991 852 2055 muri
875 1996 908 2054 et
929 1990 1082 2055 barchani
1105 1989 1331 2070 predictorum,

61 2100 223 2167 nulatenus
268 2102 423 2184 impedire
453 2123 512 2168 nec
538 2105 606 2184 pati
638 2121 696 2184 per
725 2104 906 2186 qnempiam
936 2102 1095 2183 impediri.
1141 2101 1333 2166 Mandantes

58 2208 156 2280 illustri
178 2216 309 2295 Karolo,
342 2217 554 2297 primogenito
576 2221 696 2297 nostro,
726 2216 904 2282 marchioni
931 2216 1087 2294 lucrante,
1118 2233 1156 2280 ac
1186 2214 1333 2280 omnibus

60 2323 228 2394 officialibus
262 2329 354 2410 regni
387 2330 500 2410 nostri,
536 2330 756 2412 cuiuscunque
794 2335 908 2410 status,
946 2328 1044 2395 officii
1079 2329 1131 2393 uel
1164 2327 1333 2409 dignitatis

63 2431 167 2521 fuerint,
201 2446 360 2522 quatenus
394 2441 514 2507 dictam
543 2447 685 2507 nostram
715 2442 896 2507 libertatem
929 2442 1112 2506 nullatenus
1146 2440 1333 2522 infringant,

64 2561 144 2623 luno
159 2555 279 2619 virtute
295 2555 475 2619 litterarum
497 2561 554 2619 aut
575 2556 718 2620 mandati
735 2556 963 2636 cuiuscunque,
986 2573 1048 2636 que
1063 2554 1203 2633 omnino,
1228 2551 1334 2633 quoad

68 2674 170 2733 lrcscns
196 2661 375 2750 negocium,
406 2687 530 2734 exnunc
551 2669 764 2748 annullamus,
796 2668 852 2733 sed
879 2685 934 2732 eos
963 2668 1075 2747 pocius
1105 2669 1336 2731 manuteneant

67 2784 149 2843 nostro
191 2781 321 2846 nomine
358 2786 391 2845 ct
427 2781 609 2847 defendant.
663 2781 796 2870 Harum·
829 2781 913 2846 serie
953 2786 986 2845 et
1025 2779 1210 2845 testimonio
1247 2779 1333 2843 litte·

67 2896 156 2954 rficuum.
203 2894 322 2957 Datum
352 2894 455 2975 Prage
485 2895 630 2975 proxima
660 2900 773 2976 quarto
804 2894 886 2959 feria
915 2898 989 2974 post
1024 2892 1216 2957 dominicam
1250 2893 1334 2971 Qua-

63 2994 163 3069 sinodo
197 3006 299 3087 geniti
337 3026 420 3070 annno
457 3007 578 3072 domini
616 3008 786 3071 millesimo
824 3006 1049 3071 trecentesimo
1087 3004 1333 3085 quadragesimo

60 3111 154 3180 luno.

147 3272 214 3340 Orig.
233 3289 308 3340 perp,
328 3288 343 3322 v
363 3272 474 3324 archiva
492 3289 526 3324 m.
545 3271 702 3337 Budijovic.
728 3270 809 3324 Pelet
829 3273 950 3323 rrtriona.
979 3270 1021 3322 Na
1039 3270 1109 3322 runbu
1129 3268 1212 3322 starii
1231 3269 1335 3322 rukou:

56 3353 250 3421 ssonccdnntur
274 3367 329 3421 duo
355 3367 439 3421 Judci
463 3369 490 3421 in
510 3368 649 3421 ciuitatem
674 3365 832 3419 aestimandi
856 3366 895 3418 N⁰
914 3373 962 3418 ‘26¹‘
984 3364 1124 3433 anovdjii
1144 3366 1246 3419 rukou:
1278 3364 1335 3430 ,Ad

57 3443 156 3513 sacen
174 3464 210 3516 N⁰
229 3465 300 3533 Dop.
322 3469 377 3516 ltl.a
400 3494 431 3501 -
450 3464 549 3528 Emler,
568 3463 688 3529 chcsta
707 3462 751 3514 ll'.
771 3460 792 3514 i.
813 3467 871 3515 900.

602 3728 665 3810 ecs.
692 3746 764 3810 221.

422 3917 520 3995 1341,
544 3918 585 3983 18
609 3918 745 3985 drrbna.
772 3917 804 3984 V
827 3917 959 3985 Prone.

61 4065 129 4153 cp
146 4094 210 4157 Jua
239 4091 543 4175 pectorapectora
566 4092 669 4157 lc'stcm
696 4091 761 4155 obcc'
783 4089 999 4173 Buddjooiclcc,
1034 4091 1095 4171 obp
1125 4088 1229 4154 moldo
1255 4091 1338 4172 jediel

60 4182 111 4264 ‘Ilo
138 4206 207 4287 ridp
233 4205 425 4270 arodiuami
458 4206 496 4269 do
529 4208 629 4270 orte'sia
646 4204 814 4286 pr'cjruoulc'
846 4226 867 4268 α
900 4205 939 4267 od
970 4203 1041 4268 nicio
1068 4202 1145 4267 circlo
1169 4203 1258 4268 rodni
1282 4222 1335 4284 vp-

634 4317 740 4383 oleati.

141 4496 209 4562 Nos
233 4495 397 4561 Johannes
421 4494 474 4559 dei
497 4495 606 4576 gracia
624 4495 757 4559 Boemie
779 4512 835 4558 rex
851 4512 888 4558 ac
903 4492 1193 4575 Lucemburgensis
1216 4510 1332 4570 comeo,

45 4617 147 4677 uotum
172 4610 310 4675 facimus
333 4616 444 4673 tenore
467 4608 668 4688 presencium
691 4606 861 4686 uniuersis,
886 4606 969 4687 qnod
991 4606 1157 4686 cupientes
1174 4624 1212 4670 ex
1226 4605 1333 4669 animo
