3098 5392
78 371 122 437 50
704 373 777 425 reos.

82 580 183 657 soe'bo,
213 581 275 664 uby
290 583 464 665 ptedscdot
491 583 591 648 secedo
620 580 814 662 merstem,
848 582 945 648 secde
976 587 1043 648 tam
1072 581 1204 666 vtecbny
1227 585 1352 666 pv'tpod

81 695 131 761 dte
148 694 257 777 prooo
277 695 458 762 mtstske‘bo.
487 698 636 762 brucane
657 695 768 762 mobou
797 696 945 779 minito
975 698 1028 765 soei
1053 720 1073 764 o
1095 701 1193 764 mdstt
1219 698 1294 764 doci
1320 717 1352 764 so

82 807 185 894 ty'kott'
205 808 392 893 rochetem,
414 831 436 875 a
457 814 572 876 tomedo
587 810 692 876 nooet
710 833 729 876 o
744 813 798 876 tos
819 810 984 895 vy'rodotbo
1006 810 1081 878 trbo
1101 811 1222 879 smcdtto'
1240 811 1352 878 odecbn

74 922 219 1007 pr's‘pody
240 924 361 999 trestnt,
383 921 467 990 ttere‘
488 945 522 989 sc
542 924 614 990 moti
634 921 732 990 telem
752 926 853 991 mesto
875 923 1019 991 sbtbnou.
1044 924 1187 992 mesa
1204 927 1328 1011 nenoojt
1339 947 1352 992 s

67 1036 179 1119 croco
199 1033 305 1119 como
325 1035 398 1102 mor
417 1034 516 1102 eom
536 1039 655 1120 nem»,-
676 1036 869 1120 ooooaceem
884 1021 1093 1126 meroes
1105 1037 1251 1106 soom
1273 1039 1351 1106 zos

82 1136 285 1236 truiloesbdcb
311 1147 397 1214 ortos
415 1148 487 1215 sobd
505 1149 652 1227 navortii,
683 1171 704 1215 a
732 1150 808 1216 nent
835 1150 926 1218 tr'eba
948 1151 1008 1235 sti
1036 1157 1100 1218 tom
1125 1149 1314 1236 oykosovati
1342 1175 1352 1218 s

60 1354 61 1357 Ἴ
86 1262 231 1351 „peiett“,
254 1285 276 1329 a
296 1264 406 1328 roontt
419 1264 455 1346 jc
476 1263 564 1329 volco
586 1261 738 1329 tatdtmu
757 1263 962 1347 peccam
982 1265 1022 1332 do
1042 1268 1143 1333 mtstc
1164 1286 1198 1332 se
1218 1265 1352 1332 etthoen

146 1400 168 1442 a
188 1378 257 1460 opc't
279 1397 312 1444 se
333 1373 430 1444 oeteo
451 1373 613 1458 cybosrtt,
632 1371 712 1460 coyt
733 1372 773 1444 od
789 1374 883 1461 pdna
904 1377 996 1446 sesto
1017 1397 1118 1446 ecem
1138 1378 1316 1462 odpsedtm

184 1605 222 1670 In
243 1603 372 1670 nomine
393 1603 515 1670 domini
537 1623 638 1671 emen.
662 1604 730 1673 Nos
754 1605 929 1675 Ottekerus
952 1610 1005 1676 dei
1027 1608 1137 1692 gracia
1152 1609 1288 1676 Boemie
1308 1630 1352 1676 rer

81 1723 145 1786 dux
167 1717 298 1784 Austris
319 1723 353 1783 et
374 1717 479 1800 Stirye
506 1736 543 1784 ao
566 1719 708 1786 marchio
735 1719 889 1787 Morsuie.
936 1721 1092 1789 Omnibus
1114 1723 1149 1788 in
1170 1728 1352 1806 perpetuen

83 1834 293 1902 Condiciones
317 1832 517 1899 subditorum
538 1831 630 1900 nobis
653 1839 685 1900 et
706 1834 779 1902 iure
800 1836 969 1902 meliorare
999 1838 1153 1917 volentes,
1183 1841 1220 1902 vt
1247 1838 1291 1903 ad
1321 1838 1352 1904 oi

81 1947 277 2032 sequendum
299 1945 392 2012 nobis
414 1945 518 2027 magis
540 1945 668 2011 valeant
698 1944 883 2012 obedientes
905 1947 940 2013 in
962 1947 1109 2014 omnibus
1131 1948 1275 2015 inueniri
1299 1967 1352 2039 erg

81 2083 139 2130 nos
162 2061 251 2127 ducti
272 2060 340 2126 zelo
364 2058 549 2125 sincerioris
571 2055 715 2141 effectus,
743 2060 946 2128 concedimus
968 2066 1002 2128 et
1023 2061 1178 2127 donemus
1202 2061 1243 2127 de
1265 2081 1352 2144 grac]

80 2175 214 2259 speciali
236 2173 362 2240 ciuibus
384 2173 503 2239 nostris
527 2171 567 2238 de
588 2173 667 2239 Sucn
677 2169 702 2255 ¹)
727 2177 759 2238 et
784 2173 946 2240 vniuersie
975 2176 1017 2240 ad
1047 2175 1182 2242 eandem
1210 2176 1352 2258 pertinen

81 2292 177 2370 tibus,
199 2288 283 2372 quod
306 2287 347 2353 ed
370 2287 526 2362 iudicium
548 2286 709 2368 Pregense
736 2287 789 2352 nel
812 2286 901 2354 uliud
922 2283 1177 2371 quodcumqueb
1200 2288 1286 2354 trahi
1306 2310 1352 2357 nor

81 2403 219 2470 debeant
239 2421 298 2466 nec
322 2395 523 2482 conuenirib
547 2397 635 2479 alibi,
661 2417 757 2481 quam
779 2418 886 2465 corum
908 2418 967 2468 suo
989 2400 1097 2468 iudice
1119 2418 1218 2482 super
1240 2420 1352 2467 excessu

81 2533 289 2601 quocumque,
312 2513 376 2578 nisi
399 2510 481 2578 forte
503 2511 600 2576 iudex
622 2509 709 2577 idem
725 2511 889 2579 iusticiam
903 2511 1010 2578 iecere
1024 2513 1207 2596 denegaret
1230 2513 1274 2579 Et
1287 2513 1352 2598 quos¹

82 2647 157 2696 suos
180 2628 341 2693 debitores
366 2624 526 2708 quoslibet
546 2629 603 2691 cut
623 2625 715 2706 elios,
739 2629 849 2692 contra
870 2644 950 2708 quos
973 2626 1061 2693 accio
1083 2626 1132 2694 eis
1154 2628 1309 2711 competit
1327 2627 1352 2691 ir

81 2745 147 2810 iem
169 2740 255 2807 diets
277 2740 410 2807 ciuitate
438 2758 512 2807 cum
542 2757 600 2804 suo
626 2738 734 2804 iudice
763 2739 834 2805 siue
863 2739 997 2806 nunceio
1027 2739 1097 2806 eius
1126 2740 1217 2807 licite
1245 2740 1352 2806 relecn

82 2856 227 2922 detinere
248 2855 288 2920 ed
312 2873 387 2920 sues
410 2853 547 2920 iniurias
569 2852 731 2919 mediante
745 2851 876 2920 iusticie
890 2852 1138 2937 prosequendos.
1162 2853 1352 2921 Admittimu

82 2989 208 3052 quoque
230 2972 262 3034 et
283 2969 465 3048 statuimus,
495 2970 530 3032 vt
558 2966 665 3032 omnia
690 2970 874 3049 perpetrate
902 2968 936 3033 in
965 2967 1088 3048 diebus,
1122 2968 1240 3050 quibus
1268 2967 1352 3035 form

83 3084 194 3151 estin
225 3083 337 3147 eedem
359 3082 501 3162 ciuitate,
531 3098 588 3163 per
618 3078 783 3146 venientes
813 3086 846 3146 et
874 3080 1061 3147 recedentes
1090 3081 1126 3146 in
1155 3081 1209 3147 rie
1238 3082 1352 3149 circum

83 3215 209 3280 quaque
230 3195 315 3260 infre
337 3195 482 3276 specium
504 3194 598 3260 rnius
624 3193 760 3260 milisris
791 3193 889 3261 iudex
917 3193 1003 3261 idem
1032 3193 1156 3261 iudicet
1183 3197 1217 3261 et
1245 3195 1352 3262 decido

84 3309 214 3376 iusticie
236 3308 407 3389 mediante,
430 3309 489 3374 hoc
501 3307 635 3387 adiecto,
658 3307 752 3390 quod,
776 3307 804 3373 si
826 3326 921 3390 quem
942 3307 984 3372 sd
1005 3307 1235 3389 presidendum
1252 3304 1352 3375 iudici

83 3425 153 3488 loco
183 3422 285 3488 nostri
319 3420 438 3486 ibidem
470 3420 708 3503 profecerimus,
743 3425 777 3485 vt
805 3420 876 3501 ipse
904 3419 1027 3485 iudicet
1057 3438 1170 3487 causes
1201 3435 1352 3488 omnese

85 3535 227 3617 singulos
242 3534 314 3598 iure
328 3532 448 3599 ibidem
471 3532 751 3598 consuetudinario
774 3535 807 3597 et
829 3532 927 3598 ciuili.
954 3533 1132 3600 Statuimus
1154 3535 1266 3615 eciem,
1287 3550 1352 3618 quot

86 3649 332 3730 circmnquaque
354 3646 393 3711 ab
415 3646 488 3727 ipse
510 3646 642 3711 ciuitate
673 3645 713 3709 ed
735 3644 862 3710 miliare
890 3644 1023 3710 taberne
1051 3663 1115 3711 non
1145 3645 1198 3726 sit,
1228 3652 1261 3713 et
1288 3639 1352 3729 quod

85 3761 124 3826 ab
147 3762 194 3825 eis
217 3761 267 3824 vel
290 3779 402 3825 eorum
424 3759 546 3824 familia
568 3759 609 3823 ad
633 3759 749 3823 siluam
778 3756 927 3823 euntibus
955 3758 1092 3840 signum,
1115 3759 1201 3840 quod
1229 3760 1264 3824 in
1292 3758 1352 3840 ulgc

85 3892 218 3957 pecnocz
241 3873 368 3953 dicitur,
396 3893 458 3938 non
481 3877 617 3953 petetur.
659 3871 706 3953 Et
734 3871 925 3953 quicumque
954 3872 996 3936 ed
1025 3872 1191 3938 ciuitatem
1213 3891 1250 3939 se
1269 3878 1352 3939 trans

85 3989 169 4054 ferre
192 3987 329 4051 voluerit
350 4006 408 4068 pro
430 3985 587 4050 monendo
610 3989 642 4050 et
664 3984 799 4050 soluerit
827 3983 954 4050 domino
984 4003 1043 4050 suo
1073 3985 1134 4066 ius,
1165 3986 1252 4068 quod
1279 3987 1352 4069 wlgu

85 4103 164 4166 riter
186 4102 322 4182 weglose
332 4096 356 4182 ⁴)
381 4100 508 4179 dicitnr,
532 4099 593 4164 ibit
602 4098 712 4179 iibere,
729 4115 787 4162 nec
801 4096 1018 4163 retardabitur
1028 4095 1053 4181 ⁶)
1073 4103 1131 4165 ant
1144 4095 1352 4184 impedieth

86 4216 120 4279 in
143 4216 250 4298 aliquo
273 4232 330 4296 per
352 4214 525 4293 dominum,
548 4214 581 4276 in
605 4211 696 4276 cuius
719 4217 814 4277 entes
834 4211 928 4278 bonis
950 4211 1077 4278 mansit.
1104 4212 1229 4279 Eadem
1250 4231 1352 4299 quoqu

86 4328 234 4393 libertate
267 4326 451 4410 gaudebunt
479 4327 520 4391 ed
551 4326 639 4391 eliud
671 4325 847 4392 dominium
880 4325 921 4391 de
953 4326 1086 4391 ciuitate
1114 4327 1261 4393 volentes
1288 4329 1352 4397 orn

88 4443 196 4523 grecia
219 4442 403 4507 mensionis.
448 4441 492 4505 Et
513 4445 548 4504 vt
570 4440 721 4505 vniuerse
742 4443 775 4504 et
796 4440 923 4521 singule
949 4439 1070 4521 rigoris
1092 4438 1144 4505 sui
1165 4440 1352 4519 retitudinsu

88 4555 257 4619 valituram
293 4558 447 4635 perpetuo
485 4552 672 4632 sorciantur,
710 4569 843 4633 presens
879 4551 1127 4619 instrumentum
1163 4555 1352 4625 annotetis!
