3098 5392
744 451 821 502 rear.
1360 451 1424 517 331

118 654 252 738 possint
273 661 307 722 et
328 656 459 723 valeant
480 662 592 726 tenore
614 660 817 742 presencium
848 664 882 724 et
904 658 945 724 de
969 665 1058 729 certa
1078 665 1190 727 nostra
1213 661 1355 727 sciencia
1378 663 1426 726 in-

120 770 304 852 dulgemus,
328 772 471 853 exceptis
494 778 602 837 tamen
625 772 773 839 omnibus
789 778 823 840 et
838 772 977 855 singulis
1002 774 1087 854 aliis,
1107 774 1167 854 qui
1182 773 1223 839 ab
1243 774 1425 843 illustribus

120 885 289 967 quondam
318 885 601 968 predecessoribus
633 887 766 968 nostris,
796 886 930 953 Boemie
955 887 1087 970 regibus
1119 893 1177 953 aut
1198 887 1345 972 ducibus,
1367 907 1426 955 seu

121 998 228 1065 eciam
250 997 385 1065 anobis
409 1001 537 1082 gracias
567 1000 756 1071 consimiles
779 1000 898 1067 habere
920 1005 1107 1082 noscuntur,
1134 1000 1251 1083 quibus
1274 1019 1332 1084 per
1353 1021 1425 1085 pre

120 1116 248 1179 sentem
281 1113 424 1195 graciam
457 1119 602 1180 nostram
636 1115 786 1192 nolumus
823 1115 858 1180 in
891 1114 1000 1197 aliquo
1035 1113 1192 1196 derogari.
1232 1114 1425 1182 Mendesius

121 1226 227 1308 igitur
248 1226 411 1293 uniuersis
431 1232 465 1293 et
479 1228 619 1311 stngulis
641 1226 827 1310 baronibus,
849 1227 1023 1309 nobilibus,
1046 1227 1216 1310 militibus,
1240 1227 1422 1310 clientibus,

121 1337 317 1406 officialibus
349 1340 532 1424 ceterisque
563 1341 684 1408 nostris
714 1347 747 1407 et
774 1342 868 1424 regni
889 1341 1025 1409 Boemie
1057 1340 1198 1409 subditis
1221 1346 1255 1408 et
1275 1339 1425 1409 fidelibus

120 1459 236 1519 tenore
256 1455 462 1536 presencium
483 1453 620 1521 firmiter
634 1460 668 1520 et
682 1472 843 1537 expresse,
866 1472 908 1525 ne
929 1454 995 1538 ipsi
1016 1453 1160 1537 prefatos
1184 1455 1274 1521 ciues
1296 1460 1424 1522 nostros

121 1568 157 1633 in
188 1567 374 1636 huiusmodi
395 1569 508 1651 gracia
536 1569 619 1652 ipsis
650 1587 709 1652 per
738 1587 797 1635 nos
826 1567 913 1636 facta
943 1568 1123 1651 impediant
1152 1568 1339 1650 aliqualiter
1367 1577 1425 1636 eut

119 1681 304 1763 molestent,
335 1682 393 1749 sed
415 1682 542 1766 pocius
560 1683 648 1751 circa
676 1683 862 1749 huiusmodi
892 1687 1004 1749 nostro
1034 1683 1163 1751 nomina
1192 1688 1423 1750 manuteneant

120 1792 298 1865 efficaciter
320 1801 354 1862 et
375 1802 578 1878 conseruent,
608 1802 706 1879 prout
737 1796 1001 1878 indignacionem
1028 1801 1172 1863 nostram
1195 1797 1424 1879 grauissimam

120 1908 285 1975 noluerint
317 1910 450 1977 euitare.
489 1910 696 1977 Presencium
731 1910 790 1977 sub
823 1911 915 1993 regie
946 1910 1127 1976 maiestatis
1161 1916 1279 1978 nostre
1315 1910 1423 1993 sigillo

119 2022 308 2091 testimonio
340 2024 530 2097 litterarum.
570 2025 689 2092 Datum
722 2026 756 2091 in
787 2024 938 2091 Mendico
971 2042 1055 2091 anno
1085 2024 1208 2091 domini
1249 2023 1421 2090 millesimo

119 2136 349 2209 trecentesimo
368 2137 577 2220 nonagesimo
606 2138 722 2221 primo,
745 2137 799 2203 die
820 2137 884 2203 XII
905 2136 1009 2218 Iunii,
1037 2156 1210 2220 regnorum
1237 2141 1421 2203 nostrorum

119 2268 208 2319 uuna
231 2250 364 2318 Boamie
386 2251 541 2318 vicesimo
564 2256 689 2333 octauo,
711 2252 929 2318 Romanorum
952 2269 1028 2318 vero
1050 2251 1164 2333 quinto
1187 2250 1321 2319 decimo.

446 2442 513 2526 [Na
537 2442 653 2528 ohbu:]
675 2444 727 2510 Ad
749 2443 946 2510 relacionem
968 2442 1168 2526 Sigismundi
1191 2442 1421 2510 subcamerarii

713 2557 902 2625 WlachnIco
925 2558 965 2624 de
987 2556 1220 2640 Weytenmule.

227 2695 293 2781 [Na
313 2693 427 2785 rubur]
450 2698 489 2764 R.
512 2697 629 2765 Petrus
651 2696 693 2764 de
714 2697 885 2766 Wiscbon.

228 2902 301 2972 Orig.
328 2920 405 2974 perg.
424 2922 440 2958 r
459 2904 570 2959 archivo
589 2922 623 2958 m.
641 2904 745 2959 Kolina
762 2905 801 2960 N·
817 2905 882 2959 XIII
911 2904 1006 2974 (sterili
1024 2905 1081 2959 br
1105 2905 1175 2959 rohu
1193 2910 1239 2971 213
1267 2904 1357 2959 rukou
1384 2918 1420 2973 po

119 3018 142 3053 r.
159 3004 229 3054 1647
248 2999 270 3054 b.
291 3001 341 3070 10).
360 3000 378 3054 S
396 3001 534 3056 dlomlrem
552 3001 632 3056 vellre
650 3000 800 3056 krelorske
818 3000 909 3072 pedeti
926 3019 963 3056 na
980 3018 1056 3071 parg.
1075 3002 1200 3071 proullru
1216 2997 1360 3054 revelent.
1378 2999 1422 3054 Na

117 3096 192 3150 rubn
211 3095 380 3165 pozndmlra:
410 3095 451 3160 ,R
471 3098 587 3151 brendini
604 3097 704 3152 iemesl
722 3114 739 3151 r
757 3097 815 3151 mili
834 3104 884 3152 etc.
903 3114 920 3152 a
937 3097 1021 3152 ciuich
1040 3097 1087 3166 pir
1104 3095 1282 3152 dankerand.
1299 3094 1370 3165 Kop.
1389 3110 1421 3150 ze

117 3191 193 3248 XVI.
219 3191 281 3246 stol.
301 3207 318 3245 r
336 3194 461 3262 pembtni
477 3192 557 3248 knize
583 3211 617 3248 m.
635 3194 739 3249 Kolina
756 3213 771 3249 z
789 3211 810 3248 r.
831 3199 896 3249 1⁶01
923 3210 960 3248 na
984 3194 1001 3247 l.
1020 3200 1052 3248 44
1071 3212 1095 3248 v.
1113 3209 1146 3247 ze
1164 3192 1303 3263 napisem:
1342 3193 1420 3262 ,Aby

118 3289 277 3344 iemeslnici
303 3289 404 3345 vokolo
423 3289 526 3346 KoIIna
552 3292 609 3345 mili
627 3291 817 3347 neitolovsli“.
835 3322 868 3332 -
881 3291 982 3359 Pelzel,
999 3289 1265 3360 Lebensgeschichte
1283 3287 1318 3343 Κ.
1335 3287 1420 3344 Wan-

117 3384 239 3447 ceslaus.
257 3384 438 3443 Urlruadanb.
454 3386 494 3442 Nl
504 3387 652 3442 LXXVHI.

688 3652 752 3736 dis.
781 3669 853 3734 ccc.

449 3860 547 3940 1391,
570 3860 615 3929 29
638 3862 830 3928 dervense.
854 3858 910 3926 Na
926 3859 1097 3929 ‘nobilib

118 4071 206 4137 Krcil
237 4068 352 4135 Vdclao
374 4072 396 4134 l
401 4071 430 4135 V
453 4073 564 4153 opeda&
591 4068 741 4152 subactae
770 4066 973 4134 soukcnc‘krba
995 4091 1013 4131 o
1036 4071 1134 4133 anistri
1155 4054 1245 4137 late
1267 4072 1335 4154 ped
1359 4093 1419 4155 po·

117 4185 217 4252 ksctou
241 4187 305 4250 100
325 4182 385 4267 top
406 4207 467 4267 cr,
491 4184 552 4267 aby
573 4180 688 4267 brdjcli
707 4205 727 4243 a
736 4181 910 4264 prodcivclr'
931 4180 1035 4246 sukna
1056 4203 1101 4247 aa
1122 4181 1212 4266 lette,
1235 4184 1417 4269 odboldoajc

113 4300 172 4383 pr't‘
193 4303 257 4364 tom
274 4298 430 4380 perolent,
452 4296 538 4363 letare
559 4297 610 4379 tot
632 4295 756 4377 drubdy
786 4292 989 4360 selenitem
1021 4316 1065 4359 na
1087 4293 1186 4361 dlcodu
1217 4296 1287 4363 obce
1306 4297 1415 4366 ecurt

225 4517 297 4583 Wir
319 4516 499 4584 Wenczlaw
522 4524 645 4582 —tun
669 4517 750 4580 krunt
771 4551 824 4596 -,
854 4514 914 4579 wia
936 4512 995 4578 wol
1019 4511 1077 4578 das
1100 4530 1166 4597 sey,
1198 4514 1257 4582 das
1288 4518 1346 4584 wir
1376 4538 1417 4584 zu

114 4633 245 4700 andern
280 4632 403 4699 czaiten
437 4633 514 4699 uber
545 4632 653 4698 solche
690 4630 897 4711 vorbietung,
935 4626 989 4692 die
1027 4627 1146 4710 setiger
1183 4632 1420 4711 gedachtnusse
