3098 5392
681 447 756 498 1401.
1304 444 1370 510 945

61 662 153 723 extra
175 655 331 723 diocesim
354 654 533 737 predictum
561 653 604 720 ud
620 654 780 721 iudicium
795 654 881 719 trahi
895 654 1065 733 nequeatis
1086 653 1192 734 inuiti,
1210 658 1244 720 et
1259 670 1370 736 quem·

62 771 120 836 diu
138 770 244 853 puruti
260 768 394 835 fueritis
419 787 527 835 corum
550 773 657 835 vestro
681 767 846 835 ordinario
869 766 1037 832 dumtaxat
1056 767 1097 832 de
1112 766 1205 834 uobis
1229 784 1366 850 conque·

61 883 208 950 rentibus
233 889 320 950 stete
343 884 417 964 iuri,
443 883 653 950 decernentes
676 882 906 949 nichilominus
931 881 1110 947 sententies
1134 886 1167 946 et
1182 897 1365 962 processus,

63 1017 144 1081 ques
167 1003 201 1064 et
223 1016 305 1080 quos
332 1003 446 1065 contre
467 997 629 1080 presentis
653 997 771 1064 indulti
793 996 930 1062 formsm
945 994 1144 1077 promulgari
1159 993 1270 1060 lorsun
1294 1013 1368 1060 con-

63 1111 175 1194 tigerit
189 1112 243 1177 uel
258 1111 379 1193 heberi,
406 1111 518 1178 irritos
535 1117 568 1177 et
583 1112 707 1191 inanes,
724 1108 928 1193 presentibus
946 1113 1102 1191 perpetuo
1120 1107 1369 1190 quibuscunque

64 1223 337 1306 reuocstionibus,
373 1225 492 1293 litteris
530 1231 564 1291 et
596 1223 871 1292 declarationibus
910 1241 969 1305 per
1009 1220 1118 1288 sedem
1156 1222 1367 1304 apostolicum

63 1339 244 1422 predictum
279 1341 313 1406 in
344 1357 463 1423 genere
496 1340 550 1406 uel
580 1340 615 1406 in
646 1339 756 1422 specie
785 1337 846 1404 sub
878 1354 1071 1422 quecunque
1100 1334 1203 1403 formu
1236 1337 1288 1402 uel
1315 1355 1369 1403 ex-

63 1454 233 1536 pressione
255 1453 428 1521 uerborum
450 1453 545 1521 fectis
572 1459 606 1521 et
627 1452 744 1520 fiendis
773 1457 832 1518 sut
863 1452 1025 1519 concessis
1055 1450 1109 1517 uel
1140 1450 1367 1534 concedendis,

63 1586 124 1651 per
145 1586 225 1650 quos
248 1585 384 1651 presens
406 1567 569 1635 indultum
589 1568 742 1652 impediri
765 1568 890 1634 ualeret
919 1571 977 1632 out
998 1551 1238 1649 quomodolibet
1267 1571 1367 1632 retsr·

64 1681 146 1763 duri,
170 1700 293 1749 necnon
317 1682 505 1764 apostolicis
529 1701 566 1750 uc
588 1682 845 1766 prouincialibus
868 1687 902 1748 et
924 1679 1135 1765 synodalibus
1165 1679 1368 1748 constitutio·

64 1795 160 1862 nibus
192 1801 226 1862 et
247 1795 322 1862 uliis
346 1796 518 1864 contrariis
541 1814 743 1881 nequequam
766 1795 968 1864 obstantibus
1000 1795 1034 1862 in
1058 1814 1117 1864 suo
1144 1798 1260 1867 robore
1286 1801 1367 1866 irre·

64 1908 258 1976 uocabiliter
278 1909 453 1977 duraturis.
497 1909 588 1977 Nulli
620 1928 696 1994 ergo
727 1912 856 1978 omnino
879 1912 1044 1980 hominurn
1074 1913 1172 1982 liceat
1201 1914 1286 1982 hunc
1307 1934 1365 1998 pu·

64 2025 174 2106 ginsm
198 2029 309 2090 nostre
332 2025 552 2092 concessionis
575 2030 608 2092 et
631 2027 808 2094 voluntatis
831 2025 1009 2110 intringere
1032 2028 1084 2094 vel
1108 2027 1138 2094 ei
1161 2046 1244 2096 ausu
1266 2035 1365 2095 teme·

62 2139 151 2204 rario
175 2138 344 2204 contraire.
390 2138 424 2205 si
457 2140 530 2223 quis
559 2144 668 2206 sutem
700 2140 761 2209 hoc
791 2146 984 2225 attemptare
1006 2142 1250 2225 presumpserit,
1281 2144 1365 2209 indi·

63 2253 253 2334 gnucionem
280 2253 510 2336 omnipotentis
532 2253 596 2320 Dei
618 2260 651 2320 et
672 2252 840 2321 beatorum
862 2255 950 2321 Petri
975 2260 1008 2321 et
1030 2255 1124 2322 Pauli
1147 2257 1365 2339 apostolorum

63 2367 135 2432 eius
170 2385 206 2432 se
235 2367 364 2435 nouerit
396 2367 611 2435 incursurum.
656 2369 777 2436 Datum
806 2369 908 2437 Rome
937 2370 1025 2454 opud
1057 2374 1204 2438 sunctum
1233 2370 1365 2438 Petrum

62 2481 166 2546 tercio
198 2480 320 2548 decimo
349 2481 505 2549 kalendas
527 2483 655 2565 Marcii,
686 2482 892 2567 pontificatus
925 2485 1028 2551 nostri
1058 2503 1143 2552 enno
1166 2484 1364 2552 duodecimo.

739 2677 790 2743 De
813 2677 969 2744 mandato
996 2676 1111 2745 iacobi
1134 2677 1175 2744 de
1197 2677 1320 2745 Berum.

168 2860 296 2930 Registrs
313 2864 418 2933 pupule
436 2861 567 2918 Boniiutcc
578 2863 618 2917 lX
629 2881 645 2918 s
657 2881 678 2918 r.
694 2870 759 2919 1401
781 2879 854 2919 enno
868 2870 908 2919 12.
922 2865 944 2920 b
959 2872 993 2921 20
1008 2881 1046 2921 nu
1056 2865 1074 2920 l.
1087 2864 1210 2921 XXXIX.
1222 2883 1241 2920 r
1252 2868 1364 2923 urchirn

61 2957 275 3012 Vstiktnskem.
312 2959 457 3014 Zkrtccnt
475 2960 558 3030 kopic
577 2976 594 3013 u
611 2960 724 3016 urchivu
741 2962 890 3016 zcmslrem.
922 2963 944 3016 Z
963 2962 1052 3033 picdu
1070 2963 1240 3033 pozndmlrs:
1260 2967 1308 3031 ,A.
1328 2964 1362 3021 de

60 3053 287 3122 Portngruurio“.
311 3085 345 3095 -
373 3053 516 3110 Sonbesnu
540 3055 624 3125 kopic
651 3072 669 3109 v
685 3055 762 3111 Libri
787 3056 956 3112 erectionum
981 3059 1019 3114 VI
1046 3075 1083 3114 ne
1105 3060 1123 3114 l.
1143 3064 1201 3115 382.
1220 3090 1254 3101 -
1272 3043 1364 3130 (leski

61 3148 181 3218 picklud
201 3149 335 3218 uveiejnil
352 3149 498 3222 Vosolskq,
519 3151 616 3207 Kutnd
633 3151 712 3207 Horu
730 3158 777 3208 str.
796 3159 839 3207 42.

614 3357 631 3394 *
656 3339 720 3422 ds.
746 3356 818 3421 use.

435 3544 536 3628 1401,
562 3545 604 3615 17
626 3546 776 3615 bienno.
808 3545 840 3614 V
864 3545 993 3615 Prone
1118 3578 1121 3586 ·

60 3737 151 3804 Krcil
180 3736 294 3803 Vcicloo
315 3736 371 3801 IV
385 3737 537 3804 odboldod
558 3738 718 3821 majestdt,
741 3737 862 3822 lctcrq'm
878 3737 999 3821 pooobl
1018 3735 1193 3804 renskdmu
1214 3732 1360 3803 bosora

60 3849 242 3917 nennebtbo
263 3850 349 3916 r'udu
371 3850 482 3917 Als'ooi
503 3874 521 3917 s
546 3853 643 3931 Dube',
668 3853 728 3936 uby
751 3852 860 3918 odrice
883 3852 922 3917 do
944 3854 1052 3917 ddisse
1071 3852 1122 3918 sla
1142 3850 1210 3932 jetro
1232 3844 1359 3917 medem

62 3963 293 4042 Cbomritoom
317 3986 338 4030 a
359 3969 555 4051 uduooosq'c,
577 3968 610 4033 ric
623 3966 702 4051 jabo
724 3987 764 4033 ea
786 3968 863 4032 costi
886 3966 988 4032 clunic
1001 3963 1111 4031 Karia
1133 3966 1154 4029 I
1158 3965 1188 4028 V
1201 3962 1258 4030 talc
1272 3965 1286 4029 i
1299 3986 1359 4031 no·

59 4078 137 4145 sco
157 4079 267 4145 sunm
288 4084 324 4145 ra
344 4080 399 4146 ms
413 4082 472 4164 jur
491 4085 566 4164 pres
589 4081 771 4157 Persaeus,
793 4081 916 4147 nasas
938 4102 959 4146 a
982 4063 1083 4162 doec,
1106 4101 1128 4144 a
1149 4081 1183 4146 o
1197 4080 1357 4163 sepsos

57 4197 161 4263 tccbto
183 4199 263 4261 mist
283 4197 366 4279 maji
381 4196 485 4278 prrioo
507 4196 574 4262 nod
603 4197 661 4261 tim
690 4196 779 4276 editi,
811 4196 872 4278 uby
902 4216 936 4260 sc
958 4215 973 4260 s
995 4193 1169 4277 Iomcdutm
1191 4194 1231 4259 do
1254 4194 1361 4261 Miscet

556 4309 675 4392 js'nrcdy
696 4308 855 4393 scjcrdr'lo.

167 4501 239 4569 Wir
267 4501 428 4570 Wenzluw
464 4523 525 4570 uon
559 4510 650 4586 gotes
685 4502 811 4585 gusden
841 4502 1031 4570 Romiscber
1064 4500 1165 4585 kunig
1198 4520 1240 4567 nu
1273 4501 1357 4569 ullen

54 4619 187 4691 cueiten
210 4635 315 4683 merer
337 4615 395 4682 des
417 4617 523 4683 reichs
555 4616 619 4680 vnd
649 4615 749 4697 kunig
780 4634 838 4681 czu
861 4614 983 4682 Behem
1011 4615 1180 4682 bekennen
1211 4615 1276 4682 vnd
1298 4622 1357 4683 tnn

1168 4748 1201 4799 co
