3098 5392
578 421 653 471 rara.
1237 421 1301 487 401

113 641 266 691 *manum
287 629 401 693 merito
424 627 591 693 liberalius
614 627 787 709 aperimus,
810 643 891 709 quos
913 623 1025 690 fideles
1049 626 1141 693 nobis
1164 629 1204 693 ab
1228 647 1302 711 ope

113 739 317 822 experimento
340 741 498 807 sentimus
521 741 616 807 etad
638 739 876 823 procurandum
898 739 988 821 pacis
1008 742 1041 805 81
1056 741 1302 822 tranquillitatis

113 853 170 921 oda
191 852 335 919 feruidos
359 853 582 937 cognoscimus
605 858 638 919 et
660 853 804 920 deuotos.
839 853 926 920 Dum
948 852 1050 921 eciam
1072 853 1155 920 tales
1176 854 1232 936 pio
1253 853 1269 926 f
1287 889 1301 901 ·

113 967 346 1048 prosequimur,
376 967 459 1035 alios
482 971 605 1037 semoto
627 966 725 1033 dubio
747 966 789 1058 ad
812 965 972 1058 agendum
1003 965 1124 1033 similia
1150 968 1300 1049 paratius

113 1099 188 1145 mus.
234 1080 394 1163 Inspectis
424 1083 534 1164 itaque
562 1078 708 1149 fidelium
736 1083 922 1147 nostrorum
949 1076 1146 1149 ’8118818888
1178 1081 1301 1153 ciuium

113 1194 147 1259 is
159 1192 369 1259 Melnicensis
391 1211 490 1276 super
510 1193 613 1260 Albea
631 1212 696 1260 non
717 1194 831 1276 paucis
852 1192 976 1277 fatigia,
999 1191 1164 1260 laboribus
1187 1198 1221 1260 et
1241 1195 1301 1261 im·

113 1350 124 1387 ,‚
157 1325 238 1390 quoa
261 1312 295 1373 81
315 1325 396 1392 quas
418 1307 459 1372 ad
482 1306 785 1374 exterminacionem
811 1311 845 1372 et
865 1306 1035 1373 interitum
1062 1306 1220 1373 malorum
1242 1305 1298 1373 bo·

113 1438 134 1500 1,
157 1422 213 1501 qui
236 1438 294 1502 per
315 1421 412 1503 furta,
442 1422 628 1502 violencias,
659 1420 764 1503 spolia
785 1426 819 1487 81
838 1420 971 1502 rapinas
992 1419 1093 1487 bonos
1116 1420 1297 1504 inquietare

113 1532 219 1599 andere
240 1553 305 1601 non
326 1534 509 1616 formidant,
539 1534 705 1601 indefessa
726 1534 980 1617 promptitudine
1000 1533 1094 1600 iuxta
1114 1551 1173 1599 sue
1193 1535 1299 1616 possi·

113 1647 138 1712 18
168 1647 351 1714 8818881888
381 1667 444 1715 888
475 1647 627 1715 desinunt
659 1665 818 1729 exercere,
848 1647 930 1729 ipsis
960 1645 1087 1712 ciuibus
1117 1650 1151 1713 81
1172 1646 1298 1714 81811811

131 1759 278 1841 predicte
298 1760 383 1827 bona
404 1761 557 1827 vniuersa
586 1766 619 1827 et
649 1761 778 1843 singula
806 1756 1025 1826 maleficorum
1053 1758 1219 1826 bominum
1240 1779 1299 1844 per

113 1873 202 1955 ipsos
224 1873 384 1956 acquisita
406 1879 440 1940 ct
460 1875 495 1940 in
516 1871 720 1956 pestorano
745 1871 950 1955 acquirenda,
974 1890 1037 1955 que
1058 1876 1189 1955 proptor
1210 1874 1297 1956 ipso·

113 1984 312 2053 naleficorum
335 1987 492 2053 demerita
514 1986 555 2052 ad
577 2004 637 2053 nos
652 1988 743 2053 iuxta
764 1986 858 2069 regni
880 1986 984 2052 nostri
1001 1986 1106 2068 juset
1127 1990 1297 2053 88888818·

130 2106 369 2165 consueuerunt
387 2101 527 2182 deuolui,
551 2101 675 2181 damus,
699 2099 903 2167 concedimus
919 2103 953 2165 81
966 2103 1078 2166 tenore
1092 2101 1296 2181 presencium

113 2213 195 2279 imus
215 2213 290 2296 jure
310 2212 507 2280 hereditario
529 2220 563 2280 81
584 2219 739 2298 perpetuo
761 2232 800 2280 ac
822 2213 988 2295 donamus,
1016 2212 1143 2297 ipsique
1157 2212 1295 2296 ciuitati,

113 2325 165 2391 rde
187 2325 400 2407 amplioribus
421 2325 571 2410 proficiat
591 2327 810 2407 incrementis,
833 2325 1012 2393 donacione
1025 2326 1208 2394 inuiolabili
1222 2344 1296 2410 per·

124 2439 280 2504 duratura
308 2441 511 2506 annectimus
533 2444 567 2506 81
587 2440 716 2506 8818888
745 2438 894 2521 tenenda,
924 2438 1080 2523 habenda,
1110 2439 1294 2508 rtir'ruenda

113 2553 245 2618 uitatem
267 2553 402 2619 eandem
424 2554 560 2636 eiusque
581 2555 671 2622 ciues
694 2559 727 2620 et
746 2554 869 2621 incolas
885 2559 918 2620 et
932 2552 1067 2637 pacifice
1088 2554 1293 2636 possidenda,

113 2686 188 2732 uum
222 2666 392 2733 silencium
425 2668 625 2749 imponentes
648 2666 807 2734 dictorum
839 2665 1056 2734 maleficorum
1078 2666 1230 2734 vxoribus
1261 2673 1294 2733 81

113 2780 168 2847 188
192 2784 226 2844 81
247 2778 443 2862 quibuslibet
464 2780 550 2862 aliis,
574 2780 794 2863 cuiuscunque
816 2785 920 2846 status
936 2781 989 2847 uel
1005 2779 1203 2848 condicionis
1226 2780 1293 2846 exi·

129 2911 228 2975 super
257 2893 465 2974 impeticione
496 2897 529 2958 81
558 2893 699 2973 accione,
734 2892 763 2958 si
786 2889 916 2975 quam⁸l
942 2892 1218 2975 qualitercumque
1239 2894 1292 2960 uel

113 3005 292 3086 documque
323 3023 421 3087 super
450 3005 543 3071 bonis
574 3004 758 3071 huiusmodi
789 3006 951 3071 deuolutis
983 3004 1127 3072 iacerent
1156 3005 1291 3073 forsitan

113 3124 246 3184 onerent
279 3137 469 3201 quocunque
500 3123 645 3200 tempore
678 3136 876 3184 successuro.
924 3116 1158 3184 Committimus
1192 3119 1292 3201 igitur

113 3233 155 3297 sis
179 3237 212 3297 et
235 3232 383 3313 singulis,
405 3231 555 3298 fidelibus
577 3232 697 3298 nostris
721 3231 859 3311 dilectis,
884 3232 1071 3313 capitaneis,
1095 3233 1290 3313 camerariis,

113 3342 283 3427 rotariis,⁴)
314 3345 520 3426 burggrauiis
551 3350 585 3409 81
606 3343 803 3427 quibuslibet
831 3343 906 3410 aliis
937 3345 1058 3411 nostris
1088 3327 1290 3427 officialibus,

113 3459 200 3523 tibus
225 3464 257 3523 81
278 3458 407 3538 futuris,
431 3463 464 3523 et
489 3457 672 3539 baronibus,
695 3458 858 3524 nobilibus
875 3477 913 3523 88
929 3456 1158 3524 wladiconibus
1181 3462 1290 3524 888188

113 3577 204 3637 18818
220 3572 329 3653 gracie
350 3590 389 3637 88
411 3570 610 3652 mandamus,
634 3572 762 3637 omnino
786 3572 939 3652 volentes,
964 3576 1121 3653 quatenus
1145 3571 1290 3653 predicte

113 3686 181 3750 onis
198 3691 307 3750 nostre
322 3686 432 3767 gracie
446 3685 492 3751 nil
508 3684 638 3766 penitus
654 3685 687 3750 in
708 3686 902 3751 contrarium
925 3685 1066 3750 audeant
1087 3689 1289 3767 attemptare,

113 3803 236 3879 stante,
267 3798 296 3862 81
319 3799 391 3879 quis
415 3797 573 3863 dictorum
603 3797 820 3864 maleficorum
850 3798 1020 3863 familiaris
1043 3799 1186 3879 ipsorum
1209 3799 1289 3864 exti-

112 3917 148 3976 ut
170 3912 319 3977 seruitor.
364 3911 394 3975 N
397 3930 432 3975 os
456 3911 541 3976 enirn
571 3916 796 3993 attemptatum
820 3912 870 3976 uel
893 3910 1149 3992 attemptandum
1177 3910 1289 3977 huius-

113 4043 239 4090 exnunc
271 4029 368 4107 prout
400 4030 519 4089 extunc
551 4025 680 4089 irritum
713 4025 915 4090 decernimus
951 4030 984 4089 et
1015 4024 1120 4090 inane.
1165 4023 1288 4091 Harum

113 4158 183 4219 um,
206 4157 287 4218 quas
311 4138 429 4202 nostris
454 4143 487 4202 et
501 4137 637 4203 illustris
661 4138 830 4218 Johannis,
853 4139 944 4203 ducis
956 4137 1137 4220 Kerinthic,
1160 4139 1286 4205 comitis

127 4257 160 4318 81
175 4252 316 4332 Goricie,
339 4251 449 4318 fratris
473 4254 575 4318 888181
597 4252 772 4333 karissimi,
797 4252 915 4334 sigillis
939 4252 1129 4319 communiri
1151 4251 1286 4320 fecimus

113 4372 132 4432 t
154 4365 341 4432 testimonio
369 4366 544 4430 literarum.
590 4367 711 4430 Datum
732 4367 836 4448 Prege
858 4384 941 4430 8888
964 4364 1086 4432 domini
1114 4365 1285 4433 millesimo

113 4481 215 4547 esimo
249 4478 496 4560 quadragesimo
526 4482 649 4559 octauo,
683 4480 865 4547 indiccione
895 4479 1007 4561 prima,
1038 4476 1083 4544 V⁰
1105 4477 1180 4562 (818)
1209 4479 1285 4547 idus

113 4648 115 4668 ,
139 4612 312 4676 regnorum
334 4597 518 4659 nostrorum
540 4611 623 4660 anno
647 4594 796 4661 secundo.

1094 4723 1128 4777 sc
