3098 5392
133 459 198 525 645
757 455 835 507 im.

128 692 276 758 sencium
312 690 487 769 uniuersis,
521 690 606 771 quod
640 696 772 771 propter
801 691 975 756 utilitatem
1007 694 1042 755 et
1062 690 1279 759 commodum
1301 690 1428 757 ciuitatis

132 811 262 872 nostrae
273 804 506 870 Tacbauiensis
528 804 636 868 animo
658 803 846 884 deliberato,
868 805 1067 869 authoritate
1092 804 1191 888 regia
1210 805 1428 873 Bobemiaeet

129 919 170 984 de
201 923 289 984 oerta
318 922 429 984 nostra
458 918 600 984 sciencia
630 918 719 983 ciues
749 923 783 983 et
811 918 934 983 incolas
964 917 1074 983 dietae
1097 918 1256 986 ciuitatis
1279 926 1316 987 et
1336 937 1430 986 eorum

128 1033 273 1099 homines
303 1031 345 1096 ab
376 1031 525 1097 omuibus
555 1031 648 1097 cudis
678 1032 933 1113 prouincialibus
962 1038 997 1097 et
1024 1032 1101 1097 aliis
1135 1032 1283 1101 iudiciis
1315 1033 1429 1118 qmbus-

132 1164 268 1227 cumque
292 1145 492 1212 absoluimus
510 1150 544 1210 et
558 1147 729 1212 eximimus
751 1165 810 1228 per
824 1152 1023 1230 praesentes,
1042 1146 1266 1213 decernentes
1283 1165 1428 1230 expresse

132 1264 167 1324 vt
178 1278 306 1326 exnunc
318 1260 450 1325 inantea
466 1260 507 1325 ad
523 1260 711 1324 instantiam
725 1259 866 1326 hominis
882 1259 1123 1343 cuiuscumque,
1140 1278 1260 1327 coram
1275 1259 1430 1344 quibusuis

129 1373 237 1439 iudice
262 1391 321 1439 seu
343 1373 506 1440 iudicibus
530 1374 623 1456 regni
644 1374 748 1440 nostri
763 1374 950 1454 Bobemiae,
971 1392 1031 1456 pro
1053 1372 1326 1456 quibuscumque
1338 1373 1430 1440 musis

129 1486 362 1568 criminalibus,
386 1487 538 1553 ciuilibus
562 1506 620 1553 seu
642 1487 752 1553 mixtis
774 1488 808 1552 in
831 1487 990 1553 iudicium
1010 1486 1107 1566 trabi,
1141 1488 1245 1553 citari
1269 1506 1331 1555 seu
1352 1505 1429 1554 occu·

128 1600 201 1683 pari
223 1606 315 1666 extra
337 1600 503 1667 ciuitatem
526 1605 560 1666 et
583 1600 739 1667 iudicium
761 1601 984 1668 Tacbauiense
997 1601 1209 1682 nonpossint
1222 1620 1289 1669 nec
1304 1600 1425 1668 debeant

128 1715 246 1797 quouis
268 1714 372 1781 modo.
417 1713 538 1781 Verum
561 1714 685 1797 siquis
710 1720 822 1780 conba
845 1715 1091 1780 uniuersitatem
1112 1713 1225 1795 ipsam
1250 1720 1313 1781 ant
1332 1731 1427 1782 eorum

128 1829 268 1910 aliquem
292 1827 466 1911 quidquam
489 1827 639 1893 habuerit
671 1829 819 1909 actionis,
849 1828 930 1893 illud
961 1845 1067 1894 coram
1097 1824 1212 1895 iudice
1235 1847 1299 1895 sen
1321 1828 1426 1896 iudicio

128 1941 236 2006 dictae
258 1941 413 2022 ciuitatis,
445 1941 503 2022 qui
524 1959 582 2023 pro
604 1947 749 2024 tempore
770 1941 879 2022 fuerit,
909 1946 1133 2024 prosequatur,
1170 1942 1229 2024 qui
1263 1942 1426 2025 unicnique

128 2055 311 2136 expeditam
345 2054 469 2120 tenebit
498 2060 532 2119 et
560 2053 690 2120 debebit
722 2055 882 2121 iustitiam
911 2056 1105 2121 ministrare.
1151 2054 1192 2120 In
1215 2073 1301 2123 casu
1321 2061 1425 2131 auten,

130 2186 193 2248 quo
216 2168 318 2233 actori
341 2168 532 2250 cuicumque
554 2168 682 2233 iustitia
711 2169 870 2252 denegata
899 2167 1008 2250 fuerit,
1039 2174 1156 2234 extunc
1188 2168 1307 2236 licebit
1334 2169 1425 2236 eidem

130 2280 171 2346 ad
195 2280 318 2346 curiam
340 2282 482 2363 regalem
504 2282 680 2347 Bobemiae
702 2283 875 2365 appellare.
920 2281 1107 2348 Inhibemus
1136 2281 1243 2362 igitur
1275 2281 1424 2348 rniuersis

129 2400 163 2459 et
192 2395 330 2476 singulis
371 2396 664 2478 poprawczonibus‚
698 2396 853 2478 audaciis,
887 2396 1078 2463 iusticiariis
1112 2396 1371 2477 prouincialibus
1398 2397 1425 2458 et

128 2508 202 2573 aliis
225 2507 388 2574 iudicibus
411 2509 667 2592 quibuscumque
689 2510 749 2576 sub
772 2510 905 2577 obtentu
932 2514 1061 2576 nostrae
1091 2508 1220 2590 gratiae
1242 2507 1422 2576 firmiteret

130 2621 287 2703 districte,
322 2640 362 2687 ne
384 2624 633 2689 uniuersitatem
655 2629 711 2689 aut
741 2624 923 2706 singulares
953 2639 1108 2705 personas
1142 2621 1255 2689 dictae
1289 2619 1422 2690 ciuitatis

129 2735 371 2816 Tachauiensis,
407 2739 441 2801 in
464 2737 576 2802 eadem
608 2737 743 2802 ciuitate
772 2755 831 2802 seu
860 2742 951 2802 extra
980 2736 1014 2800 in
1044 2734 1307 2819 quibuscumque
1337 2731 1421 2800 bonis

129 2850 303 2915 eorumdem
334 2850 456 2916 ciuium
485 2851 596 2916 liberis
626 2857 683 2916 aut
709 2851 783 2917 aliis
807 2850 989 2933 ubicunque
1019 2847 1220 2915 domicilium
1252 2868 1312 2916 seu
1342 2866 1421 2914 man·

129 2965 252 3030 sionem
275 2963 439 3045 habentes,
471 2983 578 3030 coram
600 2982 636 3030 se
659 2965 711 3029 uel
735 2983 845 3030 eorum
868 2962 1000 3029 iudiciis
1022 2962 1134 3043 citare,
1164 2962 1308 3044 trahere,
1338 2979 1421 3028 occu·

128 3094 206 3158 pare
229 3083 286 3141 aut
306 3079 433 3161 aliquas
458 3078 636 3144 sententias
660 3077 852 3144 diffinitiuas
876 3096 934 3143 seu
955 3076 1243 3159 interloquntorias
1268 3077 1302 3142 in
1321 3092 1421 3142 eorum

128 3189 364 3272 praeiudicium
385 3190 471 3256 ferre
491 3195 714 3273 praesumant;
738 3190 947 3256 decernentes
962 3190 1096 3272 iusuper
1111 3192 1145 3255 et
1158 3205 1290 3257 exnunc
1303 3188 1423 3254 irritum

129 3310 163 3369 et
184 3304 291 3385 inane,
322 3304 351 3369 si
383 3305 461 3388 quid
492 3310 602 3371 contra
632 3305 811 3387 praemissa
845 3323 902 3386 per
924 3304 1105 3387 quempiam
1127 3320 1242 3369 eorum
1264 3301 1363 3369 fuerit
1381 3306 1422 3365 at·

128 3421 328 3498 temptatum.
352 3417 556 3484 Presentium
580 3419 640 3485 sub
662 3419 841 3502 imperialis
864 3418 1044 3485 maiestatis
1067 3422 1199 3484 nostrae
1213 3417 1325 3501 sigillo
1340 3414 1421 3482 testi·

128 3530 234 3594 monio
257 3531 433 3596 literarum.
462 3532 582 3597 Datum
597 3532 736 3598 Werone
758 3551 842 3598 anuo
866 3533 987 3598 domini
1006 3531 1179 3597 millesimo
1201 3531 1420 3598 trecentesimo

128 3644 366 3725 septuagesimo
405 3646 556 3726 secundo,
596 3646 778 3711 indiccione
816 3646 949 3726 decima,
989 3642 1048 3710 IV⁰
1079 3643 1236 3710 kalendas
1278 3641 1418 3728 Augusti,

128 3774 300 3838 regnorum
323 3761 505 3822 nostrorum
535 3777 619 3823 anno
643 3759 859 3825 Romanorum
891 3758 1043 3825 vicesimo
1074 3757 1223 3840 septimo,
1256 3756 1420 3825 Bobemiae

127 3870 280 3935 vicesimo
304 3877 403 3952 sexto,
432 3871 561 3953 imperii
584 3891 661 3937 uero
686 3872 810 3940 decimo
834 3878 957 3938 octauo.

741 4066 791 4130 De
812 4063 965 4130 mandato
987 4062 1113 4129 domini
1135 4062 1343 4145 imperatoris

699 4176 853 4244 Nicolaus
887 4175 1122 4244 Camericensis
1154 4178 1370 4260 praepositus.

231 4360 414 4439 Transsbmpt
446 4374 530 4438 opata
558 4362 630 4420 Jana
657 4380 674 4420 a
701 4366 844 4422 konnentu
875 4366 997 4422 kloitera
1024 4364 1240 4421 Kludrubslreho
1269 4383 1306 4420 na
1330 4363 1420 4418 tddost

128 4467 299 4536 purlrmistra
317 4484 334 4521 a
352 4464 469 4520 lcondellu
483 4483 517 4517 m.
530 4464 657 4518 Tachova
676 4465 690 4516 l
709 4464 893 4519 biezna1643
909 4464 1064 4532 zbotoveny
1081 4462 1223 4517 varcbivu
1241 4479 1264 4516 c.
1277 4463 1318 4516 lrr.
1332 4463 1419 4516 misto·

127 4562 280 4617 drditelsivi
298 4579 313 4615 r
331 4563 416 4615 Prazo
435 4561 456 4615 d.
476 4567 509 4615 dl
528 4562 553 4613 Α
574 4569 595 4613 l.
614 4591 648 4598 —
667 4559 720 4613 Dle
745 4559 881 4615 lrvateruu
908 4558 978 4615 deslx
1003 4558 1152 4629 semskych
1170 4558 1193 4614 d.
1214 4564 1265 4614 188
1283 4558 1348 4613 lietu
1366 4560 1389 4608 Α
1407 4562 1418 4609 1

127 4656 271 4722 Stoclrlbw,
290 4657 454 4711 Gescbichte
473 4656 523 4710 der
540 4655 619 4711 Stodt
636 4654 746 4710 Tachau
765 4657 799 4711 II.
818 4662 866 4710 str.
886 4662 944 4710 404.
