3098 5392
667 456 742 507 rare.
1285 452 1351 522 405

105 654 154 721 urb
173 656 286 723 moboa
308 661 448 726 eudilane
479 660 620 742 eycdkti
640 661 733 728 mulce
754 662 811 729 acb
835 663 994 745 perolenc'
1015 661 1110 742 dr'ioi,
1139 660 1220 746 lopo
1240 662 1351 728 lovum

105 769 120 832 b
138 768 264 855 bcjny'm
285 791 303 837 o
324 770 423 838 kardo
444 771 526 856 bairy
546 777 568 839 2
589 775 647 842 neb
668 777 692 840 4
712 777 795 842 ηιαῑέ
816 775 924 844 acteo
944 776 1076 858 captati.
1121 777 1267 842 Keroe
1286 777 1348 840 md-

105 886 180 948 mdm
202 908 223 951 a
238 885 308 968 jicb
333 887 522 972 poddcngim
543 888 684 973 devolajc
705 911 738 955 sc
759 889 914 956 scobodnd
930 889 1021 972 pasti
1034 886 1164 971 dobytelc
1177 910 1196 953 o
1210 886 1352 954 abolnicb

105 995 190 1062 ela
215 997 332 1080 bajoli,
366 1022 388 1067 a
416 999 519 1086 Ιιαὶᾶᾐ
554 1003 643 1067 mille
671 1000 750 1069 obet
769 1003 822 1069 soe'
842 1002 882 1068 do
904 1001 1027 1068 luneio
1053 1000 1117 1068 leoli
1140 1001 1250 1086 mirica
1282 1022 1349 1067 sco·

105 1107 155 1173 doc*
172 1111 274 1185 sordi,
310 1112 385 1177 onii
398 1115 434 1196 je
454 1114 591 1198 majam
618 1115 728 1200 mlp‘oa
756 1112 919 1182 albecho
953 1116 1097 1181 dacoleno
1127 1119 1194 1181 taio
1216 1114 1352 1180 aooboda

500 1228 689 1294 smlocwomi
713 1228 910 1295 obcwewati.

159 1451 296 1518 llarolus
319 1453 372 1519 dei
395 1455 505 1536 gracia
526 1456 743 1523 Romanorum
762 1474 820 1522 rex
834 1474 962 1538 semper
982 1460 1141 1538 augustus
1164 1459 1197 1521 et
1217 1455 1350 1521 Boemie

105 1579 127 1626 r.
147 1565 192 1631 Ad
211 1566 436 1636 vniuersorum
458 1570 612 1636 noticiam
628 1571 776 1636 volumus
798 1571 978 1653 peruenire,
1002 1568 1087 1653 quod
1109 1569 1234 1651 pridem
1256 1568 1350 1635 nobis

129 1677 252 1746 ciuitate
282 1681 388 1765 Pyesk
418 1683 605 1751 constitutis
635 1684 746 1751 dilecti
780 1685 884 1750 nostri
912 1682 1024 1750 fideles
1055 1683 1154 1766 juder
1186 1686 1220 1748 et
1247 1682 1350 1765 jnrati

115 1789 189 1859 ciues
212 1795 316 1860 nostri
335 1796 421 1862 dicte
443 1798 587 1863 ciuitatis
609 1798 644 1863 in
666 1798 794 1882 Pyeska
815 1798 995 1864 maiestatis
1018 1801 1128 1863 nostre
1149 1796 1349 1877 presenciam

105 1904 243 1972 :cedentes
280 1909 436 1990 quasdam
469 1910 596 1976 litteras
618 1910 788 1977 recolende
824 1910 977 1976 memorie
1010 1909 1147 1975 illustris
1180 1906 1349 1989 Johnnnis,

105 2017 211 2084 [oudam
233 2019 368 2086 Boemie
388 2021 485 2105 regis,
516 2022 671 2104 genitoris
694 2022 798 2089 nostri
819 2022 995 2102 karissimi,
1027 2022 1229 2089 continencia
1250 2019 1350 2087 iufra·

105 2125 173 2210 u'pte
194 2134 310 2199 maiori
333 2134 441 2216 sigillo
464 2152 522 2200 suo
546 2135 705 2217 sigillatas
727 2134 820 2201 nobis
847 2134 1032 2201 obtulerunt
1060 2139 1234 2216 nostreque
1256 2132 1350 2199 celsi·

105 2235 160 2307 ¹diui
181 2263 254 2309 cum
277 2245 395 2312 deuota
417 2247 577 2313 instancia
607 2247 838 2330 supplicarunt,
870 2252 907 2313 ut
927 2247 1070 2329 prelatas
1092 2248 1205 2314 literas
1228 2250 1261 2312 et
1283 2246 1349 2311 sin-

105 2350 136 2416 tla
155 2362 302 2423 contenta
317 2359 351 2423 in
367 2359 499 2440 eisdem,
522 2379 646 2427 necnon
662 2361 769 2439 omnia
779 2361 864 2444 jura,
887 2361 1071 2443 priuilegia,
1094 2359 1231 2442 gracias,
1252 2357 1349 2424 liber·

105 2466 141 2532 les
154 2475 184 2535 et
199 2473 424 2539 concessiones
439 2474 488 2539 eis
504 2492 562 2555 per
576 2473 681 2540 felicis
695 2473 934 2541 recordacionis
951 2472 1153 2555 Ottakarum,
1176 2491 1347 2557 proram,

115 2575 355 2666 wenczeslaum,
379 2605 483 2652 auum
504 2593 641 2668 nostros,
665 2590 750 2671 olym
771 2605 866 2670 reges
887 2586 1029 2667 Boemie,
1052 2585 1195 2652 indultas
1218 2591 1251 2652 et
1274 2604 1348 2653 con·

106 2706 171 2777 stas,
201 2702 234 2763 et
256 2698 297 2764 de
325 2698 442 2781 quibus
464 2699 621 2766 laudabili
651 2705 685 2766 et
714 2699 890 2766 sufficienti
921 2699 1106 2766 testimonio
1136 2717 1195 2765 nos
1224 2699 1348 2782 liquide
1404 2724 1407 2729 ⁵

105 2800 276 2891 formarunt,
299 2811 340 2877 dc
354 2811 467 2877 innata
488 2812 581 2879 nobis
604 2814 780 2880 clemencia
801 2812 989 2895 approbare,
1011 2812 1176 2893 innodare,
1199 2811 1240 2877 de
1262 2830 1348 2878 nouo

107 2922 226 2988 ucedere
248 2928 282 2988 et
304 2923 493 2990 confirmare
515 2925 730 3007 dignaremur.
776 2927 920 3005 Quarum
949 2926 1116 2991 literarum
1145 2925 1348 2991 continencia

105 3034 196 3110 quitur
219 3038 252 3102 in
268 3037 328 3102 hec
343 3037 456 3104 verba:
479 3038 547 3104 Nos
569 3038 734 3105 lohannes
758 3045 817 3105 etc.
843 3039 1033 3122 (Nasleduje
1054 3040 1149 3104 znbnl
1164 3039 1243 3104 listu
1256 3038 1348 3103 krale

105 3161 140 3211 ua
159 3150 186 3214 d.
212 3170 231 3213 v
254 3152 356 3216 Praze
380 3153 419 3217 17
443 3151 669 3218 bienna1327
693 3152 749 3218 ils.
776 3152 862 3235 145).
908 3152 975 3218 Nos
998 3152 1109 3234 itaque
1130 3152 1347 3234 predictorum

105 3259 175 3327 ulum
204 3265 322 3330 eximie
344 3271 377 3330 et
399 3265 587 3332 deuocionis
616 3268 800 3349 puritatem,
835 3264 951 3347 quibus
975 3284 1052 3348 erga
1080 3266 1190 3348 regale
1221 3265 1346 3330 culmen

105 3387 181 3454 uper
203 3376 397 3458 claruerunt,
420 3383 452 3441 et
474 3378 587 3459 grama
610 3378 790 3460 dispendia,
813 3396 876 3458 que
890 3378 970 3443 dicti
989 3378 1078 3443 ciues
1093 3379 1179 3461 ignis
1195 3377 1348 3460 voragine

105 3489 262 3568 ulularunt,
293 3490 348 3571 pia
369 3489 584 3555 meditacione
606 3490 811 3555 aduerteutes
835 3491 1042 3574 volentesque
1063 3492 1152 3573 ipsos
1174 3491 1214 3556 ab
1236 3490 1348 3555 huius-

105 3597 143 3664 odi
162 3601 341 3684 dispendiis
357 3601 555 3668 fructuosius
571 3604 732 3685 respirare
748 3622 922 3684 eorumque
945 3604 1165 3669 condicionem
1180 3607 1213 3669 et
1228 3609 1347 3669 statum

105 3724 159 3777 cere
178 3715 353 3795 meliorem,
384 3715 525 3797 prefatas
556 3717 667 3781 literas
698 3717 853 3798 genitoris
880 3718 982 3782 nostri
1006 3735 1043 3782 ac
1066 3717 1172 3784 omnia
1195 3734 1348 3798 expressa

119 3832 255 3893 contenta
279 3829 310 3892 iu
334 3829 466 3910 eisdem,
489 3848 612 3895 necnon
636 3830 788 3895 uniuersa
811 3835 843 3894 et
866 3830 994 3911 singula
1018 3830 1201 3912 priuilegia,
1224 3831 1346 3907 literas,

105 3943 287 4021 ›namsiones
318 3943 454 4023 gracias,
485 3942 660 4023 libertates
691 3943 894 4024 emunitates,
913 3943 998 4025 jura,
1022 3948 1153 4024 statuta,
1176 3947 1348 4009 consuetu-

106 4066 148 4116 ues
168 4063 199 4121 et
221 4062 393 4122 consuetas
417 4057 645 4122 obseruancias
668 4058 822 4138 predictis
846 4057 971 4123 ciuibus
995 4062 1028 4122 et
1042 4058 1169 4123 ciuitati
1190 4056 1348 4140 Pyescen·

120 4183 135 4228 a
162 4169 296 4250 prefatis
329 4169 486 4236 Ottakaro
516 4177 549 4236 et
578 4170 798 4244 Wencneslao,
828 4171 1098 4252 progenitoribus,
1128 4176 1162 4235 et
1190 4169 1346 4251 Jobanne,
1375 4250 1380 4260 Ι

105 4279 195 4347 nitore
205 4284 337 4365 nostris,
360 4284 487 4348 indulta
503 4303 560 4349 seu
576 4285 728 4365 indultas,
752 4303 906 4349 concessa
928 4285 980 4349 uel
994 4302 1173 4364 concessas,
1189 4283 1230 4350 de
1245 4284 1347 4366 pleni·

105 4387 164 4459 linc
184 4397 356 4478 potestatis
378 4399 477 4479 regie,
504 4403 630 4463 maturo
653 4404 763 4463 nostro
787 4403 820 4462 et
841 4397 984 4463 fidelium
1007 4404 1190 4463 nostrorum
1212 4398 1347 4464 consilio

105 4509 241 4575 amente
264 4528 302 4575 ac
324 4529 363 4575 ex
387 4517 474 4576 certa
497 4517 607 4577 nostra
620 4512 771 4591 sciencia,
795 4511 835 4575 de
851 4510 947 4576 verbo
963 4510 1160 4592 adverbum,
1184 4510 1252 4577 acsi
1275 4530 1346 4592 pre-

105 4625 207 4688 ttarum
230 4623 408 4704 literarum,
431 4624 687 4706 priuilegiorum,
717 4623 911 4701 libertatum,
943 4625 1195 4705 concessionum,
1214 4624 1346 4707 jurium,
