3098 5392
132 445 196 512 350
755 448 828 498 1341.

129 652 292 718 decolorati
315 656 354 718 do
376 676 420 718 sa.
437 654 505 719 Jc'r't
527 677 552 718 r.
572 656 665 729 1345,
682 653 845 734 postulandi
867 653 1090 717 meboracau
1112 653 1195 735 c'tyia'
1216 653 1283 718 icta
1307 657 1405 733 napr'c

698 768 854 849 anplatili,

232 925 396 990 lohannes
430 926 483 991 dei
516 927 625 1009 gracia
659 927 791 991 Boemie
824 943 879 989 rex
915 944 953 992 ac
986 925 1278 1007 Lucemburgeusis
1311 944 1405 990 comet

130 1043 241 1103 notum
262 1038 397 1104 iacimus
420 1045 531 1105 tenore
554 1041 756 1122 presencium
779 1040 951 1121 uniuersis,
974 1039 1069 1121 quod,
1093 1040 1170 1122 quia
1191 1037 1305 1104 fideles
1325 1044 1405 1102 nostr

131 1150 242 1218 dilecti
264 1152 352 1217 ciues
376 1152 520 1217 ciuitatis
544 1159 653 1218 nostre
674 1154 835 1219 Lunensis
861 1173 918 1235 pro
941 1158 1053 1219 nostra
1075 1152 1209 1234 speciali
1232 1151 1406 1217 necessitut

131 1283 240 1330 omnes
264 1265 415 1331 collectas
438 1272 471 1330 et
493 1267 730 1348 imposiciones,
763 1285 843 1348 quas
873 1267 955 1348 ipsis
980 1266 1067 1330 inira
1096 1265 1346 1347 quadriennium
1368 1265 1405 1328 im

129 1396 249 1459 ponere
271 1379 323 1443 uel
346 1379 385 1443 ab
408 1379 457 1444 cis
479 1381 623 1461 recipere
646 1398 823 1462 possemus,
850 1399 885 1446 se
907 1399 965 1462 pro
987 1380 1080 1445 nobis
1104 1381 1231 1446 soluere
1254 1397 1294 1444 ex
1316 1384 1405 1443 nostr

129 1490 280 1556 mandato
304 1491 437 1571 speciali
461 1493 691 1572 astrinxerunt,
714 1511 772 1557 nos
796 1493 905 1574 itaque
928 1499 1019 1576 grata
1038 1492 1267 1560 vicissitudine
1283 1493 1405 1573 ipsorur

128 1603 350 1670 beniuolencie
380 1625 547 1672 occurrere
581 1606 799 1686 disponentes,
835 1606 961 1672 ciuibus
994 1612 1027 1671 et
1060 1605 1189 1671 ciuitati
1220 1606 1376 1686 predictis

128 1716 210 1782 festo
233 1717 319 1783 beati
343 1719 474 1801 Georgii
497 1739 582 1785 nunc
604 1720 757 1800 preterito
781 1737 838 1800 per
861 1719 1108 1801 quadriennium
1136 1722 1336 1797 continuum,
1367 1719 1405 1783 ho

129 1836 178 1896 est
201 1850 303 1914 usque
325 1831 367 1895 ad
389 1832 475 1897 idem
505 1831 624 1897 festum
653 1832 739 1897 beati
763 1833 894 1915 Georgii
924 1835 957 1899 in
988 1851 1071 1899 anuo
1094 1833 1281 1899 natiuitatis
1304 1832 1405 1897 domin

128 1944 299 2010 millesimo
312 1947 536 2010 trecentesimo
559 1945 803 2028 quadragesimo
827 1946 938 2028 quinto
957 1946 1095 2027 rediens,
1119 1945 1234 2012 damus
1258 1951 1292 2012 et
1313 1963 1405 2011 conoe

128 2056 234 2122 dimus
257 2058 385 2139 plenam
407 2063 440 2123 et
461 2058 675 2123 omnimodam
697 2057 889 2140 libertatem,
905 2061 1081 2124 eximentes
1100 2064 1133 2123 et
1147 2058 1355 2124 absoluentes
1369 2076 1405 2126 ec

128 2170 168 2234 ab
200 2170 347 2236 omnibus
379 2171 614 2251 exactionibus,
644 2171 919 2253 imposicionibus,
950 2171 1175 2253 peticionibus,
1211 2171 1405 2237 contribam«

129 2283 233 2363 nibus,
257 2285 385 2363 steuris,
410 2284 563 2361 collectis,
587 2284 753 2366 subsidiis,
783 2286 937 2367 angariis,
967 2284 1231 2368 perangariiset
1262 2285 1405 2356 vuiuers

128 2415 165 2459 ac
197 2397 335 2478 siugulis
369 2396 620 2478 grauaminibus,
654 2416 716 2481 quc
748 2416 834 2463 nunc
868 2403 944 2462 sunt
976 2399 1028 2463 uel
1062 2398 1247 2464 succedenti
1280 2402 1405 2479 tempor

129 2508 256 2589 possint
278 2509 462 2592 aliqualiter
484 2511 625 2590 euenire,
648 2512 792 2576 volentes
808 2530 845 2576 ac
861 2511 1084 2594 promittentes
1099 2516 1210 2577 nostro
1226 2517 1259 2576 et
1274 2529 1405 2593 quorun

128 2620 207 2685 libet
228 2626 410 2687 nostrorum
432 2624 561 2689 nomine
584 2625 665 2706 ipsis
689 2625 810 2691 dictam
835 2625 1017 2690 libertatem
1032 2625 1222 2689 inuiolatam
1245 2628 1277 2688 et
1298 2623 1405 2693 illesan

129 2734 213 2798 infra
242 2734 320 2799 dicti
350 2737 506 2816 temporis
540 2737 683 2817 spacium
717 2735 856 2801 fideliter
892 2737 1073 2802 obseruare.
1120 2735 1164 2800 Et
1195 2754 1254 2801 nos
1284 2735 1405 2803 Karolus

129 2847 272 2911 eiusdem
296 2847 416 2912 domini
440 2849 527 2930 regis
550 2850 793 2930 primogenitus
817 2850 959 2916 marchio
982 2849 1139 2929 Morauie,
1163 2868 1227 2913 vua
1242 2867 1311 2914 cum
1331 2847 1398 2912 dicto

129 2957 257 3024 domino
291 2965 323 3023 et
356 2961 501 3041 genitore
534 2968 642 3028 nostro
677 2963 717 3026 ad
752 2962 1013 3028 obseruacionem
1049 2961 1137 3027 dicte
1171 2960 1325 3026 libertatis
1353 2978 1395 3023 nos

130 3071 349 3153 astringimus,
380 3070 602 3155 promittentes
630 3094 699 3141 eam
722 3073 969 3160 inuiolabile[m]
1001 3093 1139 3140 seruare.
1185 3074 1222 3138 In
1253 3074 1337 3138 cuius
1358 3070 1392 3133 rei

127 3185 346 3251 testimonium
377 3194 543 3268 presentes
574 3189 731 3255 conscribi
755 3195 788 3253 et
809 3192 993 3254 nostrorum
1023 3186 1203 3268 sigillorum
1226 3185 1391 3268 appensione

128 3296 262 3363 fecimus
285 3301 481 3366 communiri.
507 3303 626 3366 Datum
648 3303 750 3384 Prage
772 3304 805 3367 in
829 3302 882 3367 die
904 3301 989 3366 beati
1013 3299 1171 3366 Gothordi
1195 3317 1277 3364 anno
1298 3291 1389 3361 donini

130 3411 301 3476 millesimo
323 3416 548 3479 trecentesimo
572 3414 816 3496 quadragesimo
839 3414 951 3495 primo.

231 3563 324 3618 Kniha
342 3566 476 3635 privilegii
494 3585 508 3619 z
527 3585 548 3620 r.
569 3573 634 3621 143⁵
654 3585 690 3621 na
708 3568 725 3620 l.
745 3575 788 3620 aa
805 3585 822 3621 v
841 3567 951 3621 archivu
970 3583 1004 3620 m.
1023 3565 1104 3620 Loun
1127 3581 1161 3620 za
1179 3567 1312 3636 ndpisem:
1332 3558 1388 3624 „l'rta

128 3659 254 3726 rogatiua
272 3675 322 3728 per
341 3661 548 3728 quadriennium
568 3663 602 3716 ab
621 3664 746 3717 omuibus
773 3662 965 3717 exacciouibns
991 3667 1018 3715 et
1036 3662 1157 3731 angariis
1176 3678 1232 3716 non
1252 3652 1385 3716 soluenlu‘

130 3783 162 3793 -
182 3755 282 3820 Emler,
302 3755 420 3822 liegesta
437 3756 482 3809 lv.
502 3757 523 3810 d.
543 3764 601 3811 u11.

674 3951 689 3987 *
715 3932 779 4016 bn.
803 3952 875 4015 224.

501 4104 599 4185 1341,
623 4105 666 4171 aa
691 4105 844 4173 nvetna.
867 4107 1046 4175 vrsano.

128 4277 210 4341 Ir'rdl
232 4280 300 4343 Jarr
321 4278 497 4360 oscoboaajc
520 4281 662 4360 rrrcsicnp
684 4279 858 4344 Illatoeslcc'
879 4302 922 4345 raa
944 4281 1027 4362 etym·
1047 4281 1111 4347 leta
1134 4282 1174 4346 od
1190 4265 1389 4365 placento-tal

646 4390 735 4456 berni
757 4414 777 4455 a
793 4393 899 4473 plaid.

234 4560 351 4615 Zmlnlra
369 4580 384 4614 v
402 4563 563 4617 lronfirmaci
582 4564 716 4633 privilegii
744 4564 932 4634 Klatovslrych
952 4565 992 4618 kr.
1011 4564 1190 4620 Ferdinauda
1206 4568 1219 4619 I
1237 4564 1263 4619 d.
1281 4581 1315 4619 na
1331 4556 1395 4618 hredi

130 4657 275 4711 Praislrtm
295 4664 328 4710 ‘24
346 4660 402 4711 zeii
425 4664 488 4711 roll
507 4676 523 4710 r
542 4659 691 4728 registreeh
716 4660 900 4729 kralovskych
926 4659 947 4714 d.
972 4667 1022 4716 285
1047 4676 1083 4714 na
1102 4659 1121 4714 l.
1141 4665 1186 4715 101
1208 4657 1397 4717 uilachticlrtu
