3098 5392
683 288 756 338 raso.
1297 284 1362 354 535

64 488 216 557 mandato
245 491 380 572 speciali
411 492 639 560 committimus
662 498 695 559 et
717 491 873 559 seriosius
895 492 1083 559 mandamus
1104 493 1252 561 ..iudici
1275 500 1308 559 et
1323 544 1356 560 ..

64 602 251 669 consulibus
275 609 307 670 et
330 605 444 670 iuratis
468 606 554 673 dicte
577 607 721 672 ciuitatis
743 605 903 685 sacensis,
927 604 982 686 qui
998 624 1055 687 pro
1070 610 1214 689 tempore
1228 606 1358 688 fuerint,

62 716 208 784 volentes
240 719 379 801 omnino,
402 724 560 801 quatenns
591 739 714 786 exnunc
748 718 933 786 huiusmodi
964 719 1154 785 incisionem
1180 720 1279 802 panni
1302 737 1359 802 per

61 830 151 912 ipsos
176 830 353 913 pannifices
375 832 531 900 haetenus
546 832 617 900 fieri
637 838 669 900 et
692 833 787 899 vendi
811 837 996 899 consuetam
1011 832 1160 899 aboleant
1182 837 1215 898 et
1231 832 1359 916 penitus

59 944 177 1009 tollant
207 951 240 1011 et
272 964 349 1012 voce
378 948 530 1029 preconia
558 947 686 1030 publice
716 946 908 1030 proclamari
942 945 1071 1027 faciant,
1095 945 1181 1028 quod
1204 945 1357 1028 deinceps

59 1057 171 1123 nullus
187 1056 384 1140 pannificum
406 1060 440 1125 in
464 1060 597 1126 ciuitate
620 1060 765 1142 predicta
787 1058 1004 1125 residencium
1025 1077 1148 1141 pannos
1172 1076 1229 1141 per
1253 1059 1360 1124 vlnam

59 1170 207 1236 incidere
241 1178 274 1238 et
308 1173 446 1238 rendere
475 1174 594 1240 audeat
624 1174 676 1239 uel
700 1177 865 1257 presumat
887 1172 946 1238 sub
968 1191 1052 1254 pena
1076 1177 1204 1238 eentum
1228 1189 1360 1254 sexage-

60 1302 178 1350 narum
211 1304 398 1367 grossorum
432 1289 648 1369 pragensium,
682 1306 777 1370 quarn
810 1285 851 1353 ab
884 1304 932 1367 eo,
966 1287 1022 1367 qui
1056 1285 1274 1352 contrafacere
1303 1290 1360 1352 aut

59 1399 291 1464 contrauenire
313 1401 556 1483 presumpserit,
589 1401 700 1480 tocies,
735 1400 864 1482 quocies
895 1397 1126 1466 contrafactum
1150 1417 1207 1465 seu
1232 1405 1357 1465 coutra-

58 1514 196 1576 uentum
226 1511 334 1592 fuerit,
364 1512 466 1596 recipi
501 1517 534 1578 et
555 1514 697 1595 persolui
720 1512 866 1580 volumus
890 1516 922 1577 et
944 1529 1055 1577 earum
1078 1512 1283 1579 medietatem
1305 1531 1357 1580 ca-

59 1642 151 1690 mere
185 1624 307 1690 domini
343 1625 446 1690 nostri
485 1627 662 1707 memorati,
696 1625 860 1692 residuam
894 1642 968 1691 vero
991 1630 1114 1707 partem
1137 1625 1248 1693 vsibns
1270 1626 1358 1692 dicte

62 1737 213 1803 ciuitatis
236 1739 401 1821 applicari.
433 1739 641 1807 Presencium
671 1740 729 1805 sub
752 1745 862 1805 nostro
892 1739 998 1822 sigillo
1027 1740 1212 1807 testimonio
1234 1740 1358 1807 1111010ἱ

64 1869 148 1916 rum.
184 1851 304 1918 Datum
326 1853 430 1936 Prage
456 1872 540 1919 anno
562 1853 683 1920 domini
705 1852 876 1918 millesimo
898 1853 1123 1919 trecentesimo
1147 1854 1357 1938 sexagesimo,

58 1963 116 2028 die
139 1965 242 2030 tercia
264 1966 384 2031 mensis
406 1964 497 2030 Julii.

165 2170 290 2224 Pamdtni
302 2171 388 2226 kniha
400 2189 434 2225 m.
448 2157 531 2227 Zstee
549 2189 598 2226 nr.
614 2178 679 2226 138³
692 2189 729 2226 na
740 2171 757 2224 1.
777 2173 833 2225 tlt
852 2187 869 2225 a
888 2175 946 2225 110
963 2187 997 2226 na
1014 2171 1152 2240 ntpisem:
1174 2169 1357 2237 ,Theodricus

59 2264 212 2335 episeopus
231 2265 385 2321 Mindensis
404 2267 568 2322 auctoritate
585 2267 682 2322 Karoli
694 2268 795 2337 quarti,
812 2266 995 2321 Romanorum
1013 2265 1196 2336 imperatoris,
1215 2267 1312 2322 statuit
1330 2271 1358 2320 et

57 2361 166 2427 indicit,
194 2360 267 2431 quod
294 2363 386 2417 nullus
412 2363 560 2434 panificum
587 2380 708 2433 pannum
732 2363 853 2417 incidere
877 2362 977 2418 debeat
1001 2379 1050 2433 per
1071 2371 1195 2433 tempora
1214 2363 1355 2419 affutura‘*

57 2457 160 2527 Piepis
178 2463 226 2510 ten
241 2457 271 2525 je
288 2456 358 2512 sialr
375 2475 392 2511 s
410 2459 491 2513 knize
509 2459 662 2513 mieioran.
687 2458 738 2512 1)Ιο
756 2461 816 2512 tete
834 2458 920 2529 knihy
938 2458 955 2513 1.
975 2462 1034 2511 lta
1051 2460 1170 2514 uzavieli
1188 2459 1279 2515 Peiek
1297 2459 1356 2513 Ma-

57 2552 136 2621 cejnv
155 2553 265 2623 rychtti
283 2570 300 2608 a
317 2555 438 2623 piisetni
462 2571 495 2608 m.
516 2538 854 2608 2010081010011001362
877 2552 968 2607 cilditi
992 2552 1056 2607 duim
1080 2554 1208 2626 kupeclry
1235 2555 1356 2624 (domurn

59 2649 285 2719 negociaeionnm
305 2665 354 2704 seu
372 2650 573 2718 mereatorium)
592 2648 738 2705 ndkladem
756 2649 869 2717 krajedd
888 2649 986 2714 aukna,
1006 2650 1138 2704 vlrtertm
1156 2651 1193 2720 by
1210 2651 1357 2706 1110101010

59 2747 129 2800 sobe
162 2747 313 2816 zalroupice
344 2747 434 2801 sukna
461 2747 560 2815 krtjeli
588 2763 605 2801 a
628 2763 664 2800 na
691 2746 766 2799 lokte
796 2745 946 2815 prodtvali,
973 2761 990 2799 a
1017 2747 1121 2801 aroleni
1144 2747 1202 2815 jich
1228 2747 1357 2818 potvrdili

57 2842 181 2908 Ddtiieh,
207 2842 364 2912 arcibiskup
379 2841 585 2911 Magdebursky
605 2841 742 2909 (dominus
754 2840 923 2895 Theodrieus
936 2840 1181 2912 Magdeburgensis
1201 2842 1356 2914 episeopus,

60 2939 104 2991 cni
133 2969 168 2976 —
197 2942 274 3007 pravi
299 2955 328 2993 00
354 2938 485 3008 vzapisu
510 2968 544 2978 —
563 2938 634 2991 sicut
660 2945 750 2991 cetere
774 2937 900 2991 ciuitates
927 2938 1003 3005 regni
1031 2953 1125 2991 sumus
1153 2938 1312 3008 commissi),
1338 2955 1355 2993 a

60 3033 230 3102 podkomoii
256 3034 377 3087 Mikulds
406 3034 550 3103 Biskupdv
576 3034 710 3086 zitlostu.
746 3032 816 3086 Brzo
850 3049 886 3087 na
913 3039 940 3086 to
966 3033 1128 3087 soukennici
1157 3018 1263 3089 lacoon
1289 3050 1356 3089 case

58 3130 147 3184 zaeali
183 3130 285 3198 lrrajeti
312 3146 329 3183 a
354 3130 499 3200 proderati
524 3128 622 3195 sukna,
649 3129 730 3182 101110
756 3128 827 3181 utile
852 3144 881 3182 se
913 3129 1019 3198 novyeh
1044 3129 1171 3199 opatieni
1194 3129 1268 3199 proti
1290 3130 1355 3186 nim.

56 3226 111 3279 Dle
130 3226 217 3296 knihy
237 3210 357 3279 20100110
375 3231 392 3276 6
411 3229 526 3280 10000000
545 3229 612 3278 1387
630 3224 751 3279 vieehna
769 3225 835 3278 obec
853 3209 975 3278 Zateckt
986 3225 1055 3294 pied
1067 3225 1258 3295 podkomoiim
1270 3225 1312 3280 kr.
1325 3208 1355 3281 (l.

55 3321 176 3376 Peskem
205 3321 323 3375 zMinic
350 3337 367 3375 a
392 3320 592 3389 holrychteiem
619 3321 763 3375 Vaelavem
791 3319 928 3374 Jenlinem
956 3304 1102 3376 zdeslave
1129 3321 1290 3393 vysvdddila,
1322 3324 1355 3376 ie

55 3418 180 3473 vieehna
198 3417 331 3485 ujedntni
348 3416 417 3470 mezi
441 3418 617 3487 iemeslntky,
638 3417 787 3484 jmenositd
812 3418 879 3471 mezi
904 3418 1078 3487 soukennsscy
1097 3434 1112 3472 o
1131 3419 1241 3487 krajeni
1263 3419 1354 3474 aukna

56 3530 94 3568 na
113 3514 200 3580 lokte,
215 3513 281 3580 jsou
296 3513 346 3580 jim
367 3512 500 3567 ikodliva.
528 3497 577 3567 Cte
597 3530 627 3567 sc
646 3530 682 3566 na
702 3514 719 3567 1.
740 3515 795 3568 121
814 3515 870 3568 teto
890 3513 974 3583 knihy
993 3520 1070 3569 tento
1088 3515 1178 3585 napis:
1199 3515 1354 3582 „Concilium

55 3619 80 3664 et
99 3610 211 3663 cerciores
226 3610 343 3661 0111110110
362 3608 478 3662 Saeener's
492 3611 700 3676 preposieienem
718 3611 763 3662 aab
776 3610 918 3663 iuramento
930 3612 1044 3677 sociant,
1063 3614 1132 3676 qnod
1145 3612 1354 3681 conprepaec'enea

52 3708 218 3773 personales,
238 3707 434 3772 compositiones
449 3707 606 3772 praeconiales,
619 3707 810 3772 fraternitates,
835 3710 940 3760 candele
957 3716 981 3760 et
996 3708 1179 3773 peanieida’nm
1194 3709 1355 3773 pannificum

54 3805 110 3857 sint
135 3803 238 3855 ciuitati
259 3805 365 3868 penitae
383 3805 548 3857 destruction.
585 3800 642 3856 Nos
661 3802 778 3857 Pessiko
797 3803 832 3856 de
850 3803 966 3872 ltlynicn,
990 3804 1066 3872 regni
1083 3804 1195 3858 Boemie
1214 3803 1354 3859 subcame-

55 3899 157 3963 rarius,
176 3903 205 3951 et
223 3896 419 3953 Wencneslaus
438 3898 539 3952 Jenlini
554 3897 588 3950 de
602 3899 758 3965 Czaslania,
774 3899 860 3966 judex
880 3899 953 3953 curie
966 3900 1107 3954 ciuitatum
1126 3899 1204 3968 regni
1223 3899 1354 3968 eiusdem,

53 3996 150 4064 rigore
169 3999 197 4048 et
215 3994 336 4049 efficacia
353 3995 524 4064 presencium
547 3995 682 4048 vniuersis
708 4003 802 4048 notum
827 3995 941 4049 facimus
967 4001 994 4048 et
1017 4002 1164 4049 testamur:
1195 3995 1265 4062 Quia
1288 4013 1352 4051 eon·

52 4091 147 4146 stituti
164 4107 256 4144 eoram
275 4090 354 4144 nobis
373 4090 488 4144 honeste
512 4090 690 4158 prouidencie
719 4090 766 4143 riri
785 4089 915 4144 Nicolaus
935 4090 1135 4146 Werkmeister
1152 4091 1243 4159 iudex,
1265 4092 1352 4147 Euel-

53 4189 130 4241 linus
162 4194 261 4253 sartor,
291 4186 497 4256 prothoeonsul,
528 4187 595 4241 alias
618 4186 747 4255 magister
777 4187 885 4252 ciuium,
927 4186 1049 4241 Jeclinus
1078 4187 1188 4255 Dicitis,
1220 4187 1351 4246 Nicolaus

53 4285 234 4351 Coblencrer,
251 4285 389 4339 Martinus
407 4284 569 4351 Pitterlraui,
588 4284 724 4338 Henricns
743 4283 911 4353 Spaezmani,
934 4283 1084 4338 Henslinus
1103 4284 1242 4355 Schutauf,
1261 4287 1351 4342 Cuncz

50 4381 641 4451 11011000,Ἧο100,1“1011011111110(11011001,
662 4380 791 4435 Nieolaus
816 4381 937 4452 pellifex,
962 4381 1113 4435 Henslinus
1136 4398 1224 4453 prope
1248 4383 1350 4438 curiam

52 4486 84 4534 et
111 4477 244 4532 Nicotaus
262 4478 364 4544 Elrlini,
390 4480 472 4533 iurati
500 4480 636 4545 0011011100,
666 4495 771 4533 necnon
799 4478 889 4532 (luncz
916 4478 1021 4544 Alesik,
1053 4478 1203 4534 Henslinus
1229 4479 1351 4550 Lipneri,
