3150 5378
723 451 796 503 raso.
1383 447 1425 512 53

128 657 252 740 pacton
279 654 398 725 kostcla
429 679 449 723 o
481 657 579 724 Stare
608 658 775 734 Bolcalaoa‘,
797 656 918 744 laeam
940 656 1044 725 adlati
1073 657 1129 724 ode
1158 654 1264 722 ddvaa
1296 653 1422 721 &scitale

136 766 308 854 b'elrupsloff
328 788 347 834 e
366 768 466 837 ccle'bo
488 767 578 854 braye
593 749 810 846 denormat,
825 790 869 836 aa
884 774 935 836 tea
949 768 1072 853 rptnob,
1094 768 1279 835 remearant
1294 767 1427 833 Broddti

136 885 215 967 maji
235 904 254 948 o
276 905 322 949 so.
346 883 489 949 Martini
513 879 650 949 kaidibo
684 881 761 950 rota
782 882 822 949 do
843 883 939 950 Stare
960 879 1120 949 Bokalam
1144 901 1188 965 po
1217 881 1301 947 soom
1326 881 1424 963 postu

137 995 283 1084 adeam
299 995 402 1080 jedna
426 995 541 1064 latione
562 996 683 1063 str'tbra
696 996 834 1081 ponet
856 995 988 1062 dedam
1008 1016 1042 1062 ac
1062 993 1151 1063 vicet
1172 994 1368 1062 montosa
1387 1014 1423 1058 ve

546 1108 694 1198 famati
714 1107 857 1176 Broastt
878 1107 1010 1178 kiusai.

232 1316 401 1417 Johanncs
425 1318 477 1385 dei
499 1319 604 1402 gratia
633 1320 804 1403 Pragensis
834 1319 1015 1402 episcopus,
1037 1324 1203 1402 presentes
1225 1318 1278 1384 litt
1264 1324 1350 1384 teras
1377 1316 1426 1381 in-

141 1433 297 1513 specturis
312 1410 503 1500 salutem
493 1454 527 1501 rn
553 1434 694 1503 domino.
722 1434 898 1515 Noueritis,
928 1433 1022 1530 quod,
1054 1452 1126 1499 cum
1154 1433 1254 1498 multo
1284 1414 1426 1514 tompore

143 1562 234 1627 super
263 1545 432 1613 solucione
458 1547 653 1614 decimarum
681 1547 922 1631 episcopalium,
945 1564 1008 1630 que
1041 1545 1075 1611 in
1103 1524 1171 1612 tota
1202 1544 1425 1611 Cheslauiensi

142 1659 305 1738 prouincia
327 1659 370 1726 ad
391 1660 609 1728 honorabilem
627 1661 902 1727 Boleslauiensem
916 1659 1086 1727 ecclesiam
1107 1660 1171 1725 ct
1162 1660 1266 1743 rpsius
1289 1659 1424 1725 ecclesie

144 1772 314 1853 capitulum
351 1773 514 1856 pertinent
543 1775 584 1841 ab
617 1775 758 1858 antiquo,
791 1774 878 1841 inter
904 1774 992 1840 viros
1020 1772 1173 1855 prouidus
1204 1776 1237 1838 et
1266 1772 1421 1838 discretos

143 1884 304 1951 nhterium
338 1891 371 1951 et
392 1888 482 1954 ciues
504 1887 544 1953 de
575 1888 663 1954 Brod
684 1886 835 1956 Smilonis
856 1905 915 1969 pro
937 1904 973 1953 se
995 1891 1028 1951 et
1048 1886 1250 1953 honorabiles
1274 1886 1383 1952 viros.
1419 1937 1425 1950 .

145 1999 365 2080 prepositum.
383 2051 390 2065 .
414 1999 571 2067 domnum
585 2005 619 2067 ot
640 2001 814 2083 capitulum
834 1999 899 2066 iam
920 1999 1006 2067 dicte
1021 1981 1273 2065 Boloslauiensis
1290 1999 1425 2065 ecclesie

146 2112 358 2178 entouersia
378 2113 594 2196 perdurasset,
617 2113 751 2180 eandem
773 2113 934 2179 intereos
962 2111 1178 2198 mediantibus
1200 2112 1293 2178 bonis
1315 2116 1348 2177 et
1369 2112 1425 2177 ho·

147 2225 237 2291 neatis
263 2225 346 2291 viris
368 2226 412 2292 M.
446 2226 560 2293 abbate
581 2227 623 2293 de
644 2227 801 2293 Breunow
823 2231 857 2292 et
878 2227 911 2292 P.
936 2227 1105 2293 scolastico
1127 2227 1283 2308 Pragensi
1313 2231 1423 2292 nostro

148 2336 181 2401 ad
199 2338 257 2405 hec
279 2338 454 2406 accedente
482 2358 640 2407 consensu
670 2341 748 2406 talis
770 2339 944 2422 ordinacio,
968 2341 1139 2407 contencio
1169 2344 1202 2405 et
1230 2339 1423 2423 composicio

149 2451 316 2518 amicubilis
339 2454 523 2537 interuenit,
545 2454 632 2538 quod
652 2454 805 2520 uidelicet
831 2453 985 2520 rihterius
1015 2458 1048 2519 et
1076 2454 1165 2520 ciues
1194 2453 1257 2519 loci
1286 2452 1423 2534 predicti

150 2566 227 2632 tuma
250 2566 390 2649 singulis
412 2567 447 2633 in
474 2572 665 2651 perpetum
693 2585 714 2633 a
742 2573 885 2649 tempore
910 2567 1136 2633 conuencionis
1165 2566 1262 2631 istius
1292 2565 1333 2631 de
1354 2566 1423 2631 rni-

151 2680 238 2744 ncrsis
261 2679 376 2759 hortis,
406 2680 562 2761 domibus,
591 2680 684 2746 bonis
715 2685 747 2746 et
776 2678 1063 2764 possessio[n]ibus
1094 2681 1161 2747 suis
1191 2681 1225 2745 in
1254 2680 1422 2761 parrochia

151 2787 294 2858 brodensi
318 2794 417 2859 situm
427 2792 618 2860 habentibus
641 2794 768 2859 soluent
782 2793 999 2876 intergraliter
1021 2798 1054 2859 et
1064 2791 1202 2860 fideliter
1224 2792 1295 2859 sine
1309 2792 1422 2857 fraude

150 2906 263 2972 nomine
285 2905 491 2988 decimarum,
521 2906 555 2971 in
584 2906 701 2988 quibus
730 2912 806 2973 sunt
834 2906 973 2987 obnoxii,
996 2907 1217 2989 ..preposita
1247 2906 1366 2971 decano
1390 2910 1422 2970 ot

148 3021 275 3101 capitulo
299 3019 494 3102 supradictis
517 3038 656 3087 marcam
678 3020 803 3102 argenti
817 3019 893 3086 boni
916 3025 950 3085 et
972 3020 1139 3086 dimidiam
1161 3021 1328 3104 pragensis
1344 3037 1421 3101 pon-

145 3129 219 3199 deris
245 3134 281 3198 in
304 3132 388 3199 festo
409 3133 495 3198 beati
517 3133 651 3199 Martini
673 3133 707 3198 in
729 3110 878 3200 Boleslav
901 3152 959 3217 per
980 3134 1133 3199 nuncium
1155 3134 1333 3215 specialem.
1378 3133 1422 3197 Et

143 3243 196 3325 ipsi
219 3248 416 3329 prepositus,
438 3247 577 3313 decanus
600 3253 633 3314 et
654 3247 831 3330 capitulum
852 3249 993 3315 contenti
1016 3252 1110 3314 erunt
1132 3248 1295 3315 solucione
1317 3247 1420 3328 ipsius

141 3361 278 3441 pecunie,
302 3378 361 3424 nec
384 3379 403 3425 a
425 3361 591 3443 premissis
613 3361 748 3428 rihterio
770 3367 803 3426 et
823 3362 949 3428 ciuibus
972 3363 1044 3445 plus
1068 3363 1196 3445 exigent
1217 3380 1275 3444 per
1305 3381 1339 3427 so
1368 3361 1419 3424 uel

140 3473 241 3551 alium
277 3474 350 3538 siue
376 3473 497 3555 domus,
531 3475 615 3541 horti
650 3481 682 3541 et
714 3475 933 3557 possessiones
957 3475 1098 3557 ipsorum
1120 3475 1298 3558 prescripto
1326 3478 1420 3538 aucte

141 3582 253 3650 tuerint
282 3586 317 3650 in
346 3590 509 3667 posterum
538 3593 595 3652 aut
624 3587 721 3653 etiam
743 3588 908 3653 diminute.
954 3586 998 3653 Vt
1029 3593 1135 3653 autem
1157 3589 1216 3654 hec
1245 3586 1419 3667 ordinacio,

142 3699 309 3765 conuencio
332 3704 365 3763 et
385 3700 563 3766 amicabilis
578 3700 771 3783 composicio
787 3701 952 3783 perpetuis
974 3700 1171 3782 temporibus
1194 3699 1336 3765 debitum
1352 3718 1419 3764 sor·

144 3809 237 3875 cietur
259 3811 419 3892 eflectum,
443 3832 575 3895 presens
602 3815 757 3897 scriptum
786 3815 888 3880 nostri
918 3819 951 3879 et
979 3813 1145 3896 prehabito
1167 3813 1418 3879 Boleslauiensis

146 3925 327 3991 ecclesiane
350 3927 493 3993 ciuitatis
516 3928 603 3994 Brod
623 3928 767 4010 predicte
789 3929 970 4011 sigillorum
992 3929 1117 3994 exstitit
1131 3927 1306 3992 munimine
1327 3925 1419 3991 robo-

147 4042 246 4103 num
271 4040 390 4106 Datum
412 4040 514 4124 Prage
536 4061 619 4109 anno
650 4043 771 4109 domini
794 4039 986 4109 M⁰OC⁰LX⁰
1006 4061 1089 4108 nono
1112 4042 1145 4106 in
1175 4041 1287 4122 vigilia
1317 4038 1420 4105 sancti

148 4144 223 4214 witi.

239 4346 309 4420 orig.
320 4366 395 4421 perp.
405 4367 422 4405 r
434 4350 545 4407 urchiru
557 4369 591 4406 na
604 4351 777 4408 Ndmeclreho
789 4352 890 4407 Brodu.
909 4381 943 4391 —
960 4350 1005 4407 Na
1022 4351 1106 4406 nitich
1119 4348 1270 4419 bervenych
1283 4364 1300 4402 a
1311 4347 1419 4416 ilutpch

152 4440 194 4494 visi
208 4445 311 4516 zlomky
331 4447 494 4517 eliptichych
515 4447 604 4518 pedeti
630 4447 751 4518 bislrupa
769 4465 786 4502 a
803 4447 936 4517 kapituly,
965 4463 1002 4502 na
1020 4446 1171 4515 dervenych
1198 4443 1306 4498 zlomelr
1325 4442 1419 4496 hulate

153 4537 229 4601 reteri
244 4544 330 4598 mista
347 4542 453 4598 Brodu:
478 4544 529 4599 dre
554 4553 646 4599 ostrre
664 4545 768 4600 tillem
794 4545 936 4614 pololent,
963 4544 1032 4597 mezi
1050 4543 1131 4598 nimii
1159 4540 1272 4610 motyka
1289 4538 1421 4594 hartlska

154 4631 241 4691 tdltto
253 4653 266 4693 a
277 4637 427 4709 legendou:
447 4639 943 4712 ,[s]·01v1vu·nE·BRO[Dn]“.
956 4669 990 4680 —-
1002 4640 1103 4706 Emler,
1120 4638 1240 4707 Regeata
1248 4636 1294 4690 IV.
1308 4635 1330 4688 h
1344 4638 1419 4689 1823.
