3150 5378
639 435 714 487 ¹⁸4⁸·
1276 437 1341 504 417

50 649 77 709 et
96 642 203 724 modo,
234 642 350 726 quibus
380 641 483 725 ipsam
514 661 577 707 vua
608 661 681 709 cum
711 642 857 725 predicto
878 642 1002 726 judicio
1025 645 1131 711 tenuit
1155 651 1289 712 actenus
1311 651 1345 713 et

48 756 197 838 possedit,
237 756 371 822 diuisim
400 762 434 822 et
462 761 571 839 preter
599 759 706 839 ipsum
731 757 892 840 judicium
922 763 1033 825 tenere
1056 760 1163 826 valeat
1183 765 1217 826 et
1239 761 1344 827 eciam

50 870 219 951 possidere.
244 868 369 935 Harum
390 875 573 937 nostrarum
594 871 780 937 testimonio
803 872 979 939 liturarum.
1024 873 1144 939 Datum
1166 874 1200 939 in
1225 875 1342 941 castris

50 1001 141 1065 propo
162 982 377 1065 hluuichperg
399 1001 484 1048 anno
507 983 629 1049 domiui
651 984 823 1051 millesimo
845 986 1071 1052 trecentesimo
1093 985 1342 1069 quadragesimo

53 1102 167 1177 octauo,
190 1095 339 1161 kalendis
362 1094 522 1177 Octobris,
544 1114 716 1178 regnorum
738 1102 922 1163 nostrorum
944 1116 1027 1164 auno
1050 1098 1160 1164 tercio.

144 1267 238 1338 Kopie
254 1284 270 1322 a
287 1267 376 1323 lronca
393 1266 457 1321 XIV
475 1266 570 1323 stolati
587 1265 696 1337 drnhdy
712 1269 925 1338 rpozhstalosti
943 1286 971 1340 p.
989 1268 1077 1325 MDra
1094 1268 1217 1325 Dlababe
1227 1285 1245 1324 r
1256 1267 1340 1341 Nym-

56 1365 132 1431 bnrca
149 1365 218 1434 nynl
234 1362 375 1419 urchiru
394 1346 522 1419 deakeho
541 1378 644 1418 musea
664 1393 697 1403 -
714 1363 914 1419 Molksnberch
927 1364 996 1419 suad
1006 1365 1036 1434 jo
1048 1365 1140 1420 Vlkov
1160 1365 1340 1438 (Wolisberg)

58 1458 233 1515 nl’odkbrud.

524 1654 529 1666 ·
608 1617 673 1701 Clu.
696 1636 770 1703 280.

322 1790 422 1874 1348,
443 1791 487 1860 ro
508 1791 696 1878 prosince.
719 1792 753 1861 V
768 1787 1028 1862 Druidaneeh.

62 1966 126 2033 ou
141 1968 242 2034 nora
256 1967 311 2032 cv
326 1966 508 2050 aeaeae
521 1967 706 2051 murm
728 1988 749 2032 a
770 1967 822 2033 vu
841 1966 907 2033 oea
921 1970 1023 2034 aaa
1043 1947 1115 2034 usto
1126 1968 1194 2033 „aa
1209 1969 1336 2046 nom,

61 2078 192 2164 bajebo
214 2078 351 2146 roakaaa
379 2079 484 2163 dobyb'
505 2102 527 2146 α
548 2079 661 2163 apdlt'li
689 2079 787 2163 duom
808 2080 924 2157 Jtzooo,
953 2080 1101 2157 Slrudoa
1132 2078 1294 2148 Cbaddrov
1317 2106 1340 2149 a

10 2270 13 2287 ι
61 2191 216 2260 ummo
238 2191 356 2260 vocuo
374 2194 469 2269 oen,
492 2214 514 2259 a
534 2193 679 2277 nouos
698 2192 887 2260 umerum
909 2191 1084 2260 suasca
1105 2173 1248 2272 deuo,
1278 2195 1338 2280 aoy

10 2296 13 2323 ’
60 2302 160 2372 uoco
176 2307 206 2371 te'
222 2306 351 2388 pithia&
363 2305 574 2391 poddouny'cb
594 2306 792 2390 oepr'r'y'lmula'
812 2308 899 2374 sumi
918 2304 1138 2385 kroarouaent,
1161 2308 1259 2394 ny'brd
1274 2310 1336 2393 obp

10 2416 12 2447 ⁵
256 2416 426 2501 porwobuli
446 2416 665 2485 krahoske'mu
685 2419 796 2497 amcdu,
819 2420 858 2503 by
871 2422 908 2504 je
929 2419 1110 2487 roaboduul.

144 2594 285 2660 Karolus
301 2593 353 2660 dei
369 2594 480 2677 gracia
500 2594 717 2662 Romanorum
738 2614 796 2662 rex
818 2613 944 2679 semper
967 2600 1125 2678 augustus
1148 2600 1181 2663 et
1202 2597 1337 2667 Boemie

58 2723 107 2772 ren
129 2708 250 2775 Notum
271 2705 601 2790 facimusrniuersis,
624 2708 710 2792 quod
731 2707 843 2775 fideles
872 2710 974 2775 nostri
998 2708 1156 2777 dilecti..
1177 2711 1279 2794 jurati
1304 2718 1338 2779 et

58 2822 238 2887 uiuersitas
251 2821 372 2887 ciuium
393 2821 426 2888 in
438 2821 507 2888 Vsk
523 2842 619 2907 super
634 2823 737 2890 Albea
758 2824 845 2889 circa
865 2823 1164 2905 apprehensionem,
1188 2822 1337 2891 deuasta-

57 2935 174 3014 cionem,
199 2935 383 3000 incendium
406 2955 463 3002 seu
486 2936 728 3003 demolicionem
751 2937 914 3003 curiarum
935 2937 1056 3021 Eylorr,
1090 2936 1244 3019 Stradow,
1268 2937 1336 3004 Ku-

56 3045 145 3115 larow
169 3054 204 3114 et
224 3048 365 3115 Pristam
387 3050 485 3117 nichil
508 3052 638 3133 penitus
660 3056 900 3134 ummpurunt,
934 3050 998 3117 nisi
1028 3050 1113 3134 quod
1136 3051 1177 3116 de
1199 3051 1336 3134 speciali

55 3170 150 3230 rostro
172 3162 325 3229 mandato
347 3164 514 3245 processit,
538 3164 701 3248 nichilque
723 3163 843 3230 ibidem
864 3164 929 3230 nisi
953 3182 991 3231 ex
1007 3169 1096 3231 certa
1117 3169 1229 3231 nostra
1252 3181 1336 3231 com·

55 3276 196 3342 missione
218 3276 304 3341 circa
326 3276 487 3358 predictas
511 3278 617 3343 curias
640 3278 791 3343 inierunt
837 3277 1021 3344 Inhibemus
1048 3277 1150 3359 igitur
1171 3278 1334 3344 uniuersis

55 3389 231 3472 capitaneis,
255 3392 451 3470 camerariis,
479 3390 735 3472 subcamerariis,
762 3391 966 3474 justiciariis,
992 3390 1168 3475 judicibus,
1200 3391 1336 3474 poprab

54 3503 225 3584 calonibus,
256 3504 409 3585 sudariis,
441 3503 632 3571 officialibus
655 3510 688 3570 et
710 3502 974 3570 viceofficialibus
999 3505 1093 3586 regni
1115 3504 1257 3585 Boemie,
1280 3505 1335 3586 qui

53 3632 99 3695 pro
119 3624 265 3699 tempore
293 3616 423 3698 fuerint,
452 3616 601 3683 fidelibus
631 3619 761 3698 nostris,
795 3635 836 3683 ne
869 3617 910 3683 de
938 3617 1093 3700 predictis
1128 3617 1253 3683 ciuibus
1283 3618 1335 3683 uel

54 3746 152 3797 coram
165 3732 269 3798 altero
284 3731 325 3797 ad
339 3731 539 3809 instanciam,
556 3731 763 3812 delacionem,
787 3729 1005 3814 [citaci]onem
1021 3731 1072 3796 vel
1086 3731 1336 3796 arrestacionem

54 3845 272 3927 onustumque
294 3863 440 3927 persone,
464 3863 529 3927 qua
551 3847 654 3911 eciam
669 3846 828 3928 dignitate
843 3845 1022 3927 prefulgeat
1037 3850 1093 3910 aut
1108 3844 1214 3925 qualis
1231 3847 1335 3908 status

54 3974 100 4023 sen
114 3959 313 4027 condicionis
329 3959 456 4039 existat,
480 3959 647 4024 occasione
668 3958 885 4040 predictorum
900 3958 1064 4024 iusticiam
1078 3957 1263 4022 ministrent
1279 3960 1337 4022 aut

54 4086 98 4139 eos
117 4073 159 4138 ad
182 4071 305 4139 iudicia
326 4073 470 4155 protrahi
493 4073 602 4138 sinant
624 4089 726 4155 nsque
743 4071 785 4136 ad
800 4077 947 4138 nostrum
960 4071 1123 4137 redditum
1138 4070 1335 4152 corporalem

53 4186 196 4269 eoquod
220 4186 420 4252 obiecciones
442 4184 607 4252 faciendas
639 4183 761 4251 eisdem
783 4185 953 4251 occasione
976 4185 1138 4251 curiarum
1159 4182 1334 4249 earundem

52 4301 253 4380 pasoraliter
275 4300 388 4366 audire
407 4300 553 4365 volumus
577 4304 609 4364 et
630 4299 759 4365 auditas
782 4317 819 4364 ac
841 4299 1023 4364 intellectas
1038 4297 1102 4364 fine
1117 4295 1255 4363 iuridico
1270 4301 1334 4362 ter·

49 4413 165 4496 minari,
188 4434 253 4480 non
275 4413 477 4480 obstantibus
499 4414 754 4497 quibuscumque
768 4413 897 4494 litteris,
921 4413 950 4479 si
971 4429 1052 4494 quas
1068 4429 1125 4493 por
1141 4412 1332 4493 importuni-

48 4528 147 4608 tatem
162 4526 359 4594 obliuionem
370 4528 420 4593 vel
433 4529 652 4610 ignorantiam
663 4527 805 4592 emanari
818 4527 1027 4608 contingeret,
1045 4523 1161 4607 quibus
1174 4523 1332 4605 omnibus,

45 4639 250 4727 inquantum
272 4648 349 4706 sunt
376 4640 544 4723 premissis
567 4642 736 4722 conuarie,
759 4640 800 4706 de
822 4646 910 4708 certa
931 4645 1043 4706 nostra
1073 4638 1214 4705 sciencia
1242 4639 1335 4706 dero·

1142 4761 1174 4811 ra
