3150 5378
657 390 732 441 asra
1315 393 1358 460 65

60 599 228 663 occasione
250 591 333 679 pene
355 596 443 680 ignis
474 596 660 663 subiacebit.
696 598 774 678 [23].
798 597 889 679 Item,
915 599 1108 681 quicumque
1137 600 1300 682 hospitum
1323 602 1356 667 in

61 710 205 777 domibus
227 710 438 793 burgensium
467 710 623 792 hospitati
656 710 787 792 fuerint,
811 717 844 776 et
866 712 895 777 si
918 711 952 777 in
973 730 1052 778 auro
1075 713 1126 777 vel
1149 721 1281 796 argento
1305 717 1355 781 vel

62 825 89 889 in
121 824 206 890 falso
231 824 365 890 denario
388 823 580 906 deprehensi
610 822 741 904 fuerint,
765 825 798 889 in
822 824 956 890 ciuitate
979 826 1029 890 vel
1062 825 1097 890 in
1120 845 1241 909 campo,
1272 847 1355 911 pene

60 938 140 1020 ignis
164 936 386 1003 subiacebunt
410 937 444 1003 Si
466 942 576 1003 autem
597 937 749 1003 falsarius
772 937 858 1003 idem
881 956 920 1003 ex
935 938 1091 1005 instinctu
1114 940 1253 1006 alicuius
1276 961 1348 1024 pro-

62 1051 160 1116 tessus
182 1051 284 1117 fuerit
316 1051 476 1134 hospitem
505 1069 609 1133 suum,
631 1051 666 1116 in
688 1051 782 1116 cuius
805 1051 899 1118 domo
921 1053 1050 1133 mansit,
1073 1051 1114 1119 de
1137 1054 1249 1120 eodem
1270 1055 1353 1123 falso

62 1166 196 1247 aliquam
219 1169 345 1246 partem
372 1182 575 1245 reseruasse;
601 1163 702 1248 judex
724 1165 900 1247 assumptis
923 1165 1038 1232 iuratis
1062 1167 1191 1233 domum
1213 1168 1352 1250 predicti

62 1278 136 1343 cinis
158 1277 304 1359 accedat,
328 1277 401 1343 ciue
414 1278 456 1344 ad
479 1297 515 1344 se
537 1282 650 1345 vocato
665 1278 761 1359 dicat,
784 1278 964 1360 predictum
976 1278 1145 1346 falsarium
1167 1281 1350 1348 confessum

62 1389 165 1471 luisse,
196 1390 261 1457 sibi
292 1395 417 1474 partem
456 1392 601 1458 eiusdem
638 1390 712 1457 salsi
744 1391 952 1458 commisisse.
1000 1392 1034 1457 Si
1067 1399 1144 1459 tunc
1179 1395 1261 1460 ciuis
1295 1396 1351 1462 ille

62 1504 295 1570 racionabiliter
326 1504 503 1585 requisitus
537 1505 578 1570 de
614 1504 770 1586 predictis
810 1510 843 1569 et
886 1503 1050 1586 professus
1083 1506 1183 1573 tuerit
1215 1509 1349 1574 eandem

63 1624 176 1698 partem
206 1618 345 1700 pecunie
374 1619 408 1684 in
430 1618 578 1685 custodia
608 1637 644 1684 se
666 1617 793 1699 habere,
823 1618 976 1684 immunis
999 1619 1063 1685 erit
1084 1620 1124 1685 ab
1146 1622 1232 1687 omni
1256 1641 1346 1704 pona.

62 1730 87 1796 Si
107 1751 183 1798 rero
207 1732 387 1814 negauerit,
410 1736 443 1798 et
456 1750 532 1815 pars
554 1730 692 1814 pecunie
713 1729 858 1798 eiusdem
878 1731 1006 1815 quesita
1020 1739 1101 1815 aput
1122 1752 1195 1799 eum
1217 1735 1349 1802 inventa

62 1844 157 1925 tuerit,
180 1864 266 1928 pene
287 1845 411 1911 falsarii
445 1844 632 1929 subjacebit,
665 1845 713 1911 ita
742 1846 876 1928 scilicet,
900 1847 928 1913 si
962 1845 1074 1912 eadem
1095 1848 1234 1930 pecunia
1265 1848 1348 1915 falsa

62 1956 163 2038 luerit;
188 1958 225 2024 si‘
241 1963 350 2024 autem
370 1958 499 2039 munda,
522 1977 604 2041 pene
625 1958 684 2025 LX
705 1959 882 2026 solidorum
903 1958 1089 2043 subjacebit.
1114 1961 1147 2026 Si
1171 1980 1247 2027 vero
1271 1961 1346 2027 bur·

63 2090 149 2152 genae
170 2072 308 2138 absente
328 2072 458 2154 hospita
479 2072 606 2155 quesita
627 2072 782 2139 fueritt
749 2077 782 2138 et
796 2073 974 2155 negauerit,
951 2074 1121 2139 t'saluo
1112 2092 1184 2139 rure
1206 2075 1345 2157 hospitis

63 2184 204 2251 immunis
226 2185 436 2267 permanebit
461 2186 538 2267 [24].
562 2186 653 2267 Item,
675 2205 733 2269 pro
756 2187 889 2252 vulnere
911 2186 1080 2252 duellari
1071 2191 1138 2253 rust
1139 2187 1203 2253 icia
1225 2188 1345 2255 iudicis

10 2256 13 2385 t
63 2304 101 2363 cet
120 2318 184 2364 rna
206 2317 325 2379 marca,
348 2304 381 2364 et
402 2298 613 2381 procubare,
628 2299 714 2383 quod
736 2300 1262 2381 diciturlemde‚1ustrc1arudrcrs
1278 2302 1341 2368 due

64 2429 164 2493 narce,
187 2431 247 2494 pro
269 2410 388 2492 duello,
411 2413 439 2477 si
462 2429 525 2494 quo
546 2411 641 2480 modo
670 2413 769 2479 iurati
793 2412 1061 2479 deliberauerunt
1099 2411 1176 2499 [25]
1200 2414 1291 2496 Item,
1315 2416 1344 2481 si

63 2526 121 2608 quis
141 2525 275 2609 aliquod
297 2525 425 2608 pondus
447 2525 518 2591 siue
547 2526 680 2608 gramm
702 2527 774 2592 siue
803 2527 910 2592 leuius
932 2526 1083 2593 babuerit
1103 2546 1199 2610 quam
1220 2528 1254 2593 in
1276 2548 1343 2594 mo·

63 2643 132 2720 neta,
154 2657 253 2706 manu
275 2637 478 2704 trrmcabitur
506 2642 564 2703 aut
592 2657 675 2721 pene
703 2639 733 2704 X
755 2658 933 2706 maromum
966 2640 1153 2707 subiacebit
1198 2641 1289 2723 Item,
1314 2642 1342 2709 si

63 2753 121 2833 quis
141 2754 250 2819 victus
265 2750 364 2817 fucrit
379 2769 452 2816 cum
462 2750 544 2817 falsa
564 2752 638 2817 ulna
660 2752 710 2818 vel
734 2771 807 2818 cum
828 2772 988 2835 mensura,
1004 2773 1066 2838 que
1088 2751 1209 2819 dicitur
1231 2756 1341 2838 strich,

64 2882 144 2930 nanu
167 2866 218 2930 vel
242 2883 327 2946 pena
348 2864 571 2930 Xmarcarum
586 2864 748 2946 punietur,
765 2872 798 2930 et
820 2865 883 2930 due
898 2871 1007 2947 partes
1022 2866 1207 2933 huiusmodi
1225 2868 1340 2950 judici,

61 2980 146 3044 tercia
168 2978 264 3045 cedet
285 2975 453 3059 inratis¹⁵).
480 2974 556 3063 [26].
580 2979 670 3059 Item,
683 2979 738 3061 qui
760 2978 904 3061 gladium
926 2999 1032 3044 coram
1048 2980 1165 3045 iuratis
1187 2983 1340 3063 snagina-

60 3095 138 3169 uerit,
161 3093 271 3158 soluet
292 3091 430 3156 mediam
452 3110 591 3157 marcam
609 3091 714 3175 judici
737 3089 936 3173 absolute¹⁶).
959 3091 1038 3176 [271.
1062 3093 1153 3173 Item,
1177 3094 1217 3159 de
1239 3096 1340 3160 omni·

57 3203 104 3271 bus
126 3206 259 3289 gladiis,
284 3223 363 3287 quos
386 3205 548 3286 acceperit
570 3203 666 3270 iudex
688 3205 937 3285 racionabiliter,
962 3224 1088 3288 semper
1103 3206 1223 3272 tercius
1247 3208 1340 3273 cedet
1433 3238 1440 3251 ·

55 3319 180 3384 ciuitati.
208 3316 279 3400 [28]
303 3318 393 3397 Item,
417 3318 534 3399 siquis
553 3318 734 3400 juratorum
758 3318 928 3401 culpabilis
951 3319 1049 3385 fuerit
1072 3321 1261 3402 proaliquo
1285 3341 1338 3386 en-

54 3450 146 3511 cessu,
170 3433 258 3497 sicut
279 3431 362 3495 alter
384 3430 477 3496 bomo
499 3428 703 3513 punietur¹⁷).
728 3431 806 3515 [29].
842 3433 932 3513 Item,
956 3433 985 3498 si
1008 3433 1071 3499 duo
1093 3436 1339 3516 properauerint

53 3545 86 3609 ad
107 3543 368 3628 conquerendum
386 3545 500 3626 judici,
524 3544 579 3627 qui
601 3546 739 3626 primum
762 3547 803 3611 ad
827 3547 955 3612 domum
978 3547 1097 3613 iudicis
1119 3547 1242 3614 familie
1264 3568 1337 3632 pro-

54 3659 257 3738 nunciauerit,
281 3658 416 3739 primam
438 3657 670 3739 querimoniam
693 3659 859 3741 optinebit,
884 3661 1032 3743 quamuis
1056 3661 1145 3726 alter
1166 3662 1200 3726 in
1230 3670 1336 3730 monte

55 3789 149 3838 coram
170 3772 326 3854 magistro
349 3772 467 3836 montis
490 3777 684 3853 conquestus
706 3772 814 3854 fuerit,
838 3774 889 3839 vel
912 3775 940 3840 ei
963 3774 1103 3839 iudicem
1124 3774 1159 3839 in
1182 3775 1260 3856 foro,
1285 3779 1334 3842 vel

55 3883 152 3951 invia
176 3886 227 3950 rel
248 3886 283 3950 in
306 3902 495 3967 quacunque
524 3885 617 3951 domo
640 3892 843 3968 preterquam
877 3887 910 3951 in
933 3887 1063 3969 propria
1085 3888 1257 3970 inuenerit,
1280 3891 1335 3956 ille

56 4002 149 4064 tumen
172 3998 331 4081 optinebit
353 3999 484 4064 racione
505 3999 587 4064 iuris
609 4000 801 4081 precedente
827 3999 876 4081 18ἰ.
902 4001 978 4085 [30].
1003 4002 1092 4081 Item,
1116 4003 1171 4084 qui
1195 4022 1252 4084 pro
1275 4005 1334 4069 ali-

57 4127 111 4188 qua
130 4113 329 4192 querimonia
344 4112 444 4177 iudici
460 4117 663 4194 presentatus
686 4112 794 4196 fuerit,
818 4118 850 4180 et
865 4113 1071 4181 fideiussores
1088 4125 1152 4181 non
1175 4116 1333 4199 habuerit,

61 4222 133 4288 intra
163 4226 384 4308 captiuitatem
416 4244 474 4308 pro
508 4226 581 4291 aliis
613 4229 822 4310 querimoniis
855 4230 935 4294 nulli
969 4227 1227 4311 respondebam).
1253 4229 1333 4315 [31].

62 4332 137 4411 item,
157 4340 209 4421 qui
233 4340 373 4420 aliquem
396 4359 453 4421 pro
475 4340 648 4406 homicidio
672 4342 721 4406 vel
751 4362 808 4424 pro
832 4344 972 4423 rotinere,
996 4342 1081 4424 quod
1104 4343 1190 4409 cedit
1211 4345 1251 4410 ad
1275 4345 1333 4410 du-

67 4447 208 4530 cllumin
240 4454 472 4534 querimoniam
505 4456 648 4536 traxerit,
679 4461 712 4522 et
744 4458 772 4522 si
813 4476 1011 4541 conquerens
1034 4458 1067 4523 in
1091 4477 1164 4522 oum
1197 4458 1332 4540 probare

65 4575 115 4623 non
145 4567 265 4646 poterit,
300 4567 400 4632 iudici
431 4567 609 4634 satisfaciet
639 4570 672 4634 in
704 4570 760 4635 LX
791 4572 903 4638 solidis
935 4577 968 4638 et
991 4572 1124 4638 cuilibet
1152 4573 1332 4638 iuratorum

1158 4686 1173 4735 o
