3150 5378
657 395 732 447 ¹⁸⁰¹·
1292 395 1354 461 139

53 600 266 682 strichonum,
299 600 334 666 C.
353 602 458 684 judici
480 601 653 670 exhibitori
685 603 888 685 presencium
913 603 988 686 jure
1017 601 1205 670 theutunico
1235 603 1356 671 locaui-

52 732 128 793 mus,
152 712 245 796 quod
269 713 444 795 purkrecht
473 716 636 796 wlgariter
662 720 875 797 nuncupatur,
910 713 969 781 sub
999 715 1103 797 pactis
1134 720 1166 780 et
1195 717 1356 785 condicio-

51 825 144 890 nibus
169 825 404 910 infrascriptis,
434 828 500 893 hiis
531 829 691 908 videlicet,
721 828 806 913 quod
836 828 921 894 idem
953 828 986 893 Ο.
1018 828 1245 910 adjudicium
1274 830 1376 897 duos.

50 937 172 1018 laneos,
197 938 329 1005 stubam
349 937 543 1023 balnearem,
568 960 666 1007 vnum
688 943 876 1008 marcellum
906 941 1051 1008 carnium
1080 948 1113 1007 et
1142 941 1231 1008 aliud
1260 944 1354 1026 panis

50 1057 80 1117 et
101 1052 341 1131 molendinum,
364 1053 393 1118 si
415 1052 486 1120 fieri
508 1059 616 1136 potest
637 1055 671 1121 in
693 1056 793 1122 riuuli
823 1055 894 1137 ripa
925 1054 1054 1135 ibidem,
1084 1072 1142 1136 per
1165 1073 1201 1121 se
1224 1060 1256 1121 et
1278 1074 1354 1123 suos

49 1164 189 1230 heredes
213 1164 339 1247 absque
361 1166 425 1231 vlla
447 1166 612 1234 solucione
641 1186 757 1235 census
788 1168 888 1235 libere
917 1167 1129 1251 possidebunt
1157 1187 1194 1234 ac
1224 1169 1354 1235 eosdem

51 1278 163 1344 laneos
188 1296 263 1343 cum
286 1277 421 1360 prefatis
443 1279 557 1346 balneo
579 1299 617 1346 ac
639 1281 766 1363 ceteris,
790 1281 819 1346 si
841 1281 874 1346 in
897 1281 1006 1365 aliquo
1025 1279 1166 1347 tortrmio
1181 1299 1220 1347 ac
1235 1287 1355 1347 euentu

51 1390 144 1455 uobis
181 1396 216 1455 et
250 1390 452 1475 episcopatui
485 1399 604 1475 nostro,
637 1393 723 1478 quod
755 1412 818 1459 non
853 1394 1024 1471 credimus,
1062 1393 1258 1477 displiceret,
1292 1394 1354 1461 sibi

53 1505 167 1570 eodem
190 1504 264 1569 iure
286 1523 324 1569 ac
346 1504 495 1572 libertate
520 1506 679 1572 vendendi
710 1506 802 1574 nobis
832 1525 870 1573 ac
892 1506 1132 1573 successoribus
1163 1508 1283 1573 uostris
1313 1508 1355 1573 ad

54 1619 257 1685 tanacionem
279 1618 458 1686 iuratorum
480 1621 634 1702 eiusdem,
658 1621 687 1687 si
708 1621 803 1688 nobis
825 1627 859 1688 et
880 1620 1121 1688 successoribus
1143 1621 1263 1686 nostris
1286 1621 1355 1703 pla·

55 1734 166 1813 cuerit,
191 1734 221 1798 si
245 1752 320 1811 non,
344 1738 461 1799 extunc
483 1734 536 1799 cui
558 1733 620 1799 sibi
643 1733 802 1815 placuerit
824 1734 955 1814 homini,
978 1734 1035 1818 qui
1054 1732 1254 1816 episcopatui
1279 1753 1353 1799 con-

57 1864 152 1927 gruus
185 1845 368 1925 habebitur,
398 1844 558 1913 vendendi
586 1845 718 1912 habebit
746 1846 916 1913 licenciam
942 1850 975 1912 et
995 1846 1130 1912 liberam
1159 1845 1352 1913 facultatem.

57 1958 100 2024 De
121 1959 201 2024 aliis
226 1978 302 2024 vero
325 1959 428 2026 laneis
450 1959 516 2040 XL,
539 1958 719 2043 dequibus
743 1960 806 2025 duo
828 1960 914 2025 lanei
940 1978 998 2042 per
1019 1959 1076 2024 XL
1099 1959 1180 2026 duos
1203 1959 1352 2026 subsides

58 2070 157 2137 diuidi
181 2071 303 2138 debent
331 2090 390 2155 per
417 2073 540 2156 iugera,
569 2090 628 2156 pro
658 2072 801 2155 quolibet
826 2077 860 2138 et
880 2072 922 2139 de
943 2072 1087 2156 quolibet
1114 2071 1197 2138 ferto
1227 2073 1354 2156 argenti

59 2186 193 2251 elidem
219 2184 260 2249 de
282 2184 416 2251 taberna
437 2185 589 2269 qualibet,
613 2190 769 2271 quotquot
790 2185 911 2252 ibidem
932 2185 1099 2267 habentur,
1130 2185 1267 2267 argenti,
1297 2189 1355 2251 aut

60 2317 186 2379 percum
219 2317 278 2381 pru
308 2297 433 2365 fertone
461 2301 590 2366 soluent
615 2317 731 2366 census
760 2300 890 2367 nomine
919 2299 1098 2379 annuatim,
1137 2299 1178 2365 de
1199 2299 1229 2365 X
1251 2299 1354 2365 eciam

60 2411 165 2491 laneis,
190 2413 234 2477 de
257 2411 402 2494 quolibet
422 2430 563 2479 marcam
584 2414 711 2496 argenti
736 2413 820 2495 puri,
851 2412 1057 2480 medietatem
1086 2412 1119 2478 in
1151 2411 1234 2479 testo
1257 2412 1353 2493 Galli,

61 2527 205 2592 cutiam
230 2528 263 2591 in
287 2526 369 2592 testo
393 2527 496 2593 sancti
520 2527 652 2610 Georgii
675 2546 747 2593 cum
769 2527 800 2592 X
822 2526 1037 2594 strichonibus
1056 2526 1131 2608 puri
1145 2525 1257 2606 tritici,
1281 2530 1354 2608 post

63 2641 200 2723 elapsum
225 2640 361 2705 duorum
383 2659 540 2706 annorum
563 2640 708 2723 spacium
730 2658 750 2705 a
771 2639 855 2705 testo
878 2638 964 2705 beati
988 2638 1074 2707 Galli
1104 2637 1249 2721 proxime
1271 2656 1356 2704 nunc

63 2760 198 2832 renturo,
232 2750 349 2834 quibus
379 2752 561 2819 libertatem
586 2752 705 2819 habere
728 2753 884 2834 volumus,
914 2756 1024 2818 nostre
1054 2770 1180 2818 camere
1207 2751 1355 2833 assigna·

64 2864 143 2945 bunt,
167 2874 202 2931 et
224 2866 370 2931 triticum
392 2867 523 2949 propria
549 2873 680 2933 vectura
709 2872 742 2932 et
772 2865 952 2949 sumptibus
984 2865 1125 2948 propriis
1148 2864 1284 2947 Pragam
1313 2864 1355 2931 ad

64 2988 197 3045 nostram
229 2981 351 3044 curiam
384 2980 598 3063 episcopalem
633 2980 751 3045 ducere
789 2979 990 3045 tenebuntur.
1036 2979 1189 3044 Promisit
1222 2978 1355 3060 insuper

63 3092 148 3170 judex
172 3092 339 3174 predictus
363 3093 448 3158 infra
471 3112 628 3160 annorum
650 3093 786 3158 duorum
809 3092 952 3175 spacium
976 3111 996 3156 a
1018 3090 1100 3157 festo
1119 3091 1207 3157 beati
1223 3092 1355 3174 Georgii

67 3209 199 3285 proxime
230 3227 315 3272 nunc
346 3212 480 3271 venturo
511 3207 691 3288 predictum
724 3206 830 3273 locum
860 3206 1020 3271 forensem
1048 3205 1141 3271 bonis
1174 3206 1296 3273 colonis
1323 3211 1356 3271 et

68 3317 240 3385 hominibus
264 3320 421 3386 collocare
444 3319 634 3387 forensibus.
681 3319 715 3386 Si
739 3338 823 3400 vero,
854 3320 939 3403 quod
969 3319 1064 3400 absit,
1095 3318 1179 3385 inira
1209 3321 1356 3404 spacium

68 3430 191 3498 «lucrum
215 3433 433 3514 predictorum
455 3452 609 3499 annorum
632 3432 739 3515 ipsum
761 3433 900 3514 premoti
930 3433 1133 3518 contingerit,
1163 3437 1279 3500 extunc
1303 3434 1355 3499 sui

69 3543 170 3612 iratres
195 3547 249 3611 uel
272 3546 406 3612 heredes
429 3548 479 3613 sui
503 3547 648 3630 predicta
679 3546 900 3628 adimplebunt
928 3547 1132 3628 integraliter
1154 3552 1187 3613 et
1209 3567 1249 3614 ex
1270 3553 1354 3627 toto;

69 3676 129 3725 cum
149 3660 269 3744 quibus
291 3661 326 3726 iu
348 3661 459 3727 eodem
481 3662 550 3726 loco
573 3660 694 3727 forensi
717 3665 749 3725 et
772 3679 833 3725 non
857 3659 945 3743 alibi,
968 3665 1172 3746 preterquam
1199 3662 1233 3727 in
1259 3661 1353 3727 bonis

70 3771 264 3841 hereditariis
288 3780 320 3839 et
343 3775 492 3856 propriis,
514 3774 677 3840 tenebitur
698 3774 913 3840 residenciam
927 3772 1033 3841 iacere
1055 3775 1272 3858 personale1n;
1295 3774 1355 3840 hoc

68 3888 193 3968 adiecto,
229 3888 314 3972 quod
345 3890 373 3953 si
404 3894 533 3971 propter
563 3894 705 3955 nostram
735 3889 937 3971 ingruentem
971 3891 1197 3956 necessitatem
1232 3893 1356 3954 nostro·

67 4019 191 4087 rumque
215 4021 437 4068 successomm
468 4001 647 4069 subsidium
670 4021 690 4068 a
711 4002 907 4085 pauperibus
939 4002 1144 4085 episcopatus
1175 4002 1276 4067 nostri
1307 4020 1356 4065 re-

67 4119 164 4198 cipere
188 4136 248 4182 nos
271 4120 442 4198 oporteret,
465 4114 564 4181 iidem
594 4134 752 4198 pauperes
783 4116 875 4182 uobis
906 4120 938 4180 et
969 4117 1088 4181 nostris
1116 4114 1356 4181 successoribus

67 4228 135 4295 dure
155 4236 338 4296 tencantur.
361 4230 446 4294 sicut
467 4229 508 4293 ab
530 4229 605 4294 aliis
627 4229 731 4295 laneis
754 4248 931 4312 pauperum
955 4230 1160 4312 episcopatus
1187 4227 1355 4293 memorati

68 4340 245 4408 duxerimus
267 4342 504 4424 requirendum.
539 4342 718 4408 Statuimus
742 4344 884 4423 iusuper,
909 4348 941 4406 vt
965 4343 1049 4407 idom
1072 4343 1168 4407 iudex
1191 4341 1231 4404 de
1254 4340 1357 4422 culpis

69 4458 194 4522 tercium
217 4457 385 4522 denarium
416 4475 472 4537 pro
500 4475 536 4523 se
557 4457 704 4539 recipiat,
739 4458 820 4521 alios
850 4456 931 4521 duos
962 4461 1070 4520 nostre
1100 4473 1224 4520 caruere
1254 4454 1357 4533 assig-

73 4570 174 4650 uando,
197 4571 342 4652 exceptis
365 4570 530 4637 dumtaxat
551 4569 655 4637 tribus
678 4571 781 4652 culpis
809 4569 1040 4649 criminalibus,
1071 4587 1151 4651 quas
1182 4574 1248 4632 tres
1271 4574 1357 4632 terre
