3098 5392
685 370 784 500 ¹⁸0⁶..
1320 420 1385 516 're

195 657 342 725 liberum
376 655 430 723 dei
463 658 574 740 gracia
594 656 812 725 Romanorum
848 675 906 725 rex
939 675 1066 742 semper
1093 662 1260 741 augustus.
1305 655 1385 725 Vni·

120 773 196 838 rucis
222 772 306 838 sacri
339 771 478 839 Romani
509 773 637 855 imperii
662 776 830 855 presentes
863 773 989 839 litteras
1017 772 1214 855 inspecturis
1242 756 1384 855 ¹graciam

118 900 182 950 snam
200 891 233 950 et
253 902 348 952 omne
368 882 496 950 bonum.
521 884 664 968 Dignum
685 885 809 952 iudicat
829 889 942 951 nocua
963 885 1121 951 serenitas
1140 889 1174 951 et
1187 885 1383 951 conueniens

114 997 275 1080 arbitratur,
291 1003 329 1064 vt
341 996 599 1065 ieruencioribua
613 997 730 1064 animis
746 1016 857 1064 sorum
872 994 1152 1064 commoditatibus
1167 996 1382 1078 intendamus,

113 1130 218 1194 quorum
238 1110 530 1196 impermutabilem
551 1111 649 1178 fidem
670 1111 838 1194 sentimus,
868 1129 1066 1196 quorumque
1085 1109 1226 1177 seruicia
1246 1128 1304 1192 pro
1326 1109 1384 1176 ho·

113 1242 167 1292 rore
191 1231 302 1293 nostro
332 1230 367 1291 et
388 1225 516 1308 imperii
549 1225 738 1309 adaugendo
769 1244 841 1291 cum
869 1222 1125 1308 promptitudine
1155 1222 1300 1306 qualibet
1329 1241 1382 1289 ex-

113 1340 232 1418 perimur.
278 1339 365 1406 Sane
393 1337 568 1421 prudentes
597 1339 661 1404 riri
683 1339 874 1405 ..consules
904 1343 937 1403 et
959 1338 1048 1404 ciues
1078 1336 1119 1403 de
1139 1336 1237 1419 Egra,
1270 1335 1382 1404 dilecti

113 1453 187 1518 nostri
206 1452 331 1534 fideles,
354 1457 465 1519 nostre
487 1451 674 1518 celsitudini
692 1451 858 1519 humiliter
880 1452 1113 1535 supplicarunt,
1136 1456 1171 1515 vt
1192 1468 1248 1516 sos
1270 1448 1382 1516 fauore

113 1568 179 1647 regio
198 1571 431 1650 prosequentes
449 1567 538 1649 ipsos
553 1584 574 1631 a
588 1566 752 1633 solucione
772 1566 915 1633 thelonei
932 1566 967 1632 in
980 1562 1210 1647 Nueremberg,
1232 1563 1274 1630 ad
1289 1564 1382 1631 cuius

113 1681 280 1746 solucionem
315 1685 427 1746 contra
453 1681 530 1763 jnra
559 1698 619 1746 sua
651 1680 784 1763 antiqua
814 1685 847 1747 et
875 1678 1043 1746 libertates
1074 1677 1317 1761 compelluntur,
1348 1680 1384 1743 rt

114 1800 233 1861 asernnt
250 1793 405 1876 indebite,
427 1794 641 1861 absoluamus.
664 1795 734 1863 Nos
748 1797 859 1878 itaque
881 1794 1042 1862 dictorum
1063 1796 1246 1860 nostrorum
1261 1791 1383 1857 ciuium

115 1903 140 1970 lc
155 1907 235 1991 Egra
261 1907 557 1991 supplicacionibus
585 1905 810 1975 fauorabiliter
836 1908 985 1975 inclinati
1013 1907 1102 1990 ipsos
1130 1906 1221 1971 iuxta
1250 1903 1384 1986 antiqua
1474 1994 1479 2003 ι

117 2033 198 2086 urum
214 2021 292 2103 jura
313 2039 333 2085 a
353 2019 518 2087 solucione
537 2020 681 2087 thelonei
702 2022 737 2086 in
754 2019 975 2103 Nueremberg
996 2018 1202 2086 absoluentes
1224 2017 1382 2099 volumus,

115 2133 248 2199 ondins
269 2138 456 2200 nostrorum
478 2130 666 2199 officialium
687 2132 739 2198 vel
761 2133 882 2199 ciuium
905 2150 1030 2198 exnunc
1052 2137 1086 2198 et
1103 2131 1235 2199 inantea
1256 2128 1297 2197 ab
1319 2130 1382 2196 eis·

115 2239 165 2310 dem
182 2246 307 2312 ciuibus
328 2246 529 2329 Egrensibus
558 2246 743 2314 theloneum
773 2248 882 2330 exigat
906 2251 964 2312 aut
984 2245 1136 2329 requirat.
1177 2246 1301 2311 Dantes
1322 2244 1382 2311 has

114 2363 213 2426 roseas
241 2360 355 2426 literas
384 2358 418 2425 in
440 2359 660 2447 testimonium
689 2376 787 2441 super
816 2377 863 2425 eo.
913 2358 1032 2425 Datum
1065 2357 1152 2441 apud
1180 2356 1381 2440 Nurembarg

113 2472 183 2538 nonis
196 2473 321 2554 Marcii,
344 2471 526 2539 indiccione
546 2474 668 2556 quinta,
691 2491 775 2539 anno
800 2473 923 2541 domini
943 2472 1117 2539 millesimo
1137 2470 1380 2540 trecentensimo

113 2583 208 2668 udum,
228 2587 321 2670 regni
344 2604 420 2653 vero
442 2587 546 2653 nostri
567 2604 652 2654 anno
674 2587 819 2670 septimo.

189 2757 257 2828 orig.
275 2775 351 2830 perp.
369 2775 387 2811 r
404 2758 516 2814 archien
534 2775 569 2813 m.
587 2757 690 2813 Chebu
708 2758 727 2813 S
744 2758 835 2830 palme
853 2758 1030 2814 zachovanou
1048 2755 1140 2829 pedeti
1155 2757 1325 2814 krtlorskou
1343 2773 1381 2812 na

113 2843 225 2908 hcdrtbne
243 2855 414 2910 relcnoilute
433 2853 517 2911 iidie
534 2854 698 2911 zareienou.
730 2853 774 2910 Na
793 2856 863 2910 rnbu
880 2853 947 2910 lietu
964 2851 1090 2925 poaddjdi
1107 2852 1211 2908 mkou:
1232 2853 1378 2919 ,Albertna

113 2947 272 3020 uolircynnge
300 2967 351 3006 czu
379 2950 580 3020 Nurembcrg.“
613 2980 644 2991 -·
675 2950 780 3017 Emler,
813 2950 936 3020 Repente
964 2951 998 3004 11.
1028 2948 1050 3004 d.
1080 2953 1157 3004 2021.
1186 2979 1221 2988 -
1251 2947 1379 3016 Bbhmer,

113 3041 162 3098 itta
175 3046 277 3117 imperii
302 3046 407 3102 selecta
435 3047 457 3101 Ι.
486 3045 510 3102 i.
531 3051 590 3101 572.
620 3077 656 3087 -
685 3046 777 3113 Gradl,
807 3046 989 3101 Monumenta
1017 3043 1128 3114 Εεηιια
1154 3044 1174 3098 Ι.
1197 3050 1246 3099 atr.
1275 3051 1324 3100 201
1356 3042 1378 3098 i.

113 3141 154 3204 tit,
174 3141 238 3196 idel
255 3143 321 3199 take
341 3143 375 3211 (a
393 3148 455 3210 ost)
474 3142 576 3199 otiitdn
600 3145 644 3198 list
660 3146 777 3198 matred
798 3143 1011 3211 Nmimbaalm'cd
1035 3143 1099 3209 (nos
1117 3141 1255 3207 consules,
1274 3140 1379 3197 scabini

113 3247 134 3285 tt
147 3237 295 3295 mosaicas
319 3240 420 3294 ciuium
443 3240 472 3295 in
499 3239 680 3310 Nuremberg)
704 3259 731 3294 ac
748 3242 798 3295 dae
816 3245 857 3295 10.
876 3241 969 3294 biam
988 3243 1063 3306 1306,
1091 3238 1198 3309 kterym
1225 3237 1378 3306 piizniraji

113 3330 235 3389 noanon
253 3336 411 3407 Chebskym
430 3338 596 3392 osvobozeni
618 3335 654 3392 od
673 3337 715 3392 cel
731 3353 764 3393 vc
783 3339 857 3392 erem
875 3337 971 3403 marti,
998 3335 1046 3391 talr
1061 3334 1130 3403 jairo
1149 3334 1158 3387 i
1177 3334 1223 3389 oni
1249 3350 1265 3387 v
1284 3332 1378 3389 Chebu

113 3423 242 3497 dplrcem
260 3433 303 3488 cla
321 3448 375 3487 sou
393 3432 566 3487 osvobozeni

654 3641 718 3724 (iis.
745 3659 793 3724 78.

443 3813 542 3893 1305,
567 3813 612 3882 ra
634 3813 784 3882 terena
832 3811 1015 3881 VPrazc.

113 3983 170 4051 irn'l
195 3990 306 4057 l'cictoo
330 3988 374 4064 II,
404 3986 541 4070 procae
571 3990 667 4053 mesto
697 3986 824 4070 Bydiov
847 4007 880 4053 ac
901 3985 1028 4053 store'bo
1057 3988 1155 4054 muto
1187 3986 1226 4052 do
1251 3986 1376 4064 nocebo

113 4097 194 4186 irrajc
218 4125 270 4170 oca
300 4101 480 4185 Roscjoos'cc
508 4099 628 4167 koatciu
649 4121 668 4165 v
689 4099 817 4167 Stardm
846 4099 999 4182 deloot,
1024 4101 1100 4184 jerat
1128 4098 1234 4166 adicit
1260 4097 1375 4184 ltpro-

113 4216 209 4281 etates
227 4202 424 4297 Zutcckima,
453 4213 623 4280 ncibcodou
642 4233 683 4280 aa
704 4219 744 4290 to,
767 4234 800 4280 co
821 4214 928 4297 atrptl
948 4213 1073 4279 ctro'atocs
1095 4210 1227 4280 destillet
1248 4235 1267 4278 o
1289 4214 1377 4280 sturc'

113 4326 151 4392 bca'
171 4327 352 4411 debovske
381 4330 453 4411 (pro
476 4330 541 4396 hiis
563 4327 720 4408 omnibus,
744 4327 917 4411 inquibus
940 4329 1078 4394 ecclesia
1099 4329 1133 4394 in
1162 4327 1298 4412 Byczow
1320 4347 1378 4411 per

113 4461 140 4509 os
161 4442 390 4527 dampnificata
414 4448 464 4508 est
486 4462 544 4525 pro
571 4442 715 4522 decimis,
747 4441 906 4522 videlicet,
929 4460 1008 4524 quas
1032 4441 1073 4506 de
1094 4442 1233 4508 araturis
1255 4443 1377 4509 nostris

113 4558 199 4625 idem
221 4558 342 4624 habere
362 4554 483 4636 debuit,
505 4574 563 4639 pro
580 4554 793 4636 carnificibus,
817 4554 1002 4638 pistoribus,
1025 4554 1178 4639 tabernis,
1200 4573 1262 4640 que
1277 4556 1378 4623 eccle·

113 4674 229 4755 sipaa,
253 4676 429 4753 antequam
450 4669 617 4736 ciuitatem
640 4669 745 4752 ipsam
767 4668 892 4735 deloco
914 4669 1048 4751 antiquo
1069 4668 1111 4735 ad
1133 4669 1235 4751 illum,
1257 4669 1291 4734 in
1314 4687 1377 4752 quo
