3098 5392
677 446 752 498 rasa.
1300 448 1363 515 745

62 653 169 735 ipsius
193 653 351 735 prepositi
367 658 400 720 et
415 671 473 718 sue
496 652 700 735 prepositure
721 658 819 734 tutor,
836 659 869 719 et
883 654 1004 721 tutorio
1028 654 1156 721 nomine
1178 657 1271 722 nobis
1288 676 1363 740 sup

62 768 227 848 plicarunt
250 786 322 832 cnm
345 768 516 847 instancia,
540 773 699 848 qnatenus
723 767 853 834 ciuibus
876 774 910 832 ct
924 767 1195 835 inhabitatoribus
1218 771 1362 838 ciuitatis

62 880 262 961 PrachaticZ,
293 887 447 960 tanquam
477 898 534 946 rex
556 879 690 946 Boemie
720 885 753 946 et
776 899 944 963 supremus
974 887 1129 962 patronus
1160 884 1364 965 prepositure

62 993 344 1077 wissegradensis
377 992 531 1076 predicte,
563 1013 674 1060 omnes
712 994 824 1060 literas
859 999 892 1059 et
928 995 1102 1077 priuilegia
1135 1015 1154 1061 a
1187 998 1362 1079 prepositis

60 1106 386 1189 wissegradensibus
401 1106 548 1173 obtentas
572 1112 605 1173 et
626 1107 757 1173 obtenta
779 1107 955 1189 hucusque,
979 1107 1167 1190 approbare,
1189 1109 1361 1191 ratificare,

61 1221 221 1286 innouare
243 1226 276 1286 ct
298 1218 487 1286 confirmare
508 1220 689 1303 gratiosius
712 1220 928 1303 dignaremur.
957 1221 1024 1286 Nos
1048 1222 1150 1304 igitur
1172 1229 1304 1306 propter
1324 1223 1360 1288 li·

61 1335 150 1399 delia
183 1336 327 1416 ipsorum
358 1334 473 1398 merita
507 1338 540 1399 et
563 1333 742 1400 constantis
765 1333 841 1398 fidei
875 1335 1080 1416 pronitatem,
1116 1336 1231 1416 pinibus
1263 1337 1362 1402 iidem

60 1446 256 1513 wilhelmus
272 1452 305 1513 et
319 1446 480 1513 Henricus
503 1447 590 1529 apud
612 1447 820 1513 serenitatem
846 1454 988 1513 nostram
1004 1448 1161 1514 claruisse
1177 1456 1363 1529 noscuntur,

62 1560 189 1626 clarent
211 1560 370 1641 quottidie
392 1567 425 1626 et
450 1560 613 1626 debebunt
634 1561 757 1627 clarere
788 1565 821 1624 et
843 1565 994 1641 poterunt
1024 1562 1227 1642 prestancius
1258 1563 1291 1627 in
1313 1562 1363 1629 fu·

61 1679 180 1754 lurum,
212 1674 509 1756 supplicationibus
538 1675 684 1756 ipsorum
716 1673 865 1740 inclinati
902 1672 1074 1755 benignius
1109 1693 1146 1740 eo
1182 1677 1362 1759 presertim,

61 1807 135 1852 cum
158 1789 246 1852 iusta
270 1788 453 1870 petentibus
477 1808 540 1854 nou
564 1789 608 1854 sit
630 1787 838 1870 denegandus
860 1805 1024 1867 assensus,
1044 1787 1151 1853 animo
1174 1788 1360 1870 deliberato,

61 1919 140 1965 sano
165 1902 358 1983 principum,
381 1901 546 1983 baronum,
579 1901 736 1967 nobilium
759 1907 791 1967 et
813 1900 958 1967 fidelium
981 1907 1162 1968 nostrorum
1189 1903 1362 1969 accedente

61 2015 199 2080 consilio
215 2015 372 2096 predictis
388 2016 515 2081 ciuibus
528 2021 560 2081 et
572 2015 843 2081 inhabitatoribus
855 2015 1000 2081 eiusdem
1016 2016 1161 2081 ciuitatis
1174 2017 1360 2083 Prachaticz

60 2147 174 2194 omnes
197 2129 341 2210 ipsorum
363 2129 475 2196 literas
498 2135 532 2196 et
554 2130 727 2212 priuilegia
750 2135 783 2194 ct
805 2129 914 2195 omnia
935 2134 968 2194 et
991 2129 1120 2210 singula
1138 2130 1172 2194 in
1189 2131 1269 2211 ipsis
1286 2149 1360 2196 con·

60 2248 152 2307 tenta
183 2243 444 2326 approbouimus,
477 2242 728 2324 ratificauimus,
763 2243 1009 2322 innouauimus,
1045 2241 1305 2310 confirmauimus
1328 2249 1362 2309 st

60 2363 175 2422 tenore
197 2357 400 2438 presencium
423 2357 463 2422 de
486 2365 575 2422 certa
604 2363 715 2423 nostra
738 2358 879 2424 sciencia
909 2362 942 2423 et
963 2357 1156 2423 auctoritate
1184 2359 1276 2440 regie
1297 2359 1361 2424 Bo·

60 2469 168 2534 hemie
190 2470 416 2552 approbamus,
439 2470 646 2550 ratificamus
670 2472 860 2536 innouamns
876 2476 909 2535 ct
924 2490 981 2554 per
1002 2471 1109 2536 omnia
1125 2470 1359 2551 confirmamus,

61 2582 176 2647 dantes
208 2588 242 2647 et
275 2583 407 2666 insuper
430 2584 642 2650 concedentes
673 2585 715 2649 ad
739 2584 932 2650 instanciam
963 2585 1256 2665 prenominatorum
1279 2583 1361 2651 Wil-

61 2695 159 2761 helmi
184 2700 216 2760 et
238 2695 372 2762 Henrici
401 2698 557 2780 predictis
588 2699 714 2763 ciuibus
745 2703 778 2763 et
812 2698 1083 2764 inhabitatoribus
1115 2700 1260 2766 ciuitatis
1281 2697 1360 2764 Pra-

60 2809 186 2875 chaticz
209 2810 354 2891 predicte
376 2811 459 2876 hanc
482 2812 623 2892 graciam
647 2812 830 2894 specialem,
855 2817 889 2877 vt
905 2811 969 2894 ipsi
992 2812 1140 2878 omnibus
1163 2817 1196 2878 et
1218 2813 1357 2895 singulis

60 2921 199 2996 iuribus,
223 2923 365 3004 statutis,
391 2925 648 2991 immunitatibus
665 2931 698 2990 et
714 2925 1001 2992 consuctudinibus
1025 2927 1071 2991 vti
1091 2933 1123 2992 et
1138 2927 1280 3009 gaudere
1303 2926 1358 2992 de·

58 3035 167 3115 beant,
192 3036 309 3117 quibus
332 3038 436 3103 incole
459 3043 492 3103 et
514 3039 746 3105 inhabitatores
770 3046 948 3105 ceterarum
978 3040 1069 3122 regni
1102 3040 1205 3105 nostri
1228 3039 1360 3105 Boemie

59 3149 241 3230 ciuitatum,
254 3156 364 3232 vtpote
376 3151 547 3233 Pragensis
560 3152 695 3219 Maioris
708 3158 740 3218 et
752 3153 945 3233 Piescensis,
961 3155 1102 3236 gandent
1117 3172 1175 3218 sen
1184 3153 1358 3237 quomodo-

58 3265 140 3329 libet
162 3267 342 3346 pociuntur,
364 3272 396 3331 et
411 3266 587 3348 signanter,
613 3267 698 3348 quod
721 3268 785 3350 ipsi
808 3267 891 3333 bona
914 3286 973 3333 sua
990 3268 1120 3332 mobilia
1135 3271 1167 3331 et
1182 3266 1359 3331 immobilia

59 3378 93 3442 in
117 3375 181 3441 fine
204 3379 272 3444 uite
293 3397 352 3443 sue
374 3380 491 3461 legare,
525 3384 646 3445 testare
676 3385 709 3445 et
731 3381 882 3446 ordinare
912 3385 944 3446 et
970 3400 1042 3446 cum
1073 3380 1155 3461 ipsis
1186 3379 1358 3461 disponere

58 3490 189 3572 possint
210 3498 243 3555 et
265 3492 404 3571 ualeant,
427 3497 524 3574 prout
547 3494 579 3557 in
595 3494 710 3574 literiS,
734 3512 814 3575 quas
830 3513 850 3558 a
865 3493 1020 3575 predictis
1043 3493 1217 3575 prepositis
1235 3492 1358 3558 Wissc-

58 3600 275 3683 gradensibus
298 3603 416 3669 habere
439 3605 682 3687 dignoscuntur,
706 3607 832 3689 plenius
856 3611 906 3671 est
929 3624 1127 3688 expressum.
1152 3605 1358 3670 Preseucium

59 3715 122 3779 sub
144 3716 234 3797 regie
256 3722 366 3782 nostre
387 3719 568 3783 maiestatis
589 3720 696 3799 sigillo
711 3721 897 3785 testimonio
920 3720 1096 3784 literarum.
1120 3718 1241 3783 Datum
1255 3717 1359 3800 Prnge

57 3847 145 3893 anno
178 3828 300 3894 domini
333 3831 504 3895 millesimo
538 3833 762 3898 trecentesimo
794 3834 1012 3914 octuagesimo
1036 3831 1186 3912 secundo,
1210 3830 1264 3896 die
1285 3830 1353 3896 XV.

56 3940 188 4021 Marcii,
219 3960 391 4023 regnorum
421 3948 604 4009 nostrorum
633 3963 717 4010 anno
740 3945 873 4011 Boemie
894 3943 993 4025 XIX‘l,
1029 3946 1245 4011 Romanorum
1279 3962 1358 4008 uero

57 4059 164 4120 sento.

165 4223 258 4280 Kniha
277 4228 400 4296 pamdtnl
419 4228 508 4281 memil
524 4246 541 4282 v
559 4229 671 4283 arcinivn
690 4247 724 4283 m.
742 4229 885 4284 Prachatic
905 4245 942 4283 na
967 4229 983 4282 l.
1005 4233 1046 4282 89.
1066 4258 1099 4268 -
1117 4228 1218 4298 Pclzel,
1235 4228 1357 4282 Lebens-

51 4320 218 4394 geschichte
236 4321 269 4375 K.
289 4322 480 4379 wenceslaus.
510 4325 690 4380 llrkundenb.
710 4325 747 4377 N⁰
766 4326 889 4380 xxvlu.
919 4324 964 4377 ‹llc
982 4325 1127 4393 origindln,
1151 4326 1230 4395 interp
1247 4342 1278 4380 se
1296 4328 1359 4380 uice

49 4418 235 4477 nezachoval.
