3098 5392
650 468 727 525 1888.
1283 466 1350 537 815

45 679 205 745 Premrea
245 676 286 743 de
325 676 596 763 subsequentibus
633 676 758 745 duobus
798 678 894 744 annis
926 677 1112 743 immediate
1144 676 1349 745 currentibus

45 793 139 875 ipsos
163 792 254 859 ciues
276 790 311 857 in
334 788 478 874 quolibet
508 808 594 857 anno
622 795 772 874 quartam
799 794 925 873 partem
953 788 1034 856 dicti
1059 788 1181 873 vngelti
1203 789 1237 855 in
1260 788 1350 857 dicta

46 905 188 971 ciuitate
209 905 243 970 in
266 904 448 971 subsidium
470 902 631 971 dictorum
651 904 836 973 debitorum
848 904 994 986 recipere
1013 901 1162 970 volamus
1176 906 1210 969 et
1222 901 1350 970 babere.

49 1018 91 1084 In
113 1019 287 1102 premissis
316 1024 425 1085 antem
451 1018 538 1085 circa
566 1018 693 1103 gracias
724 1018 851 1086 ciuibus
873 1016 1019 1085 ciuitatis
1046 1021 1158 1083 nosue
1178 1014 1352 1100 Prugensis

48 1131 158 1199 iactes
182 1136 217 1198 et
238 1131 404 1199 condictas
429 1131 610 1199 antedictos
634 1133 725 1200 ciues
741 1131 919 1200 Pontenses
940 1131 1158 1214 promittimus
1172 1129 1353 1213 gratiosius

48 1263 256 1312 conseruere.
301 1245 368 1311 Sub
390 1245 505 1312 harum
525 1246 712 1312 testimonio
734 1246 909 1312 literarum
943 1244 1064 1310 Datum
1085 1242 1190 1325 Prnge
1211 1240 1245 1307 in
1268 1240 1351 1309 festo

47 1357 141 1424 beati
162 1356 234 1423 Viti
255 1375 343 1424 anno
365 1356 487 1425 domini
509 1358 681 1425 millesimo
703 1358 929 1425 trecentesimo
952 1355 1122 1423 trecesimo
1146 1358 1245 1421 sexto.

156 1510 231 1582 Orig.
249 1527 326 1582 perg.
344 1528 360 1565 v
377 1510 490 1567 arcbivn
514 1528 549 1565 m.
573 1512 676 1567 Monta.
710 1511 796 1567 Petet
812 1511 902 1582 cbybl.
936 1509 981 1567 Na
1004 1510 1075 1565 rnbn
1098 1508 1226 1585 poadtjil
1245 1508 1352 1565 rnkon:

51 1606 208 1673 ..lobannis
231 1606 306 1676 regis
328 1622 479 1663 concessus
498 1622 591 1678 regen
609 1607 658 1664 (les
676 1608 784 1678 vngelts
807 1606 858 1663 anf
877 1607 936 1661 sier
956 1605 1037 1675 jsbrc
1056 1621 1080 1661 a
1100 1608 1191 1661 lltttb.l
1210 1634 1244 1645 -
1261 1604 1353 1661 Schle-

53 1704 155 1773 cinger,
173 1700 327 1758 Stadtbncb
345 1719 399 1758 von
416 1702 492 1757 Brtlx
511 1703 534 1758 i.
553 1709 594 1760 88.
614 1735 645 1745 -
664 1703 767 1770 Emlar,
783 1703 906 1774 Regesta
922 1702 969 1758 IV.
987 1701 1009 1757 l.
1027 1707 1088 1757 888.

620 1898 685 1982 (ils.
715 1916 787 1984 194,

292 2052 297 2061 ’
423 2052 523 2134 1888,
545 2050 567 2119 8
588 2055 779 2141 proslnce.
801 2054 834 2123 V
857 2053 989 2123 Prone.

59 2193 137 2261 Krul
164 2193 236 2261 Jos
259 2194 425 2277 potorem
456 2194 635 2259 mittonm
666 2191 891 2278 chcmkpm
915 2191 986 2276 jicio
1018 2190 1153 2275 aoobody
1184 2212 1207 2257 a
1233 2190 1352 2274 prelum

159 2305 658 2389 nlottloopr‘iotileaiocsoic
679 2307 774 2373 Boiic
796 2327 818 2372 u
841 2302 1225 2390 Obrdttookjs'obobcs'.

157 2464 230 2533 Nos
244 2463 412 2532 lohannes
436 2465 490 2532 (lei
512 2465 622 2549 gracia
636 2464 793 2535 Bobemie
806 2482 864 2531 rex
877 2482 915 2531 ac
929 2463 1221 2548 lucemburgensis
1237 2480 1354 2545 comes,

57 2576 97 2643 acl
114 2579 345 2646 uiuersorum
359 2577 514 2645 noticiam
536 2579 684 2650 volumus
706 2583 818 2646 tenore
839 2578 1043 2661 presencium
1063 2578 1245 2661 peruenire,
1267 2575 1352 2661 qnod

56 2710 113 2758 uos
135 2691 330 2759 dilectorum
348 2690 445 2758 nobis
476 2692 598 2758 ciuium
620 2691 766 2759 ciuitatis
787 2697 899 2760 nostre
922 2690 1135 2773 (larinensis,
1162 2691 1196 2757 in
1218 2706 1353 2775 quorum

59 2805 236 2872 commodis
259 2811 293 2872 et
313 2803 511 2888 profectibus
538 2808 654 2871 nosue
682 2802 856 2887 plurimum
877 2804 1057 2873 delectatur
1079 2802 1247 2885 serenitas,
1277 2820 1353 2885 sup

60 2917 287 2999 plicationibus
310 2936 368 3000 per
391 2935 446 2983 eos
468 2921 579 2984 nostro
602 2917 735 2984 culmini
751 2917 944 3001 suppliciter
966 2917 1119 2985 exhibitis
1141 2923 1176 2983 et
1194 2915 1353 2999 porrectis

62 3029 243 3115 benigniter
265 3031 424 3112 inclinati,
455 3048 565 3097 omnes
595 3030 815 3098 immunitates
838 3036 872 3098 et
892 3028 1059 3097 libertates
1078 3029 1208 3096 ciuibus
1230 3028 1354 3097 eisdem

66 3161 115 3210 seu
145 3146 278 3212 ciuitati
312 3144 507 3227 Gurimensi,
540 3164 579 3211 ac
608 3145 793 3229 specialiter
823 3144 864 3211 de
893 3144 1162 3228 appropriacione
1189 3142 1353 3224 Poscbicz‚

70 3255 227 3325 Krascban
250 3263 284 3326 et
305 3259 371 3325 alia
393 3259 509 3344 queuis
531 3259 711 3325 annexione
733 3274 790 3341 per
812 3277 871 3325 nos
894 3261 927 3324 et
949 3256 1194 3340 predecessores
1216 3260 1354 3337 nostros,

72 3385 152 3453 reges
175 3372 318 3453 Boemie,
352 3371 549 3454 abantiquo
582 3372 719 3455 prouide
752 3372 800 3438 eis
825 3371 938 3453 lactas,
972 3371 1054 3453 ipsis
1085 3370 1126 3437 (le
1153 3368 1355 3453 benignitate

75 3486 149 3566 regia
168 3490 258 3551 ratas
281 3485 437 3551 habentes
461 3490 494 3551 et
515 3490 634 3567 gratas
665 3486 755 3551 ciues
786 3486 875 3567 ipsos
898 3489 931 3550 et
954 3483 1121 3551 ciuitatem
1143 3484 1278 3550 eandem
1300 3501 1354 3549 vo

78 3590 164 3662 lomus
186 3599 367 3680 graciosius
390 3617 590 3665 conseruare.
620 3597 744 3664 Harum
765 3603 949 3663 nostrarum
971 3598 1156 3666 testimonio
1177 3598 1352 3664 literarum.

83 3702 179 3776 Datum
210 3712 316 3795 Prage
345 3712 427 3778 feria
459 3713 562 3779 tercia
590 3719 665 3796 post
699 3713 785 3779 diem
813 3712 900 3778 beati
932 3711 1061 3777 Andrec
1090 3711 1235 3794 proxima
1268 3728 1353 3776 anno

85 3819 229 3893 millesimo
251 3826 481 3893 trecentesimo
503 3827 668 3893 tricesimo
692 3832 791 3893 serto.

169 3978 240 4052 Kop.
257 3996 290 4035 ae
308 3980 373 4035 XVI
391 3980 485 4037 stoletl
503 4000 519 4037 v
537 3980 650 4037 archiva
674 3963 801 4036 &cubebo
819 3996 916 4036 musea
933 3996 946 4036 a
965 3979 1141 4051 pozntmlcou
1167 3976 1356 4049 „Privilcginm

11 3970 33 4483 )
91 4060 147 4124 bole
159 4074 228 4133 lana
244 4092 283 4133 na
300 4076 425 4146 svobody
442 4076 514 4132 dent
532 4094 549 4132 a
567 4093 604 4131 ne
622 4076 804 4148 plirlastnenl
820 4076 903 4131 Boiic
921 4092 938 4130 a
957 4075 1116 4131 Gbra'itan.‘

609 4273 715 4356 *ills
745 4288 817 4356 195.

428 4426 527 4508 1888,
549 4428 571 4493 b
592 4429 782 4515 prosince.
803 4426 838 4495 V
860 4424 991 4496 Praac.

94 4550 153 4629 Μ
167 4568 242 4645 Jno,
272 4567 402 4635 coerceo
432 4566 473 4634 cd
502 4570 648 4634 mittenti
677 4565 924 4652 Litomclr'c'clro'cb
957 4564 1019 4631 dar
1038 4564 1083 4629 47
1104 4526 1174 4648 trop,
1196 4538 1357 4649 acboolcojc

86 4667 290 4757 Moesos,
324 4678 926 4763 membressitanum«)
956 4677 1039 4745 Lubr‘
1066 4675 1357 4762 emansisse
