3098 5392
133 433 195 499 130
756 434 830 485 asco.

231 643 298 709 Nos
320 642 531 710 Wencezlaus
555 645 607 710 dei
631 646 742 727 gracia
774 663 830 710 rex
853 643 995 736 Bcemie,
1018 641 1084 708 dux
1107 640 1266 711 urscom
1294 648 1327 710 et
1344 643 1411 711 San·

130 757 272 823 dometio
313 757 520 840 marchioque
555 757 713 840 Morauie,
747 763 858 825 notum
896 756 1033 823 facimus
1066 756 1231 823 uniuersis
1263 765 1403 841 presentes

128 871 255 936 litteras
278 871 485 953 inspecturis,
510 872 596 957 quod
618 892 678 939 nos
702 872 824 939 ciuium
839 875 1022 938 nostrerum
1043 869 1085 936 de
1106 870 1329 939 Luthomericz
1345 893 1398 956 sup

128 983 361 1066 plicacionibus
387 985 544 1068 inclinati,
578 986 725 1053 fouemus
759 986 817 1067 eis,
841 990 886 1066 ut,
922 981 1188 1069 quandocumque
1208 1004 1268 1051 nos
1299 985 1393 1053 ciuitas

129 1099 211 1181 ipsis
242 1099 408 1165 collectam
442 1101 607 1183 continget
639 1101 814 1182 imponere,
838 1098 879 1165 de
900 1096 1136 1164 hereditatibus
1169 1096 1281 1165 liberis
1301 1117 1391 1165 neuen

129 1212 170 1277 de
192 1212 268 1293 illis,
291 1230 372 1294 quas
395 1211 515 1278 habent
537 1213 589 1279 uel
605 1212 768 1278 habebunt
790 1216 881 1277 extra
896 1211 1062 1277 ciuitatem
1085 1212 1192 1293 ipsam
1213 1230 1233 1277 a
1255 1212 1391 1290 nebihhus,

132 1326 258 1392 clericis
282 1327 334 1392 uel
356 1327 520 1408 religiosis
543 1326 602 1392 sub
626 1345 734 1408 censu,
756 1326 963 1392 medietatem
985 1325 1085 1406 illius,
1108 1325 1197 1409 quod
1218 1325 1259 1392 de
1278 1325 1391 1409 munia,

130 1440 348 1506 mercimoniis
371 1459 408 1507 ac
431 1440 665 1507 hereditatibus
688 1440 809 1507 nostris
831 1439 1026 1506 mensuratis
1049 1438 1091 1504 ad
1113 1438 1279 1505 ciuitatem
1301 1438 1392 1505 etaliis

132 1554 227 1621 bonis
251 1573 371 1636 eorum,
395 1573 458 1636 que
480 1555 599 1621 hahent
614 1556 647 1621 in
664 1556 798 1621 ciuitate
819 1555 901 1637 ipsa,
916 1554 951 1619 in
967 1554 1132 1620 solucione
1147 1554 1280 1620 collecte
1294 1553 1393 1629 dabunt,

130 1673 164 1734 et
186 1667 226 1734 de
248 1668 333 1734 areis
357 1672 491 1750 tantum,
516 1687 597 1752 quas
619 1668 738 1734 hahent
770 1669 804 1733 in
828 1668 962 1734 ciuitate
994 1665 1149 1749 predicta,
1174 1672 1208 1733 et
1236 1687 1298 1735 nen
1322 1667 1394 1732 ado-

130 1781 236 1848 mihus
258 1783 293 1847 in
316 1781 438 1848 eisdem
461 1782 546 1848 areis
570 1781 764 1849 constructis
795 1780 848 1846 uel
870 1779 1095 1846 construendis
1125 1778 1292 1846 collectam
1316 1781 1394 1862 ipsan

131 1897 258 1962 soluere
280 1900 458 1961 teneantur.
483 1896 685 1978 Quicumque
707 1900 816 1961 autem
837 1895 872 1959 in
894 1899 1060 1977 posterum
1082 1893 1239 1961 habentes
1261 1896 1310 1960 uel
1328 1891 1396 1960 hahi-

130 2011 195 2077 turi
226 2009 422 2076 hereditates
456 2008 641 2076 huiusmodi
674 2010 716 2074 ad
750 2010 917 2074 ciuitatem
945 2006 1123 2091 predictam
1153 2026 1191 2074 se
1219 2009 1396 2083 transferent

131 2124 243 2190 eadem
266 2144 337 2191 cum
359 2124 485 2190 ciuibus
508 2125 590 2205 ipsis
612 2124 646 2188 in
670 2123 834 2190 solucione
856 2124 989 2189 collecte
1010 2120 1174 2204 gaudeant
1195 2121 1344 2189 hhertate.
1370 2117 1396 2184 In

130 2238 222 2303 errius
245 2237 292 2304 rei
322 2236 543 2303 testimonium
576 2239 743 2318 presentes
775 2235 902 2301 litteras
933 2234 1007 2300 lieri
1040 2239 1074 2299 et
1094 2234 1214 2317 sigillis
1243 2232 1397 2302 maiestatis

130 2356 239 2418 rrostre
259 2352 415 2417 iussimus
449 2350 647 2415 communiri.
693 2351 813 2415 Datum
835 2348 967 2415 Brunne
996 2366 1055 2431 per
1086 2367 1201 2415 manus
1230 2346 1397 2416 venerabile

130 2466 228 2546 Petri,
251 2465 443 2530 Basilisnsis
466 2464 620 2547 episcopi,
643 2462 921 2545 wissegradensis
933 2462 1091 2546 prepositi
1113 2463 1271 2546 regnique
1291 2459 1397 2529 Boemie

130 2579 325 2659 cancellarii,
347 2579 504 2661 principis
536 2579 637 2644 nostri
661 2577 781 2659 dilecti,
812 2596 895 2644 anno
930 2577 1051 2644 domini
1073 2576 1246 2645 millesimo
1266 2580 1396 2644 trecente

68 2764 71 2768 ,
130 2694 221 2773 simo,
244 2691 336 2758 VIII⁰
356 2693 430 2758 idus
461 2693 587 2773 hlarcii,
617 2693 720 2758 tercia
739 2693 864 2759 decima
885 2692 1077 2775 indiccione,
1098 2692 1192 2776 regni
1213 2692 1315 2760 noshi
1334 2705 1394 2758 anun

128 2806 237 2872 tercie.

233 2994 305 3063 Orig.
333 3012 408 3066 perg.
437 3012 453 3047 r
472 2996 583 3051 arcirivu
602 3012 636 3049 m.
655 2994 802 3050 Litomdiic
821 2993 860 3047 No
879 3000 901 3048 l.
920 2991 1041 3063 (statiis
1059 2993 1129 3050 rohn
1147 2994 1169 3050 ὲ
1188 3000 1205 3049 2
1227 2992 1394 3062 ,exarandi

129 3092 147 3146 S
165 3091 266 3145 velkou
285 3090 375 3161 pedeti
393 3092 571 3158 kralorskou,
589 3091 720 3161 pondlrud
731 3091 899 3163 pomsienou,
917 3106 953 3145 na
965 3089 1157 3145 hlutoderrene
1176 3090 1260 3147 iiidie
1277 3087 1394 3146 hedrthni

127 3187 292 3242 zavhieucu.
311 3187 355 3242 No
369 3187 454 3256 jednd
466 3190 558 3243 strand
577 3188 667 3258 pedeti
679 3188 740 3242 kral
759 3204 796 3242 na
811 3187 973 3256 jezdnckem
991 3187 1059 3243 honi
1076 3203 1093 3240 v
1110 3187 1219 3255 brndnt,
1237 3188 1310 3256 majo
1326 3182 1395 3241 stete

128 3286 137 3338 i
155 3302 192 3339 na
209 3283 325 3339 andnich
344 3284 451 3340 nohach
469 3286 542 3340 houd
562 3285 638 3339 orlici
659 3303 675 3339 a
694 3302 730 3339 no
753 3285 880 3355 praporci
907 3285 916 3338 i
935 3301 971 3339 na
988 3284 1066 3338 halle
1080 3283 1159 3339 hond
1176 3284 1222 3339 lus
1240 3300 1258 3339 a
1274 3284 1356 3339 lrolem
1368 3279 1395 3334 le

130 3380 222 3450 grande
233 3399 238 3432 :
271 3380 561 3451 ,[lVl}h'GEZLAUS]
573 3412 577 3421 ·
588 3380 667 3433 DEI·
679 3380 814 3436 GRATlh
825 3408 830 3419 ·
840 3379 929 3435 REX·
940 3378 1081 3433 Bonum
1091 3408 1097 3421 ·
1106 3376 1186 3434 DVX
1196 3407 1202 3420 ·
1213 3374 1378 3434 cuncoum
1392 3401 1396 3410 ·

128 3474 940 3547 [ET-santumnium]·MAR01110QUE·MORAU1E“.
967 3472 1011 3529 Na
1029 3473 1116 3528 druhd
1138 3475 1234 3530 strand
1252 3473 1339 3545 pedeti
1353 3467 1398 3525 hd

129 3572 189 3627 sedi
202 3588 239 3626 na
250 3572 339 3637 trane,
359 3571 424 3625 drle
442 3573 557 3626 vrrrlrou
570 3571 696 3639 oclznulry
709 3571 878 3638 dhstojnosti
896 3570 1044 3626 krelovske
1056 3587 1073 3626 a
1085 3570 1157 3640 maja
1174 3570 1269 3626 helem
1287 3566 1399 3640 legende:

130 3666 422 3737 ,qsvnqn'clazhhvs
432 3696 437 3707 ·
446 3665 633 3721 SECVNDVS
645 3697 650 3707 ·
661 3666 724 3720 Dlh
735 3694 740 3705 ·
753 3664 900 3721 GRATIA·
909 3665 995 3736 [REX
1005 3695 1011 3708 ·
1021 3664 1162 3720 BOlihssE
1172 3696 1179 3708 ·
1188 3665 1268 3723 DUX
1278 3695 1284 3709 ·
1295 3662 1401 3723 GRACd

127 3762 201 3832 Ulli]
213 3793 218 3802 ·
229 3761 531 3818 hil-SANDOMERIE
541 3761 807 3833 amuellsloguh
816 3760 1403 3835 ·MORAU1E]“.Nsruhnpoanatmkernkon

127 3877 141 3911 a
162 3858 220 3913 XV.
239 3859 320 3913 stol:
341 3856 451 3924 ,Litora
460 3858 633 3914 libcracionis
644 3875 730 3929 super
740 3857 940 3914 hereditatibus
958 3858 1060 3914 liberis.
1071 3860 1120 3914 Α.“
1140 3857 1276 3933 mGup.
1295 3844 1404 3916 deskthn

127 3971 223 4010 rrrusea
245 3955 313 4023 sign.
334 3959 367 4008 24
387 3954 418 4008 G.
440 3960 469 4007 12
489 3972 525 4009 na
543 3956 559 4008 l.
579 3961 610 4008 21
632 3971 655 4009 a.
675 3971 692 4009 o
710 3959 743 4008 58
762 3972 785 4009 a
805 3957 927 4024 capsany
942 3955 1008 4024 jnnn
1025 3953 1110 4025 kepie
1127 3972 1144 4008 a
1161 3953 1222 4010 XV.
1241 3958 1305 4014 stol.
1322 3956 1406 4011 aaut

127 4052 231 4122 pisum:
262 4051 369 4116 ,Lites-u
396 4050 569 4103 lites-sostenis
592 4067 672 4116 super
696 4050 884 4103 hereditatibus
903 4050 1010 4104 liberast
1029 4066 1077 4105 us
1101 4049 1236 4121 pflpiwm
1255 4070 1293 4125 po
1311 4053 1407 4111 strand:

129 4147 340 4215 ,Confirmatum
366 4144 418 4200 No.
448 4152 487 4200 1⁴⁶.
523 4144 653 4198 Vtimie
681 4145 814 4214 rnlropise
838 4145 867 4211 Je
897 4162 935 4201 ns
951 4146 969 4200 l.
987 4148 1021 4199 68
1039 4144 1065 4199 h.
1083 4143 1170 4216 desky
1188 4148 1308 4218 pieklud
1324 4150 1409 4206 ulcu

128 4245 194 4298 listu
212 4261 226 4296 a
245 4243 304 4299 XV.
324 4243 416 4298 stoletl
434 4260 467 4296 aa
485 4241 622 4313 inaquisem:
654 4243 726 4306 „Lien
755 4234 933 4309 upseobo'zenic
950 4259 985 4296 ua
1001 4244 1132 4298 συοόσάπό
1158 4245 1328 4313 odiosae,
1349 4245 1411 4302 kde!

127 4341 219 4394 hlasni
247 4343 328 4393 misto
355 4341 434 4394 tnkto
457 4340 486 4407 je
515 4339 678 4408 piuloleno:
708 4338 827 4407 ,piejem
850 4340 909 4406 jim,
938 4340 998 4410 shy,
1017 4338 1148 4410 kdyhkoli
1165 4358 1211 4413 my
1228 4346 1305 4414 timi
1322 4342 1413 4399 meite-

133 4439 195 4490 indm
215 4435 467 4506 qllithomdiichym)
495 4435 573 4488 herui
602 4435 718 4488 uloliune
744 4453 759 4488 z
787 4435 920 4491 didiustvi
939 4434 1116 4506 svobcdnich
1134 4437 1144 4490 i
1161 4438 1228 4493 take
1247 4457 1263 4493 a
1281 4440 1358 4507 tohu,
1374 4443 1415 4497 cui

128 4533 210 4602 uprrie
229 4532 295 4599 maji
313 4533 365 4586 neb
385 4533 459 4586 nrieti
478 4531 553 4585 hudu
574 4532 640 4602 pied
661 4534 774 4586 mistam
793 4533 828 4587 od
859 4531 966 4602 poncii,
984 4533 1066 4588 lensii
1083 4534 1176 4591 moholi
1195 4533 1232 4590 od
1251 4536 1418 4593 duchovmch

131 4629 186 4700 ped
206 4628 329 4692 nirolrem,
348 4628 465 4697 polonici
482 4628 606 4696 apendz,
624 4627 785 4696 knpecstrie
805 4646 821 4683 o
838 4627 1077 4685 dddicstvinaiich
1095 4627 1214 4688 lrmdstu
1233 4632 1422 4707 primatengch
