3098 5392
680 476 755 528 1400.
1299 478 1357 544 941

53 683 180 768 jemai
202 683 345 774 dedicdm
360 683 444 768 jobo,
466 685 499 750 le
520 683 632 749 acoboo
661 683 855 766 rycbtcir'stot
885 690 915 751 to
938 707 971 752 se
988 687 1065 752 clem
1088 708 1109 752 a
1123 687 1244 771 jiny‘mi
1265 691 1363 754 ostat-

412 801 493 866 ntmi
514 800 656 882 ddcbody
677 801 728 867 dle
749 801 802 866 sot
821 801 892 867 aaa
912 800 1024 866 aciaiti.

167 1012 378 1079 wenceslaus
400 1018 459 1080 etc.
484 1019 594 1080 notum
617 1013 753 1080 iacimus
776 1019 847 1095 etc,
872 1013 956 1096 quod
986 1033 1044 1097 pro
1072 1018 1165 1097 parte
1191 1012 1289 1095 Hane,
1309 1016 1361 1098 ju·

62 1127 147 1194 dicis
161 1128 305 1193 ciuitatis
319 1133 428 1195 nostre
446 1128 618 1209 Lunensis,
634 1127 739 1194 fidelis
759 1130 862 1195 nostri
878 1128 999 1209 dilecti,
1015 1148 1087 1195 cum
1103 1127 1212 1195 debita
1227 1147 1358 1211 precum

63 1242 226 1307 instancia
253 1242 361 1307 extitit
390 1242 557 1308 humiliter
588 1243 815 1325 supplicatum,
845 1247 1004 1325 quatenus
1037 1241 1099 1309 sibi
1132 1242 1293 1326 quandam
1323 1244 1362 1310 li·

60 1360 166 1420 teram
189 1357 243 1438 pic
265 1356 503 1423 recordacionis
533 1357 735 1424 serenissimi
764 1357 931 1439 principis,
956 1357 1077 1423 domiui
1100 1356 1224 1437 Karoli,
1247 1357 1362 1423 Roma-

61 1489 178 1536 norum
194 1471 408 1552 imperatoris,
432 1471 589 1554 genitoris
612 1473 715 1537 nostri
732 1471 903 1551 carissimi,
928 1470 1088 1555 quondam
1108 1470 1254 1551 Nicolao,
1277 1471 1362 1552 patri

62 1582 190 1667 prefate
224 1582 326 1665 Hane,
358 1604 416 1667 pro
446 1590 523 1651 tunc
548 1584 670 1668 judicis
701 1583 831 1665 ibidem,
867 1602 964 1668 super
986 1584 1172 1650 huiusmodi
1202 1583 1363 1667 judicium

62 1697 220 1763 traditum
253 1699 441 1780 approbare,
474 1696 636 1766 ratificare
659 1704 692 1765 et
714 1697 902 1766 confirmare
924 1699 1105 1782 graciosius
1138 1697 1361 1780 dignaremur3

65 1812 160 1877 cuius
185 1810 314 1892 quidem
346 1811 440 1877 litere
462 1817 555 1878 tenor
577 1832 634 1896 per
657 1813 765 1880 omnia
795 1814 942 1896 sequitur
967 1818 1001 1879 et
1022 1819 1072 1878 est
1093 1813 1186 1878 talis:
1222 1811 1362 1877 Karolus

64 1930 202 2007 quartus
225 1929 285 1989 etc.
318 1924 508 2009 (Naeleduje
530 1929 624 1993 znbnl
647 1926 725 1993 listu
749 1927 854 1993 eisaie
884 1926 984 1991 Karlo
1004 1924 1051 1992 IV
1073 1925 1102 1990 d.
1128 1945 1147 1990 v
1169 1926 1271 1991 Prone
1301 1926 1363 1991 dne

64 2041 108 2105 10
123 2039 243 2103 kvdtna
261 2038 345 2104 1356
363 2039 388 2103 d.
406 2038 494 2119 360).
519 2039 587 2105 Nos
610 2021 711 2122 igitur
734 2038 1029 2122 supplicacionibus
1053 2040 1141 2105 dicte
1163 2037 1256 2103 Hane
1272 2038 1362 2104 iano·

62 2152 212 2218 rabiliter
235 2157 424 2232 annuentes,
457 2155 628 2235 presertim
663 2172 735 2220 cum
765 2156 851 2220 iuste
880 2152 1065 2235 petentibus
1095 2171 1160 2219 nou
1191 2154 1236 2218 sit
1266 2152 1362 2218 dene·

62 2266 190 2350 gendos
213 2283 378 2346 assensus,
402 2285 466 2332 uon
488 2284 546 2349 per
569 2285 709 2332 errorem
732 2272 789 2332 aut
811 2266 1003 2349 improuide,
1031 2265 1088 2331 sed
1112 2267 1219 2332 animo
1242 2266 1362 2332 delibe-

62 2386 135 2445 rato
159 2385 192 2445 et
214 2380 254 2446 de
287 2384 374 2447 certa
405 2384 516 2445 nostra
547 2381 689 2447 sciencia
722 2380 850 2446 literam
884 2398 982 2462 supra
1015 2380 1178 2461 scriptam,
1212 2386 1307 2462 prout
1329 2381 1363 2446 in

63 2494 136 2561 suis
159 2494 321 2576 membris,
353 2494 518 2574 clausulis,
549 2495 707 2576 articulis,
739 2495 914 2561 sentenciis
937 2499 971 2559 et
992 2494 1161 2561 verborum
1184 2496 1363 2576 expressio·

62 2608 161 2674 nibus
184 2609 334 2690 superius
361 2608 555 2690 compleoius
575 2609 772 2690 designatur,
796 2608 972 2674 autoritate
994 2609 1085 2690 regia
1100 2607 1233 2674 Boemie
1247 2625 1363 2690 appro-

61 2722 189 2801 bamus,
211 2719 409 2788 ratifioamus
442 2728 475 2788 et
504 2721 546 2787 de
575 2728 664 2788 certa
695 2727 806 2789 nostra
841 2723 982 2789 sciencia
1014 2727 1127 2788 tenore
1160 2721 1363 2805 presencium

63 2833 301 2915 confirmamus,
325 2835 503 2902 adicientes
528 2836 630 2902 eciam
653 2836 845 2902 auctoritate
876 2842 986 2903 nostra
1015 2838 1106 2919 regia
1137 2835 1292 2919 predicta,
1326 2840 1364 2902 ut

63 2952 138 3033 ipse
161 2948 255 3015 Hanc
286 2954 319 3016 et
342 2949 476 3016 heredes
508 2956 542 3016 et
571 2964 775 3017 successores
800 2951 851 3015 sui
875 2951 1058 3017 theloneum
1083 2951 1117 3015 in
1142 2951 1276 3017 ciuitate
1299 2950 1360 3017 Lu·

61 3064 160 3130 nensi
182 3063 329 3144 predicta
356 3064 446 3129 iuxta
469 3063 598 3129 modum
621 3068 654 3128 et
676 3063 949 3129 consuetudinem
979 3064 1019 3129 ab
1042 3065 1173 3147 antiquo
1198 3069 1362 3129 seruatum

61 3181 177 3246 leuare
201 3178 329 3261 possint
351 3183 384 3242 et
406 3178 582 3259 percipere,
613 3176 851 3258 impedimentis
887 3178 1102 3260 quorumlibet
1123 3179 1234 3259 procul
1257 3179 1361 3243 motis.

61 3294 203 3374 Insuper
225 3291 352 3374 prefato
375 3289 478 3372 Hane,
502 3290 674 3355 heredibus
698 3296 731 3355 et
754 3291 994 3356 successoribus
1019 3292 1097 3372 suis,
1120 3290 1362 3357 benefecimus

62 3407 209 3490 graciam
233 3411 265 3470 et
290 3405 428 3471 facimus
460 3405 652 3470 auctoritate
683 3405 774 3486 regia
805 3405 949 3487 predicta
979 3423 1037 3487 per
1070 3409 1247 3487 presentes,
1278 3405 1362 3487 quod

62 3521 129 3603 ipsi
154 3518 339 3585 huiusmodi
362 3517 518 3583 iudicium
542 3518 665 3600 prefate
688 3517 831 3583 ciuitatis
855 3519 1015 3584 Lunensis
1049 3538 1121 3584 cum
1144 3520 1307 3584 uniuersis
1331 3523 1364 3584 et

63 3634 206 3717 siugulis
230 3633 298 3699 suis
321 3633 531 3716 pertinenciis
564 3640 596 3698 et
619 3634 784 3715 signanter
815 3633 963 3698 theloneo
995 3635 1183 3716 prescripto,
1218 3633 1362 3715 subque

63 3757 98 3816 et
121 3749 285 3815 consuetis
304 3747 433 3831 juribus
456 3748 599 3814 decerta
621 3754 728 3813 tamen
751 3754 862 3814 nostra
885 3748 1027 3815 sciencia
1050 3755 1082 3814 et
1100 3750 1265 3814 voluntate
1285 3747 1363 3813 alie-

63 3882 146 3931 nare
176 3881 234 3929 seu
257 3862 396 3929 vendere
419 3864 545 3945 possint
575 3870 607 3928 et
631 3864 767 3943 valeant,
802 3869 897 3946 prout
928 3864 1009 3946 ipsis
1040 3864 1157 3929 melius
1188 3869 1220 3927 et
1250 3863 1362 3929 utilius

64 3978 231 4045 videbitur
254 3978 416 4059 expedire,
436 3977 564 4061 juribus
581 3983 688 4043 tamen
711 3980 848 4043 aliorum
871 3978 1087 4061 quorumlibet
1110 3995 1235 4058 semper
1251 3977 1361 4042 saluis.

63 4091 275 4159 Presencium
299 4097 358 4158 etc.
395 4093 514 4156 Datum
544 4091 648 4173 Prage
678 4110 761 4157 anno
793 4093 914 4157 domini
947 4091 1119 4157 millesimo
1144 4088 1280 4170 ccco0,
1311 4090 1364 4156 die

62 4204 142 4274 XIV
171 4206 369 4286 Decembris,
401 4224 572 4288 regnorum
604 4211 786 4271 nostrorum
818 4224 900 4271 anno
931 4204 1064 4270 Boemie
1086 4202 1278 4285 xxxvss10,
1301 4204 1364 4270 lto·

61 4337 234 4387 manorum
257 4337 332 4385 vero
355 4317 467 4384 XXV0.

169 4509 240 4579 Kop.
260 4527 275 4563 z
294 4507 414 4578 pobttlru
433 4508 483 4562 XV
508 4509 601 4563 stoleti
620 4527 636 4561 v
655 4510 751 4577 rukop.
779 4527 800 4561 c.
826 4509 866 4561 kr.
893 4506 1056 4561 universitni
1081 4507 1223 4577 lmihoruy
1242 4523 1258 4560 r
1275 4506 1362 4562 Praze

63 4606 242 4677 „Copiarium
261 4605 326 4677 dipl
345 4605 574 4660 Praemislaeum“
597 4607 664 4674 sign.
684 4605 758 4658 VIA
778 4612 791 4659 7
811 4622 848 4659 na
865 4606 882 4659 l.
901 4611 933 4659 31
953 4621 987 4659 zo
1005 4604 1146 4699 napisemv:
1165 4602 1361 4671 ,confirmacio

62 4704 156 4771 Hane,
178 4702 282 4772 judicis
309 4702 428 4759 ciuitatis
448 4702 596 4770 Lamousia,
615 4719 700 4773 snper
719 4702 824 4772 judicio
852 4701 953 4758 ibidem
979 4707 1044 4756 ew
1072 4733 1104 4743 -
1129 4702 1221 4771 Geslcy
1243 4700 1360 4771 pleklad
