3098 5392
655 467 731 520 rora.
1290 469 1356 535 649

113 693 184 758 ique
207 676 452 757 preeminencie,
485 677 684 744 condicionis
707 683 764 743 aut
786 683 890 744 status
913 679 1063 758 existant,
1096 677 1301 761 presentibus
1323 683 1357 745 et

113 789 183 870 nris,
207 807 248 855 ne
267 789 410 873 prefatos
426 790 526 872 ciues,
552 791 674 858 incolas
701 797 734 857 et
748 791 993 858 vniuersitatem
1007 791 1356 858 Luthomierzicensem

113 922 181 968 ‚non
197 903 366 971 vniuersos
389 910 422 970 et
445 904 589 987 singulos
609 910 804 971 mercatores
820 910 854 971 et
867 906 949 972 alias
965 923 1174 989 quascunque
1188 924 1354 987 personas,

113 1021 162 1082 tes
185 1017 346 1083 nundinas
363 1036 421 1084 seu
437 1018 576 1084 annuale
590 1017 704 1100 forum,
729 1018 814 1085 sicut
827 1019 1034 1102 premittitur,
1057 1019 1239 1101 visitantes,
1261 1036 1352 1087 aoce-

113 1134 173 1195 rtes
196 1136 229 1197 et
251 1149 310 1198 suo
332 1137 477 1215 tempore
498 1137 661 1198 morantes
684 1131 806 1198 ibidem
827 1150 865 1198 eo
888 1133 992 1199 eciam
1019 1132 1206 1200 recedentes
1236 1130 1354 1198 abinde

114 1244 273 1326 personis,
296 1245 456 1311 mercibus
479 1250 512 1311 et
534 1244 630 1311 rebus
663 1246 733 1312 suis
759 1250 870 1312 contra
893 1245 1053 1312 indultum
1075 1250 1221 1312 nostmm
1242 1246 1354 1311 huius·

112 1357 146 1422 di
161 1357 348 1440 impediant,
364 1359 535 1424 molestent
549 1357 789 1440 quomodolibet
804 1376 861 1425 seu
875 1358 1074 1441 perturbent,
1095 1359 1182 1425 sicut
1197 1362 1351 1440 nostram,

113 1470 213 1537 'edum
246 1476 279 1536 et
301 1490 523 1538 successorum
557 1476 749 1553 nostrorum,
772 1490 885 1554 regum
915 1471 1057 1552 Boemie,
1091 1471 1352 1554 indignacionem

113 1583 284 1650 ¹nissimam
313 1602 350 1649 ac
379 1602 494 1666 penum
519 1585 553 1650 in
573 1584 842 1651 contrafacientes
864 1584 906 1650 ad
927 1583 1096 1651 arbitrium
1118 1585 1244 1667 regium
1264 1582 1353 1650 infli-

113 1696 195 1762 rdam
217 1698 378 1764 voluerint
400 1699 531 1765 euitare.
555 1699 764 1765 Presenoium
779 1697 838 1763 sub
853 1698 1032 1782 imperialis
1046 1702 1156 1764 nostre
1170 1698 1352 1765 maiestatis

113 1809 166 1874 illo
199 1811 384 1877 testimonio
418 1811 593 1877 literarum.
639 1811 760 1877 Datum
782 1810 886 1894 Prage
915 1829 998 1877 anno
1028 1810 1149 1878 domini
1179 1811 1351 1878 millesimo

113 1924 283 1989 centesimo
306 1925 544 2007 septuagesimo
567 1924 717 2006 secundo,
741 1923 922 1991 indiccione
937 1925 1071 2006 decima,
1094 1923 1234 1992 secundo
1248 1941 1351 1991 nonas

113 2036 265 2118 ›tembris
288 2056 459 2120 regnorum
481 2043 664 2105 nostrorum
686 2057 770 2105 anno
784 2039 936 2106 vicesimo
960 2039 1107 2122 septimo,
1130 2039 1259 2121 imperii
1275 2055 1350 2104 vero

113 2149 184 2216 :imo
207 2156 330 2216 octauo.

161 2306 198 2371 R.
224 2305 389 2374 Johannes
412 2308 504 2374 Saxo.
714 2309 776 2375 Per
798 2308 962 2375 dominum
983 2309 1174 2392 magistrum
1196 2308 1287 2374 curie

677 2421 831 2489 Nicolans
855 2419 1090 2488 Gamericensis
1111 2421 1306 2505 prepositus.

160 2573 215 2627 Dle
244 2573 380 2643 origintlu
403 2579 469 2644 nynl
489 2575 528 2643 jis
552 2574 780 2631 nezachovaneho
803 2575 904 2644 Pelzel,
927 2575 962 2631 K.
988 2576 1056 2631 Ksrl
1083 2573 1133 2630 der
1158 2576 1262 2631 Vierte.
1297 2575 1347 2630 Ur-

115 2668 244 2723 denbuoh
261 2668 299 2723 N⁰
317 2669 485 2725 CCXXXVI.
498 2702 531 2709 —
544 2670 653 2740 Rulrop.
673 2654 799 2726 &calebo
818 2688 915 2726 musea
933 2672 1002 2741 sign.
1021 2677 1055 2726 24
1067 2671 1090 2725 G
1104 2677 1136 2726 12
1155 2689 1192 2727 na
1208 2672 1300 2727 lssda
1317 2687 1351 2726 aa

113 2766 195 2819 isem:
217 2765 326 2828 ,Litora
345 2766 433 2822 Caroli
453 2767 542 2836 quarti
561 2783 646 2837 super
664 2769 783 2822 annuale
800 2766 913 2823 forum.“

600 3048 617 3086 *
642 3031 706 3114 bs.
730 3050 802 3115 455.

459 3203 559 3283 1372,
582 3202 625 3269 19
647 3201 737 3272 zoi-l.
761 3205 794 3274 V
817 3203 946 3273 Prone.

113 3366 151 3424 ar'
173 3360 272 3425 Karel
283 3362 306 3424 I
311 3360 337 3424 V
351 3363 546 3445 astanoaucje,
569 3363 611 3436 ie,
633 3359 761 3443 kdplcoli
781 3368 881 3426 aemr'c
902 3361 1030 3446 ndktcrp'
1051 3365 1174 3429 mittan
1196 3363 1252 3429 neb
1274 3363 1346 3446 eby-

113 3475 139 3539 el
164 3479 266 3540 mesta
298 3474 434 3540 Krdlood
463 3476 600 3551 Hrudcc,
622 3477 697 3558 jeai
725 3478 793 3558 trpi
813 3479 971 3542 smdstem
1000 3476 1137 3542 domimi
1158 3497 1179 3541 a
1201 3476 1349 3542 obecnlms‘

113 3586 263 3664 aelami,
294 3587 498 3673 oceanecbuje
524 3589 733 3674 pr'irozcay‘eb
754 3590 874 3666 dodae,
900 3591 1006 3673 jmdnl
1024 3588 1099 3673 jobo
1120 3590 1232 3654 movile}
1253 3612 1275 3655 a
1295 3612 1349 3656 ac-

113 3702 170 3765 cite
197 3701 253 3766 moi
277 3703 449 3785 apedaouti
476 3703 609 3784 procem
642 3703 807 3787 dddic'ny'm
839 3725 884 3769 aa
912 3704 1056 3788 ncjbliiia'
1080 3704 1236 3786 pessume
1264 3703 1350 3769 vedu

299 3820 486 3882 ustanovem'
501 3818 608 3898 proice
631 3816 764 3882 erar-olo
786 3822 887 3883 ardeia
910 3816 1097 3883 Prabskebo.

159 3973 298 4040 Karolus
321 3981 455 4056 quartus
479 3975 591 4041 diuina
605 3975 736 4041 fauente
752 3977 926 4041 clemencia
941 3977 1160 4041 Romanorum
1174 3977 1349 4057 imperator

113 4104 182 4168 iper
203 4093 359 4169 augustus
382 4094 415 4153 et
436 4089 568 4155 Boemie
591 4107 654 4153 rex.
701 4089 821 4154 Notum
844 4089 979 4154 facimus
1002 4094 1115 4155 tenore
1145 4088 1348 4171 presencium

113 4201 227 4280 uersis,
249 4201 334 4284 quod
356 4201 577 4266 desiderantes
602 4202 759 4283 profectui
784 4202 928 4267 ciuitatis
951 4207 1060 4267 nostre
1076 4201 1249 4268 Grecensis
1272 4219 1348 4266 cura

113 4315 188 4397 rigni
210 4314 332 4381 ferroris
355 4316 533 4396 intendere,
565 4317 611 4380 ita
633 4323 668 4379 vt
690 4317 760 4380 eius
784 4316 873 4380 ciues
897 4320 930 4380 et
951 4316 1065 4395 incole,
1095 4313 1206 4379 fideles
1235 4315 1348 4395 nostri,

113 4429 242 4494 situdini
264 4429 365 4511 regali
388 4429 521 4494 Boemic
543 4448 581 4494 eo
603 4429 732 4510 quidem
755 4429 871 4493 melius
896 4429 1020 4493 seruire
1042 4428 1180 4509 valeant,
1210 4446 1273 4510 quo
1294 4426 1349 4494 be

112 4543 186 4608 nius
223 4543 344 4609 luerint
379 4544 469 4624 regie
501 4543 707 4607 liberalitatis
742 4543 915 4607 clemencia
949 4541 1116 4623 consolati,
1153 4547 1348 4624 quapropter

113 4678 162 4723 mo
193 4656 380 4737 deliberato,
415 4676 493 4722 sano
516 4659 706 4739 principum,
741 4657 896 4722 baronum
931 4661 962 4720 et
995 4673 1163 4737 procerum
1192 4657 1283 4737 regni
1315 4660 1348 4720 et
