3098 5392
216 428 302 496 1092
831 422 909 473 1ss

215 656 279 704 non
301 634 419 701 tacturi
441 640 552 697 nostre
573 632 683 713 gracie
697 629 759 694 sub
772 628 916 694 obtentu
941 628 1060 692 Datum
1074 625 1183 706 Prage
1196 624 1258 689 die
1274 624 1394 690 XXIX
1411 625 1526 690 Marcii.

219 767 395 833 regnorum
417 751 602 812 nostrornm
632 762 718 808 anno
739 742 873 808 Boemie
895 739 1009 819 unte,
1030 739 1256 803 Rornanorum
1282 757 1367 804 reno
1391 738 1525 804 mir

762 934 824 999 Per
845 932 1010 999 dominnm
1033 927 1222 995 Conradurn
1247 929 1526 996 subcamerarium

860 1043 1004 1111 Jacobus
1025 1041 1204 1108 eanonicus
1227 1043 1429 1125 Praavmsis.

322 1237 396 1307 Orig.
415 1255 480 1309 pap.
497 1253 515 1289 r
532 1236 643 1290 archim
662 1252 697 1288 m.
716 1234 864 1299 Domaiiic,
881 1233 912 1287 R
930 1231 952 1285 ἔ.
973 1238 1013 1285 te.
1043 1229 1127 1284 reeca
1152 1231 1220 1299 bria
1249 1231 1371 1302 druhdp
1401 1251 1439 1287 aa
1466 1235 1526 1287 ruba

218 1332 345 1387 uticem
361 1333 397 1387 do
415 1334 489 1387 lietu.
508 1331 578 1385 kdei
596 1332 662 1384 take
681 1346 712 1383 se
729 1330 787 1382 ite:
807 1328 958 1397 ,Magistro
975 1327 1086 1391 ciuium,
1102 1327 1272 1382 consulibus
1289 1329 1400 1399 juniis
1420 1342 1448 1385 rt
1464 1347 1523 1383 coa·

220 1430 346 1484 muniuti
363 1428 484 1483 ciuitatis
502 1428 658 1491 Tustensis,
676 1426 804 1480 fidelibus
823 1425 927 1478 nostris
944 1423 1079 1478 ddectis'.

786 1717 852 1798 Cis.
879 1732 954 1797 825.

535 1922 635 2000 1408,
657 1924 699 1991 21
725 1924 878 1989 terena.
902 1920 1208 1991 Vzibehlicteh.

223 2116 306 2180 Krrii
336 2116 450 2179 thetae
474 2115 527 2179 11*
554 2116 699 2197 aeiiarq'c
719 2117 896 2178 mestorium
918 2136 940 2177 a
963 2113 1158 2194 myioden
1185 2119 1293 2179 mista
1317 2117 1440 2181 Kolias
1462 2114 1518 2178 aod

228 2229 355 2301 Laberis,
377 2228 439 2308 uby
460 2248 478 2290 a
497 2228 697 2291 uemoritostr'
708 2225 804 2310 srqch
817 2248 854 2291 cc
867 2232 963 2290 miste
977 2228 990 2288 ι’
1003 2224 1102 2291 kotear
1116 2231 1220 2291 nesea
1234 2228 1370 2293 reiteret
1384 2251 1408 2294 a
1421 2229 1442 2292 k
1456 2234 1517 2294 sou

223 2340 408 2406 meetskc'mu
418 2340 651 2423 pristaseji‘o‘ch
665 2340 812 2404 odrcidc'ii
825 2338 952 2422 obrykte
973 2338 1081 2421 surrey
1101 2337 1221 2418 dant,
1244 2339 1332 2423 kdys
1352 2341 1472 2408 ktoraa
1487 2341 1520 2404 od

346 2451 559 2535 peremisse,
581 2451 730 2518 kous'elrir
752 2476 775 2517 ιι
792 2451 973 2534 piisea'ur'ch
996 2457 1097 2517 inesto
1117 2452 1226 2518 bradon
1248 2456 1398 2536 rysrriar'.

326 2662 537 2728 Weuceslaus
571 2664 623 2728 dei
655 2665 764 2743 gracie
797 2664 1013 2728 Romanorum
1047 2682 1103 2728 rex
1133 2682 1265 2745 semper
1298 2673 1459 2750 angustus
1489 2672 1516 2729 et

225 2777 359 2841 Boemie
381 2794 445 2840 rex.
472 2776 642 2841 i'niuersis
666 2782 699 2841 et
722 2777 861 2858 singulis
884 2774 1012 2842 ciuibus
1034 2784 1068 2841 et
1087 2776 1369 2846 inhabitatoribus
1386 2781 1518 2846 ciuitatis

225 2888 439 2968 Coloniensis,
463 2898 527 2953 tam
552 2893 584 2955 in
616 2892 751 2954 ciuitate
783 2909 880 2972 quam
914 2889 994 2955 ionis
1024 2891 1191 2955 ciuitatem
1224 2893 1460 2971 residentibus,
1487 2911 1517 2955 ac

223 3003 298 3067 aliis
321 3003 469 3067 omnibus
493 3005 699 3083 hereditates,
722 3024 818 3087 agros
841 3023 898 3070 seu
923 3010 1015 3087 prata
1037 3005 1078 3069 ad
1101 3007 1272 3071 ciuitatem
1296 3007 1515 3074 Coloniensem

224 3121 410 3198 spectantes
441 3118 692 3198 possidentibus,
724 3118 872 3183 fidelibus
904 3120 1026 3183 nostris
1056 3118 1195 3198 dilectis,
1229 3122 1381 3201 graciam
1407 3124 1517 3203 ιιςιιιιιι

226 3235 375 3294 atomus
398 3229 525 3294 bonum.
572 3232 700 3296 Fideles
724 3232 855 3297 dilecti!
881 3231 979 3297 Vobis
1002 3233 1126 3296 seriose
1148 3234 1356 3313 precipimus
1386 3241 1417 3301 et
1442 3252 1518 3300 man·

224 3342 347 3424 demus,
378 3349 537 3424 quatenus
561 3363 632 3408 mou
657 3347 737 3410 visis
760 3346 976 3428 presentibus,
1007 3347 1082 3411 dum
1106 3364 1163 3428 per
1187 3347 1385 3426 magistrum
1409 3349 1517 3414 ciuium

223 3463 256 3521 et
278 3456 427 3521 consules
450 3463 483 3520 et
501 3457 628 3538 juratos
645 3459 792 3523 ciuitatis
810 3459 1015 3524 Coloniensis
1031 3459 1160 3524 fueritis
1174 3459 1341 3541 requisiti,
1360 3463 1515 3542 iozungam

224 3576 409 3635 consuetam
435 3568 475 3632 de
498 3570 732 3636 hereditatibus
756 3576 789 3636 et
811 3571 903 3637 bouis
920 3574 1038 3638 restris
1054 3573 1095 3637 ad
1111 3571 1345 3639 Coloniensem
1362 3576 1514 3641 ciuitdem

224 3681 446 3764 spectantibus
469 3682 716 3764 quibuscunque
738 3684 861 3748 eisdem
884 3687 1039 3766 magistro
1063 3683 1185 3749 ciuium
1214 3691 1250 3750 et
1272 3688 1419 3754 scabinis
1441 3687 1510 3753 cirri·

224 3797 302 3860 tatis
326 3795 541 3873 ColoniensiS,
565 3802 629 3860 tam
655 3803 813 3862 retentam
836 3816 932 3878 quam
956 3802 1147 3879 presentem,
1170 3797 1251 3862 dare
1282 3805 1317 3864 et
1341 3802 1512 3883 persoluere

225 3909 328 3975 modis
351 3908 499 3973 omnibus
522 3910 668 3976 debeatis
693 3917 802 3976 nostre
824 3912 935 3992 gracie
957 3911 1017 3977 sub
1033 3909 1175 3976 obtentu.
1205 3911 1249 3976 Et
1266 3914 1300 3977 in
1317 3932 1437 3991 casnm,
1457 3930 1509 3992 qno

225 4023 386 4104 quispiam
409 4041 448 4086 ex
466 4022 556 4086 vobis
580 4025 612 4087 in
639 4025 861 4105 persoiucione
884 4024 1067 4090 huiusmodi
1091 4024 1229 4106 iouunge
1257 4032 1414 4093 consuete
1439 4027 1506 4091 ioret

224 4139 367 4202 renitens
398 4155 453 4200 seu
487 4136 626 4217 rebellis,
658 4145 774 4202 extunc
806 4138 939 4219 prefatis
970 4137 1125 4219 magistro
1154 4137 1290 4220 ciuium,
1322 4140 1459 4205 scabinis
1478 4155 1507 4199 ιι·

227 4251 447 4317 communitati
479 4251 622 4315 ciuitatis
654 4250 858 4316 Coloniensis
892 4251 1038 4333 predicte
1068 4250 1291 4318 commisimus
1323 4254 1451 4331 seriose,
1481 4254 1504 4309 d

227 4367 288 4448 ipsi
322 4366 417 4428 talem
451 4384 507 4427 seu
540 4364 620 4427 tales
653 4365 693 4427 ad
727 4364 924 4428 solucionem
954 4364 1098 4429 eiusdem
1130 4363 1270 4447 lozunge
1293 4372 1443 4432 consuete
1462 4379 1506 4445 pu·

228 4478 533 4560 impignoracionem
557 4483 589 4541 et
612 4477 862 4542 arrestacionem
886 4478 1078 4559 compellere
1100 4478 1240 4543 debeant
1264 4487 1377 4546 nostro
1397 4479 1505 4545 nomin·

228 4610 264 4657 ac
294 4592 369 4656 aliis
404 4593 465 4658 viis
497 4598 527 4656 et
560 4591 713 4657 remediis
736 4590 914 4672 oportunis.
961 4592 1080 4657 Datum
1103 4591 1268 4659 Zabieiicz
1292 4594 1347 4660 die
1369 4592 1504 4677 vigesima
