3098 5392
666 428 742 478 1⁴¹0·
1272 429 1357 495 maa

55 639 214 700 econtra
246 652 320 700 varo
351 633 532 717 presbyteri
563 633 775 716 parrochialis
806 636 944 703 ecclesie
973 636 1008 702 in
1031 636 1162 721 Malyna
1191 655 1229 703 ac
1252 638 1355 720 capel-

54 747 163 813 larum
196 748 237 813 ad
268 748 405 813 eandem
440 748 661 830 spectaucium
691 749 847 832 capellam
881 769 944 816 uon
975 748 1093 817 debent
1122 750 1356 818 calendisatum

53 860 256 927 transeundo
294 868 395 927 metas
433 877 509 928 suas
546 863 644 943 exire,
681 863 919 944 quomodolibet
956 864 1041 946 parti
1072 863 1166 930 altari
1204 865 1357 931 iniuriam

53 972 217 1040 faciendo.
262 976 343 1041 Item
376 976 411 1041 in
444 975 599 1059 lapicidio
636 977 824 1043 monasterii
860 974 1078 1043 Caedlicensis
1116 996 1174 1043 seu
1211 979 1356 1060 rupturis

54 1086 203 1169 lapidum
234 1088 346 1153 autin
370 1088 504 1171 rupibus
527 1089 672 1154 eiusdem
695 1089 883 1155 monasterii
914 1090 947 1155 in
969 1107 1047 1172 agro
1080 1092 1168 1156 curie
1194 1091 1356 1157 allodialis
1419 1133 1422 1138 ·

55 1200 123 1267 site
158 1201 192 1267 in
222 1203 330 1284 platea
364 1203 430 1269 leui
463 1207 540 1268 ante
572 1203 695 1268 Montis
724 1210 850 1284 portam
882 1202 1114 1287 Gurymensem
1149 1205 1288 1271 cultores
1319 1223 1357 1271 ac

56 1315 201 1397 operarii
233 1334 318 1382 noue
349 1316 486 1383 ecclesie
520 1322 658 1398 possunt
687 1316 788 1382 libere
821 1316 945 1398 lapides
980 1334 1089 1382 omnes
1124 1335 1181 1399 pro
1211 1318 1357 1383 eiusdem

56 1429 275 1495 construendo
307 1429 436 1497 edificio
466 1450 504 1497 ac
527 1448 658 1498 suarum
688 1431 947 1512 attinentium,
979 1431 1096 1513 quibus
1127 1431 1275 1514 indigent
1304 1433 1356 1498 uel

56 1542 260 1624 indigebunt,
294 1542 443 1625 effodere,
476 1562 627 1610 exsecare
650 1545 702 1610 uel
727 1543 966 1626 quomodolibet
987 1545 1082 1610 aliter
1105 1546 1264 1627 aquisitos
1287 1546 1356 1613 suis

56 1660 166 1720 tamen
190 1659 342 1739 expensis
364 1659 513 1740 accipere
534 1665 568 1725 et
582 1664 731 1740 acceptos
755 1659 914 1725 abducere
936 1678 1070 1742 magnos
1093 1667 1126 1725 et
1145 1679 1274 1742 paruus,
1299 1679 1356 1743 pro

58 1769 194 1853 quadris
219 1773 270 1837 uel
293 1772 389 1838 aliter
411 1773 677 1857 qualitercunque
699 1773 868 1855 dispositis
885 1791 942 1839 seu
966 1773 1175 1855 disponendis
1198 1774 1354 1856 partibus,

57 1899 163 1964 usque
192 1884 232 1947 ad
260 1885 539 1952 consumationem
562 1886 741 1967 plenariam
764 1886 946 1952 earundem.
992 1887 1026 1954 Si
1051 1906 1127 1953 uero
1156 1888 1357 1969 contingeret

57 1990 110 2062 ob'
123 1996 344 2078 predictorum
374 1998 518 2081 lapidum
549 2000 583 2064 iu
605 1999 724 2066 futuris
754 2001 954 2083 temporibus
977 2002 1192 2067 exsectiouem
1217 2001 1268 2066 uel
1291 2000 1355 2065 for·

55 2115 148 2176 tasse
179 2110 333 2191 predictis
365 2111 568 2178 denudandis
597 2112 732 2194 rupibus
766 2115 929 2181 antedicta
960 2115 1048 2180 curie
1077 2133 1173 2197 agros
1204 2114 1237 2178 in
1265 2118 1357 2194 parte

57 2222 118 2289 illa
139 2221 264 2290 destrui
287 2230 345 2291 aut
367 2225 450 2291 alias
473 2226 712 2310 quomodolibet
733 2227 884 2308 peiorari,
907 2234 984 2293 tunc
1007 2227 1094 2294 dicte
1116 2227 1252 2293 ecclesis
1274 2246 1357 2293 noue

56 2334 177 2402 iratres
208 2337 248 2401 ad
272 2337 442 2404 arbitrium
465 2343 603 2421 quatuor
626 2340 796 2421 proborum
820 2341 961 2406 virorum
988 2340 1093 2422 ipsius
1117 2340 1207 2406 curie
1229 2358 1356 2422 posses-

56 2449 126 2515 sori
150 2468 208 2532 pro
231 2451 279 2518 sic
301 2451 476 2519 destructis
499 2453 587 2535 agris
610 2452 807 2518 tenebuntur
830 2453 1029 2534 satisfacere,
1057 2471 1136 2535 quos
1159 2453 1199 2518 ab
1223 2460 1358 2537 utraque

58 2567 153 2645 parte
183 2583 280 2647 snper
311 2566 371 2633 hoc
399 2567 551 2634 duxerint
573 2567 748 2649 eligendos.
794 2567 874 2633 Item
898 2566 938 2633 ob
960 2567 1181 2632 reuerentiam
1205 2565 1357 2649 Corporis

57 2674 184 2743 Christi
218 2677 340 2745 domini
372 2681 474 2746 nostri
505 2681 658 2746 maiorem
693 2681 727 2746 iu
758 2680 811 2746 die
844 2679 927 2747 festo
961 2696 1077 2762 magne
1109 2680 1357 2762 sollempnitatis

58 2789 219 2870 eiusdem,
244 2792 369 2859 scilicet
391 2791 473 2858 feria
503 2795 621 2877 quinta.
649 2792 734 2859 infra
766 2797 911 2860 octauam
946 2799 1057 2860 sancte
1087 2792 1268 2873 Trinitatis,
1291 2793 1358 2874 plc-

56 2904 165 2970 banus
188 2904 325 2970 ecclesie
347 2925 431 2973 noue
454 2925 527 2973 cum
550 2907 618 2973 suis
649 2907 847 2990 presbyteris
877 2907 1084 2989 processione
1113 2906 1222 2972 debita
1251 2925 1358 2972 sacra·

55 3022 169 3084 mento
192 3017 363 3098 dominico,
386 3025 506 3102 quanto
530 3022 741 3103 sollempnius
764 3020 884 3103 poterit
904 3020 1027 3085 intrare
1043 3020 1241 3101 superiorem
1257 3022 1357 3087 eccle·

55 3132 145 3199 siam
177 3133 225 3198 sic
247 3132 367 3199 dictam
398 3133 604 3216 abantiquo,
629 3134 684 3199 ubi
708 3140 946 3200 sacramentum
968 3133 1088 3199 ibidem
1111 3132 1287 3200 honorifice
1308 3152 1344 3199 re

55 3262 185 3331 ponens
221 3264 292 3310 eum
322 3246 459 3327 plebano
492 3247 638 3313 eiusdem
670 3246 806 3312 ecclesie
837 3247 970 3326 suisque
1000 3245 1197 3330 presbyteris
1229 3252 1261 3313 et
1290 3252 1357 3314 toto

55 3359 148 3426 clero
161 3363 255 3424 exeat
270 3364 303 3424 et
317 3377 434 3441 corpus
454 3359 650 3425 dominicum
662 3357 770 3443 [ambo
782 3358 910 3441 plebani
923 3356 1081 3444 deferant]
1094 3361 1274 3426 coniunctis
1286 3380 1357 3443 pro·

57 3471 265 3540 cessionibus
279 3491 369 3538 more
385 3477 537 3539 consueto
554 3491 611 3553 per
627 3472 765 3551 Montes,
789 3477 908 3552 quanto
924 3471 1066 3552 poterint
1086 3472 1242 3538 humilius
1256 3479 1290 3538 et
1305 3473 1358 3539 de·

55 3591 146 3655 uota.
170 3587 312 3653 Tandem
335 3606 413 3653 uero
429 3587 545 3669 plateis
561 3587 721 3652 Montium
739 3585 915 3651 seeundum
932 3585 1196 3651 consuetudinem
1212 3606 1283 3652 cum
1300 3587 1359 3651 du·

55 3701 139 3786 plici
162 3702 371 3783 processione
393 3701 599 3783 pertransitis
627 3705 826 3764 reuertentes
850 3701 890 3764 ad
907 3699 1025 3764 dictam
1042 3699 1211 3764 eeclesiam
1234 3702 1359 3781 superi·

55 3832 150 3885 orem
165 3814 321 3896 plebanus
344 3815 481 3881 ecclesia
496 3832 580 3879 noue
596 3818 832 3879 sacramentum
854 3812 1049 3879 dominicum
1073 3830 1131 3895 per
1154 3813 1295 3894 seprius
1312 3813 1356 3878 ibi

56 3928 246 4013 depositum
261 3934 449 3995 reuerenter
463 3928 652 4010 accipietes
664 3947 735 3993 eum
751 3928 958 4008 processione
973 3945 1032 3992 sua
1048 3945 1156 3992 secum
1172 3925 1211 3990 ad
1230 3926 1359 4008 propria

54 4047 254 4111 reuertatur.
275 4042 429 4124 Sequenti
452 4062 530 4108 uero
553 4043 607 4108 die
623 4042 793 4120 dominico,
810 4040 935 4106 scilicet
950 4040 1111 4105 dominica
1127 4038 1210 4104 infra
1227 4045 1358 4106 octenas

56 4156 217 4240 Corporis
253 4153 386 4236 Christi,
422 4156 578 4238 plebanus
602 4153 813 4238 parrochialis
848 4155 984 4220 ecclesie
1018 4154 1052 4218 in
1085 4153 1226 4236 Melyna,
1253 4156 1359 4218 rector

55 4269 259 4354 capellarum
275 4269 309 4335 iu
325 4269 490 4336 Montibus
508 4269 655 4349 Cuthnis,
679 4268 885 4350 processione
907 4272 1013 4332 tamen
1038 4266 1184 4349 predicta
1200 4285 1237 4331 so
1253 4265 1358 4345 modo,

55 4404 125 4469 quo
148 4400 257 4464 supra,
289 4382 492 4449 decantaret
513 4387 701 4447 reuerenter
732 4386 871 4462 peracta,
895 4381 977 4445 alias
1001 4381 1105 4446 adhuc
1131 4397 1188 4461 pre
1210 4378 1358 4445 omnihus

54 4495 278 4579 adimplenda,
310 4495 496 4579 egrediatur
525 4496 612 4561 foras
644 4514 715 4559 cum
746 4494 815 4558 suis
846 4493 1042 4576 presbyteris
1074 4491 1358 4575 processionaliter

51 4609 237 4681 deferendo
262 4608 386 4693 Corpus
411 4608 532 4676 Christi
564 4609 685 4675 domini
708 4608 820 4688 nostri,
845 4604 1027 4674 venerabile
1053 4611 1298 4690 sacramentum,
1321 4606 1354 4673 in

1151 4736 1201 4792 τι*
