3098 5392
134 111 202 177 406
744 112 819 162 ¹³⁴⁸

131 316 399 387 consuetudinum
426 322 555 384 tenores
576 318 610 384 in
632 320 772 402 propriis
793 320 863 385 suis
894 319 1054 388 clausulis
1085 322 1299 404 presentibus
1325 330 1411 393 essen

131 434 245 500 inserti
274 437 307 498 et
335 432 480 499 totaliter
507 432 635 513 inclusi,
667 432 870 514 insonamus,
904 433 1141 519 approbamus,
1170 436 1361 507 musanus
1383 458 1411 505 ac

130 547 274 630 presenti
296 546 410 628 scripti
431 548 612 629 patrocinio
634 545 868 628 confirmamus,
900 547 1121 617 decernentes
1145 556 1181 619 et
1203 555 1344 621 volentes
1359 572 1413 637 pre

130 661 217 728 dicta
246 662 411 744 perpetuis
441 659 639 742 temporibus
671 658 817 726 obtinere
844 660 1047 729 inviolabilis
1077 663 1213 733 roboris
1241 665 1410 746 firmitatem

131 775 341 842 concedentes
363 775 459 842 dictis
482 773 609 840 ciuibus
632 771 672 838 de
694 791 788 853 nouo,
810 774 896 856 quod
922 775 988 858 ipsi
1011 774 1054 842 de
1077 778 1236 848 omnibus
1257 786 1291 848 et
1310 781 1411 847 uniuer-

131 889 176 953 sis
198 888 300 954 laueis
322 907 380 954 seu
409 888 530 954 mansis
559 905 711 968 agrorum
731 885 775 951 ad
799 886 967 953 ciuitatem
997 893 1232 971 spectantibus
1255 900 1289 962 et
1311 912 1410 962 moutu-

130 1003 209 1066 ratis
232 1006 265 1068 et
286 1002 327 1068 de
348 1002 542 1068 molendinis
564 1019 675 1067 eorum
697 999 738 1067 de
752 1020 815 1067 rno
838 1020 966 1085 quoque
987 1003 1088 1072 laneo
1114 1012 1151 1073 ct
1173 1007 1218 1076 do
1232 1028 1294 1077 vno
1313 1024 1408 1093 quoque

129 1115 311 1181 molendino
333 1118 366 1181 in
388 1116 472 1182 festo
494 1117 598 1182 sancti
619 1114 754 1181 blartiui
776 1114 916 1198 siugulis
938 1116 1036 1183 anuis
1052 1136 1187 1188 camere
1202 1122 1293 1207 regie
1312 1122 1407 1189 soluen

128 1231 300 1294 teneantur
330 1230 462 1294 racione
493 1246 609 1294 census
642 1226 780 1293 xxvfll
809 1246 941 1309 grossos
971 1248 1155 1314 pragenses
1186 1240 1221 1300 et
1250 1234 1404 1303 nundus

129 1339 220 1421 Item,
236 1342 382 1407 volumus
403 1347 436 1407 et
450 1342 633 1421 statuimus,
655 1340 743 1421 quod
757 1340 792 1404 iu
807 1341 896 1406 villis
910 1341 998 1408 iufra
1012 1345 1112 1412 vuius
1126 1348 1271 1417 miliaris
1293 1349 1405 1433 spacium

129 1453 257 1519 edicta
279 1456 414 1522 ciuitate
436 1454 542 1539 Pyesk
564 1453 761 1519 disunubus
783 1454 875 1519 nulla
896 1454 1013 1522 brssea
1034 1456 1119 1525 fiant
1133 1480 1197 1529 nec
1219 1464 1325 1547 aliqua
1341 1476 1404 1528 cert·

131 1565 217 1632 uisia
237 1566 308 1634 lieri
331 1567 446 1636 debeat
468 1585 526 1634 seu
548 1565 687 1647 braxari,
717 1584 777 1633 nec
808 1567 893 1649 quod
923 1569 1026 1652 aliqui
1056 1574 1254 1657 mechanici,
1282 1578 1403 1658 utputa:

130 1681 308 1764 carnifices,
331 1684 480 1765 pistores,
504 1680 597 1761 fabri,
620 1685 772 1762 sartores,
795 1681 978 1765 pauuicide,
1002 1690 1144 1769 sutores,
1177 1689 1402 1773 amcampsore

132 1794 184 1858 uel
218 1796 447 1879 cuiuscumque
477 1794 611 1860 alterius
641 1794 721 1858 artis
751 1795 939 1862 mechanico
972 1799 1116 1880 operarii
1139 1800 1176 1867 iu
1200 1803 1322 1871 eisdem
1338 1798 1401 1867 villis

129 1905 236 1974 facere
258 1908 395 1976 debeant
420 1907 628 1987 mansionem,
660 1907 815 1989 volentes,
848 1909 934 1991 quod
963 1910 1086 1978 limites
1110 1930 1172 1981 seu
1194 1916 1323 1983 termini
1345 1908 1402 1980 didi

129 2021 267 2088 milioris
290 2022 470 2089 istomodo
493 2021 792 2102 distinguenturet
813 2021 1028 2104 declarentur,
1052 2024 1221 2110 videlicet,
1247 2028 1336 2114 quod,
1353 2022 1403 2110 qui·

129 2152 254 2217 cunque
282 2137 376 2202 homo
405 2136 458 2201 uel
487 2133 629 2199 rusticus
659 2131 699 2197 de
730 2133 875 2216 quolibet
904 2152 988 2217 equo
1010 2136 1045 2201 in
1067 2136 1143 2220 ipsa
1175 2141 1311 2208 ciuitate
1328 2134 1401 2207 Pieri

128 2249 209 2315 duos
232 2269 351 2333 paruos
374 2250 536 2315 hallenses
560 2245 684 2312 usualis
706 2253 834 2314 monete
855 2248 987 2315 nomine
1006 2249 1153 2319 thelonei
1177 2255 1321 2335 soluerit,
1339 2245 1401 2337 quod

127 2362 183 2428 1116
205 2365 299 2431 horno
322 2371 355 2431 et
376 2365 476 2444 locus,
507 2360 562 2427 ubi
584 2359 670 2425 idem
700 2360 831 2426 soluens
860 2361 1030 2443 inhabitat,
1061 2362 1150 2431 iutra
1181 2368 1325 2449 spacium
1342 2358 1401 2431 dici

127 2478 265 2543 miliaris
296 2496 370 2544 esse
400 2477 515 2542 debeat
544 2474 672 2557 penitus
703 2478 736 2539 et
758 2474 901 2553 censeri;
936 2476 1093 2557 quivero
1116 2475 1159 2545 de
1183 2480 1325 2561 quolibet
1342 2490 1402 2561 equo

128 2592 213 2656 ultra
235 2591 316 2657 duos
346 2591 507 2656 lrsllenses
538 2587 666 2652 nomine
697 2588 839 2654 thelonei
871 2588 1099 2670 persoluerint,
1133 2590 1186 2658 illi
1207 2597 1244 2658 et
1264 2592 1356 2673 locus,
1380 2588 1402 2653 in

128 2724 191 2786 quo
213 2706 295 2770 tales
318 2705 509 2783 inhabitant,
540 2702 624 2768 intra
647 2702 768 2767 dictum
790 2702 967 2768 miliarium
989 2721 1053 2769 nou
1075 2702 1218 2772 debeant
1241 2699 1402 2790 computor‘l

128 2819 185 2883 sed
218 2818 258 2883 ab
291 2819 403 2884 eodem
436 2817 577 2883 miliario
607 2816 751 2882 totaliter
784 2816 851 2881 sint
880 2816 1013 2897 exclusi,
1044 2817 1111 2883 uisi
1141 2836 1202 2902 per
1232 2820 1403 2887 antedictum

126 2933 286 3015 quondum
308 2950 417 3014 regem
439 2930 681 2996 Wencneslaum
705 2931 755 2994 uel
787 2929 930 3012 antiquis
960 2931 1163 3013 temporibus
1185 2934 1330 3015 predicte
1348 2928 1403 2996 ville

128 3047 160 3111 iu
184 3046 379 3113 contrarium
403 3044 587 3127 specialiter
614 3043 680 3108 sint
709 3042 925 3125 priuilegiete,
956 3043 1118 3125 videlicet,
1144 3046 1232 3127 quod
1254 3040 1401 3113 merids

127 3160 333 3240 mechanicis,
363 3158 488 3222 braseis
512 3175 569 3222 seu
591 3155 839 3222 braxacionibus
862 3156 1021 3222 cereuisie
1043 3156 1135 3223 licite
1155 3156 1224 3226 frui
1246 3156 1402 3227 valeantel

127 3274 276 3355 gaudere.
322 3270 478 3337 Volumus
508 3271 610 3335 eciam
641 3274 674 3334 et
695 3268 908 3349 deceruimus,
938 3274 974 3334 ut
1003 3268 1090 3335 intra
1119 3272 1261 3353 predicti
1289 3267 1400 3341 miliarit

127 3388 271 3468 specium
294 3385 416 3450 edicta
438 3383 572 3448 ciuitate
594 3382 699 3465 Pyeslr
723 3382 979 3464 computandum,
1002 3387 1039 3449 ut
1061 3384 1128 3450 ianr
1150 3384 1398 3458 declarabumell

125 3501 215 3565 nullo
247 3506 362 3580 castra,
397 3497 597 3562 municiones
632 3514 689 3561 seu
723 3494 883 3561 fortalicio
917 3495 958 3561 de
992 3514 1077 3563 nouo
1109 3516 1169 3581 per
1203 3508 1398 3584 quemcunque

127 3614 271 3680 construi
295 3613 433 3678 debeant
456 3630 512 3676 seu
536 3608 679 3675 edificari
703 3616 744 3690 et,
779 3610 807 3674 si
829 3628 893 3692 qua
915 3610 1045 3692 incepta
1073 3617 1194 3695 essent,
1229 3613 1396 3681 unmanur.

126 3729 191 3792 nisi
214 3728 293 3792 talia
316 3731 425 3791 essent
446 3725 532 3790 locta
554 3725 606 3788 uel
640 3724 769 3805 incepta
790 3727 847 3787 aut
868 3723 902 3787 in
924 3729 1089 3805 posterum
1110 3722 1230 3794 fierent
1252 3728 1294 3794 de
1313 3726 1396 3793 uostrt

127 3841 333 3906 coheredum
349 3846 381 3904 et
397 3856 619 3904 successorum
635 3844 827 3917 nostrorum,
842 3855 956 3918 regum
971 3838 1112 3921 Boemie,
1127 3840 1267 3909 licencia
1281 3830 1394 3926 speciali

128 3954 217 4034 item,
234 3955 380 4019 volumus
405 3959 438 4017 et
454 3952 638 4032 statuimus,
662 3957 698 4016 ut
714 3950 857 4016 uniuersi
880 3951 1025 4017 homines
1041 3949 1082 4017 de
1096 3954 1228 4036 oppidis
1239 3954 1395 4023 Souroutos
1442 3960 1446 4043 l

126 4067 292 4149 Stebnycz,
325 4066 481 4149 Mylebsk,
516 4065 725 4131 Bernharticz
756 4069 788 4129 et
810 4064 850 4128 de
871 4063 946 4128 aliis
976 4065 1104 4148 oppidis
1127 4070 1162 4132 et
1184 4068 1273 4135 villis
1302 4058 1395 4135 uosttit

127 4199 184 4245 seu
207 4180 442 4261 archiepiscopi
465 4186 498 4245 61
519 4179 656 4245 ecclesie
678 4178 851 4260 Progensis
874 4181 907 4241 et
921 4178 1058 4244 aliorum
1080 4178 1242 4248 nobilium
1255 4182 1307 4248 uel
1318 4174 1397 4247 bledi·
1439 4154 1446 4239 1

127 4312 241 4361 conum
254 4309 536 4375 quorumcumque,
559 4294 645 4359 inter
667 4292 784 4356 siluam
806 4291 924 4356 dictam
946 4290 1033 4358 Brdo
1055 4297 1089 4358 et
1109 4293 1282 4362 ciuitatem
1303 4294 1399 4361 diem
