3150 5378
141 444 206 511 232
766 446 841 497 ress.

140 653 220 706 beate
238 651 366 706 memorie
379 650 506 705 dominus
520 657 622 717 noster,
641 649 767 705 dominus
782 650 976 706 Wenczeslaus
995 649 1159 717 antedictus,
1177 651 1318 721 quondam
1328 650 1438 708 Boemie

141 754 169 802 et
186 747 300 803 Polonie
319 763 369 801 rex
387 747 509 814 inclitus,
528 746 645 817 quadem
658 746 717 801 rice
731 744 835 814 judicio
853 745 1171 817 presideretstdiscreti
1182 747 1233 802 riri
1250 747 1328 803 eines
1337 748 1439 804 Latho-

140 845 306 899 morieensss
325 859 385 898 eum
404 842 501 899 eodem
520 842 630 898 domino
656 848 751 898 nostro
775 847 922 898 truentum
948 843 1112 900 habuissent
1134 860 1220 914 snper
1236 860 1280 912 eo,
1308 851 1437 915 presente

139 939 331 995 nichilominus
356 939 505 995 venerabili
529 940 557 993 in
582 939 692 995 Christe
711 944 791 1011 patre
816 945 843 995 et
867 938 987 1008 domino,
1013 940 1124 996 domino
1147 940 1239 1008 Petro,
1267 948 1366 997 mete
1382 942 1437 997 hla-

139 1036 313 1105 guntinensis
338 1035 412 1092 sedis
431 1035 647 1106 archiepiscopo,
674 1042 702 1090 et
724 1035 811 1092 nobili
829 1035 895 1104 siro,
920 1035 1031 1092 domino
1055 1035 1196 1106 Pnrgardo
1214 1035 1251 1092 de
1277 1036 1437 1109 hieydbnrg,

139 1132 183 1187 vbi
207 1133 254 1201 jus
282 1134 337 1187 tale
361 1148 412 1203 pro
440 1132 617 1203 deposicione
644 1131 800 1188 huiusmodi
826 1149 877 1203 per
903 1133 993 1204 ipsum
1020 1131 1158 1189 dominum
1177 1133 1373 1190 Weneeslanm
1389 1133 1438 1188 fnit

140 1230 250 1284 omnino
269 1229 451 1299 approbatum
470 1234 498 1283 et
517 1229 602 1283 eciam
620 1227 818 1284 confirmatum.
849 1229 881 1284 In
899 1228 977 1284 cuius
995 1229 1035 1285 rei
1052 1228 1241 1285 testimonium
1259 1236 1386 1285 nostrum
1404 1229 1437 1284 si·

141 1325 234 1394 gillnm
259 1325 434 1395 presentibus
462 1323 590 1379 duximus
617 1323 838 1394 appendendum.
874 1323 976 1380 Datum
999 1325 1028 1379 in
1045 1325 1212 1396 Lnbyessics
1235 1341 1311 1381 anno
1337 1325 1438 1381 domini

138 1420 348 1487 M⁰GCG⁰XIV⁰,
361 1420 458 1491 quinto
470 1420 532 1476 idus
542 1419 671 1491 Aprilis.“
683 1421 710 1488 (9
721 1419 833 1489 dubna.)
844 1451 880 1461 -
888 1419 921 1475 V.
936 1418 1010 1486 ,Nos
1022 1419 1207 1488 Barchardus,
1219 1422 1388 1491 purerauius
1404 1423 1438 1476 de

138 1515 319 1586 Magdeburg‚
338 1516 558 1586 recognoscimus
577 1515 686 1585 publice
703 1515 733 1569 in
750 1514 804 1570 hiis
823 1515 942 1585 scriptis,
966 1515 1040 1586 qnod
1059 1532 1093 1571 ex
1111 1516 1242 1573 mandute
1267 1518 1438 1574 serenissimi

137 1612 241 1666 domini
253 1612 342 1667 nostri
353 1610 519 1676 wenceslai,
537 1610 649 1665 Bocmie
662 1616 689 1664 et
701 1609 815 1664 Polouic
829 1610 901 1680 regis
920 1609 1015 1677 inoliti,
1028 1627 1061 1666 eo
1073 1617 1208 1682 tempore,
1225 1628 1288 1668 oum
1301 1611 1339 1667 de
1350 1613 1437 1684 ipsius

136 1707 304 1778 benignitate
329 1707 497 1763 camerarius
524 1706 600 1776 regni
625 1705 736 1761 Boemie
760 1706 950 1773 existeremus,
976 1704 1077 1763 iudicio
1095 1706 1278 1778 presidentes,
1304 1724 1341 1764 ex
1358 1716 1437 1780 parte

139 1804 227 1874 ipsius
245 1802 482 1859 iudexdeeidendi
500 1808 528 1856 et
548 1800 700 1856 diffiniendi
718 1817 830 1857 causum
843 1818 894 1871 pro
913 1801 1133 1858 exhonerecione
1149 1803 1271 1871 nenium,
1288 1803 1392 1859 ciuium
1404 1804 1438 1858 de

136 1898 322 1954 Lnthomiricz
340 1898 466 1968 deputati
493 1904 629 1952 venerunt
655 1897 767 1953 discreti
784 1897 842 1969 viri,
858 1898 933 1953 ciues
958 1896 994 1952 de
1020 1898 1204 1954 Luthomirics
1231 1904 1260 1954 et
1282 1898 1386 1955 ibidem
1410 1901 1437 1954 in

136 1996 237 2051 indicio
256 2012 346 2051 eoram
365 1995 445 2050 nobis
469 1994 595 2063 plenarie
621 1993 799 2049 obtinuerunt
817 1998 846 2047 et
863 1991 1033 2049 suffimenter
1055 1991 1317 2050 demonstranerunt
1340 2002 1437 2051 eontra

139 2108 234 2147 omnes
253 2090 429 2146 aduersarios
447 2090 570 2159 ipsorum
589 2089 796 2159 presencialiter
813 2088 989 2157 assistentes,
1007 2088 1081 2159 apud
1094 2089 1172 2159 ipsos
1191 2089 1293 2146 instem
1312 2091 1432 2147 exhorre

136 2187 274 2243 necionem
293 2186 405 2241 nenium
424 2200 474 2240 seu
492 2184 698 2255 deposicionem
722 2200 774 2254 per
792 2199 936 2240 recensum
956 2190 983 2239 et
1002 2183 1165 2240 descensum
1187 2185 1276 2241 Albee
1293 2187 1436 2242 obtentam

138 2291 166 2339 et
183 2289 374 2339 conseruatam
401 2281 627 2351 irrefragabiliter
649 2282 823 2352 abantiquis
849 2282 1020 2352 temporibus
1044 2282 1129 2351 pleno
1153 2286 1182 2338 et
1198 2280 1274 2336 omni
1295 2281 1369 2350 jure.
1405 2281 1435 2335 ln

137 2380 215 2435 euius
233 2380 273 2434 rei
290 2379 478 2435 testimonium
497 2386 653 2449 presentem
671 2379 779 2434 literam
792 2377 914 2448 desuper
925 2378 1077 2433 confectam
1090 2377 1180 2447 sigillo
1191 2384 1290 2433 nostro
1303 2378 1432 2434 iussimus

138 2476 306 2532 communiri.
343 2474 446 2530 Datum
466 2491 538 2530 anno
557 2475 660 2530 domini
678 2475 822 2530 millesimo
839 2473 1003 2541 GCG’XIW,
1026 2472 1095 2528 feris
1112 2473 1210 2543 quinta
1228 2473 1356 2544 proxima
1372 2479 1435 2545 pest

138 2571 301 2628 dominicam
320 2570 486 2640 Quasimodo
505 2571 613 2640 gcniti.“
634 2575 677 2638 (18
696 2568 809 2637 dubna.)

685 2852 717 2919 K
739 2851 795 2920 dis.
822 2852 894 2920 138.

520 3008 618 3089 1325,
641 3008 664 3077 4
685 3008 840 3077 kvbtna.
869 3008 903 3077 V
925 3007 1057 3075 Prone.

381 3148 479 3250 &relegi
494 3165 641 3249 pozddjit
654 3163 792 3248 pr'eklad
807 3162 1078 3249 pr'edebrirejict'bo
1099 3162 1187 3230 lictu.

240 3323 295 3406 ny
318 3322 381 3388 ran
403 3323 476 3389 uon
498 3324 620 3390 muoso
637 3305 742 3407 berny*
757 3343 777 3389 a
792 3324 911 3407 sorny
933 3323 1004 3389 nu
1017 3341 1038 3388 a
1053 3320 1296 3389 summumne
1311 3321 1431 3402 manre,

136 3436 224 3501 viem
246 3435 448 3518 majestatem
470 3436 581 3502 tiemto
605 3436 815 3520 ornumujem,
845 3438 883 3502 io
911 3455 965 3519 my
992 3435 1113 3519 milich
1141 3439 1216 3501 nem
1242 3434 1432 3502 mittendos

134 3547 432 3632 Lithemeiiosksich
454 3549 565 3632 uiitlry
595 3547 727 3631 opetiiti
748 3568 768 3613 a
786 3548 822 3631 je
844 3547 905 3616 ode
928 3547 1018 3630 ikod,
1045 3547 1142 3632 jakoi
1164 3552 1197 3613 to
1219 3546 1337 3614 knem
1365 3547 1428 3632 pil·

135 3661 226 3740 eluit,
250 3661 415 3727 zachovati
440 3659 653 3727 dobrotivostl
674 3660 850 3727 krtlovskri
872 3659 1026 3745 itdnjice,
1054 3659 1173 3744 vecoky
1194 3659 1266 3727 veti
1290 3661 1432 3728 osuieee·

136 3775 219 3857 nich
242 3775 380 3855 knieiat,
405 3775 516 3839 slavne
531 3774 651 3856 pemeti
666 3779 793 3856 pennos
808 3774 918 3841 diieve
929 3773 1080 3856 Vtclava,
1096 3773 1240 3842 Oteksre
1254 3791 1275 3839 a
1291 3773 1431 3842 Vtelava

135 3890 219 3954 teste
241 3887 302 3954 neb
325 3886 477 3971 tehtnc¹l
498 3887 629 3970 malcho,
651 3886 817 3971 piedkuov
840 3888 963 3970 naiioh,
986 3888 1122 3955 krtlrmv
1141 3869 1299 3970 Ooskich,
1321 3888 1431 3970 sepisy

130 4002 191 4083 jim
214 4021 256 4067 na
271 4003 449 4068 ktertilroli
464 4007 574 4084 preve,
598 4000 739 4084 svobody
754 4019 774 4065 a
789 4001 911 4085 ohrady
932 4001 944 4067 i
967 4000 1099 4086 obydeje
1113 4000 1238 4084 vydene
1251 4017 1272 4065 a
1286 3998 1429 4084 pejeene

134 4115 345 4199 ktery'mikoli
367 4121 537 4198 popsonlm
555 4115 620 4198 issi,
644 4134 664 4180 a
685 4113 761 4179 tolie
781 4112 900 4198 viecky
915 4115 985 4180 reci
1008 4115 1118 4181 vnich
1133 4112 1281 4193 ruviene,
1300 4112 1430 4197 jakoito

132 4227 234 4293 iednd
256 4248 275 4294 u
296 4231 449 4294 rozumnli
467 4230 528 4313 jim
550 4235 691 4313 zapseny
710 4228 775 4312 juri,
802 4229 1003 4312 potvrzujem
1024 4247 1044 4293 a
1065 4246 1170 4312 pevny
1193 4225 1322 4308 dinlme,
1346 4227 1432 4311 sie·

134 4341 228 4407 koito
257 4340 298 4422 by
327 4341 540 4425 majestitove
557 4342 626 4424 jich
650 4348 771 4410 utente
795 4342 928 4424 vepstni
958 4340 1034 4425 byli,
1064 4339 1257 4423 obnovuJ'em
1279 4339 1431 4425 ajistim

134 4454 293 4519 vodomlm
315 4454 420 4521 nsiim
442 4455 649 4537 poturzujem.
697 4454 837 4537 (lhtieoe,
869 4455 930 4538 aby
953 4455 1007 4519 oni
1030 4452 1174 4520 nestero
1195 4457 1287 4536 priv,
1309 4451 1433 4520 esobod

133 4566 348 4649 aobydejuov
382 4567 652 4651 Maydbursky'ch,
686 4567 872 4651 lrtery'chito
906 4567 947 4633 od
982 4565 1176 4632 steredesna
1204 4565 1349 4649 poilrsli
1384 4565 1432 4647 sd,

133 4681 144 4744 i
166 4686 275 4762 potem
296 4681 438 4761 poliveti
468 4681 543 4746 meli
568 4681 677 4759 sedne,
708 4700 727 4745 a
758 4681 869 4746 knim
900 4699 936 4745 ze
963 4679 1061 4746 visch
1082 4681 1167 4746 mest
1194 4696 1216 4744 a
1243 4697 1262 4741 a
1285 4678 1434 4747 kshdeho
