3150 5378
869 408 944 458 1820.

792 601 896 680 *ds
924 617 994 680 114.

585 750 683 831 1320,
706 751 864 837 Silina.
887 754 919 822 V
939 753 1206 822 brrecmburee.

245 896 328 961 urat
350 898 418 962 Jau
440 893 598 978 sctoaoje
620 896 796 958 meatorum
816 898 917 959 mesta
939 892 1066 958 Nooc'bo
1088 894 1188 959 Plano
1207 895 1327 977 preca,
1357 894 1488 980 btery'cb
1507 918 1545 961 to

244 1009 334 1074 urae
364 1009 499 1074 Vdclooa
521 1009 561 1071 ΙΙ
576 1006 705 1082 attosti,
728 1028 749 1071 a
770 1006 890 1072 reddetr}
901 1006 966 1089 jofm
975 1008 1148 1090 potvrasje,
1171 1009 1204 1073 te
1219 1010 1301 1091 mojt
1314 1005 1455 1075 lababo
1470 1008 1544 1074 rolco

237 1124 296 1205 pli
317 1127 394 1188 c'osa
415 1145 460 1187 so.
485 1122 630 1186 Martiae
650 1121 765 1203 plotits‘
792 1121 832 1186 do
860 1119 987 1203 komory
1008 1118 1173 1186 krdlooskc'
1202 1119 1280 1186 drok
1301 1122 1344 1184 89
1367 1121 1489 1203 bebecre,
1511 1143 1543 1188 re

245 1238 308 1299 168
330 1235 417 1310 tend,
447 1233 579 1299 laterano
608 1233 685 1316 tany
700 1235 757 1316 pr'i
777 1234 917 1300 calebant
935 1238 1037 1300 mesto
1058 1233 1193 1300 bmdstu
1215 1234 1287 1318 oyly
1303 1235 1500 1319 pr'imcr'eny,
1523 1258 1542 1300 a

243 1353 318 1414 210
339 1349 426 1425 lent,
449 1347 535 1413 latere
550 1348 610 1430 pr'i
631 1348 739 1413 troolm
754 1347 979 1430 puorosque
998 1348 1071 1431 dyly
1100 1348 1260 1430 naum,
1289 1369 1311 1415 a
1332 1349 1407 1432 todp
1423 1371 1468 1431 po
1485 1351 1543 1432 prtl

506 1460 618 1526 wicred
636 1480 654 1525 a
669 1460 807 1526 boldetto
830 1461 918 1537 ldae,
932 1463 1008 1544 jered
1028 1463 1111 1527 ordii
1128 1463 1172 1526 42
1185 1462 1281 1545 jitra.

347 1603 414 1668 Nos
438 1602 458 1666 J
461 1603 602 1667 ohannes
626 1603 678 1667 dei
694 1604 803 1683 gracia
819 1603 951 1667 Boemie
966 1608 999 1667 et
1014 1602 1147 1668 Potonie
1161 1621 1227 1683 rer,
1250 1602 1544 1686 Lucembnrgensis

245 1736 350 1783 comes
388 1717 594 1796 marchicquo
622 1716 850 1781 Budisineusis
882 1715 1040 1796 dominus,
1075 1720 1185 1781 notum
1214 1714 1350 1781 tacimus
1383 1719 1547 1783 uniuersis

245 1837 310 1896 tam
333 1829 536 1911 presentibus
559 1849 653 1913 quam
676 1830 804 1910 futuris,
836 1831 920 1912 (prod
947 1831 1059 1897 fideles
1082 1833 1184 1897 nostri
1207 1832 1295 1897 ciues
1319 1835 1430 1895 nostre
1453 1831 1549 1896 Noae

243 1945 387 2010 ciuitatis
410 1944 588 2008 Pilznensis
612 1948 721 2008 nostre
743 1945 833 2024 regie
854 1945 1021 2009 maiestati
1051 1945 1215 2009 humiliter
1245 1943 1481 2024 supplicarent,
1510 1947 1548 2004 ut

246 2058 301 2123 illa
320 2057 395 2139 jura
417 2057 520 2137 ipsius
544 2057 687 2121 ciuitatis
711 2056 901 2136 Pilzuensis‚
928 2075 991 2138 que
1013 2059 1077 2138 ipsi
1099 2058 1188 2122 ciues
1212 2055 1271 2121 sub
1294 2056 1425 2121 domiuo
1448 2056 1548 2120 Weu-

245 2169 362 2248 cazlao,
386 2168 489 2234 felicis
513 2168 750 2235 recordacionis
776 2189 852 2251 rege
875 2170 1016 2251 Boemie,
1047 2171 1148 2251 priori
1177 2174 1322 2251 tempore
1351 2168 1543 2245 habuerunt,

242 2299 400 2346 renouare
422 2285 455 2344 et
478 2280 666 2346 confirmare
688 2282 903 2364 dignaremur,
927 2302 1023 2366 quam
1045 2285 1238 2365 peticionem
1260 2281 1491 2349 rationabilem
1509 2285 1543 2345 et

243 2395 415 2459 discretam
438 2412 477 2458 ex
501 2394 596 2460 solita
625 2394 824 2475 benignitate
854 2394 1075 2461 fauorabiliter
1105 2400 1336 2478 prosequentes
1358 2399 1393 2459 et
1414 2392 1539 2459 effectui

242 2507 474 2587 mancipantes,
503 2506 625 2571 eisdem
657 2509 776 2572 nostris
800 2507 925 2573 ciuibus
949 2513 1115 2573 eteorum
1144 2507 1317 2574 heredibus
1347 2527 1387 2574 ac
1417 2526 1535 2574 succos·

242 2620 369 2685 sonibus
392 2618 596 2685 concedimus
620 2625 653 2684 et
674 2619 878 2700 presentibus
909 2622 1029 2686 nostris
1059 2621 1161 2687 literis
1184 2622 1283 2702 regiis
1307 2619 1532 2696 confirmamus,

243 2733 328 2815 quod
350 2732 391 2797 da
412 2736 540 2797 centum
562 2736 595 2797 ot
617 2734 784 2814 sexaginta
814 2738 885 2799 octo
912 2734 1024 2814 laneis,
1058 2754 1130 2800 cum
1161 2733 1277 2815 quibus
1307 2733 1397 2800 dicta
1426 2736 1531 2801 ciuitas

242 2852 292 2912 est
320 2846 435 2926 loeata,
469 2850 502 2911 et
532 2846 573 2910 de
603 2844 713 2912 docem
742 2847 856 2928 laneis,
889 2849 945 2929 qui
967 2866 1025 2930 per
1047 2866 1164 2913 nouam
1185 2850 1465 2913 mensuracionem
1492 2849 1531 2914 in·

242 2961 331 3025 uenti
354 2965 437 3040 sunt,
460 2961 507 3025 ita
530 2960 614 3041 quod
638 2960 774 3042 quilibet
794 2962 907 3026 laneus
935 2960 1149 3043 quadraginta
1180 2961 1242 3026 duo
1269 2961 1386 3044 jugera
1416 2962 1531 3039 babeat,

243 3074 283 3139 da
313 3075 456 3156 quolibet
489 3075 581 3139 laneo
612 3073 752 3138 mediam
782 3092 921 3138 marcam
952 3075 1035 3154 regii
1059 3075 1253 3156 pagameuti,
1285 3072 1395 3139 idest
1427 3074 1532 3158 viginti

241 3192 312 3252 octo
335 3187 485 3251 denarios
508 3205 638 3267 grossos
651 3204 835 3266 pragenses
860 3187 997 3267 singulis
1021 3188 1114 3252 annis
1137 3187 1170 3252 in
1193 3186 1277 3252 feste
1299 3185 1388 3253 beati
1408 3186 1533 3254 Martini

241 3299 333 3365 nobis
356 3306 389 3365 ot
412 3318 537 3365 camere
565 3303 675 3365 nostre
706 3320 820 3365 census
847 3301 977 3365 nomine
1007 3301 1084 3365 dent
1113 3304 1146 3365 ot
1175 3305 1372 3383 presentant,
1406 3302 1533 3369 inclusis

241 3413 388 3478 omuibus
412 3414 524 3493 pratis,
548 3415 637 3493 ortis,
660 3415 800 3494 pascuis
832 3412 1070 3495 piscacionibus
1093 3417 1127 3479 et
1147 3413 1332 3480 fluminibus
1365 3415 1409 3480 ad
1438 3415 1534 3481 dictos

240 3528 350 3591 laneos
382 3525 626 3607 pcrtinentibus,
658 3545 730 3591 cum
762 3527 877 3608 quibus
908 3527 980 3608 ipsa
1011 3527 1126 3592 ciuitas
1151 3530 1203 3592 ost
1223 3526 1328 3592 locata
1350 3527 1535 3612 antiquitus,

242 3639 300 3704 sub
334 3638 447 3704 eodem
481 3656 578 3704 censu
613 3639 768 3720 predicto,
802 3641 894 3705 cuius
928 3657 1052 3704 summa
1082 3643 1132 3704 est
1157 3640 1324 3704 annuatim
1355 3643 1534 3725 octuaginta

240 3770 355 3817 nouem
371 3769 486 3831 marca,
509 3770 566 3832 per
587 3753 819 3834 quinquaginta
842 3770 897 3816 sex
920 3770 1050 3833 grossos
1072 3771 1130 3834 pro
1152 3769 1270 3831 marca,
1293 3769 1390 3834 quom
1411 3753 1535 3834 quiden

241 3884 372 3930 censum
394 3866 473 3931 dieti
498 3867 586 3931 ciues
608 3866 806 3949 heredesque
829 3885 868 3932 ae
890 3884 1093 3931 successores
1110 3883 1221 3931 eorum
1242 3865 1335 3930 nobis
1359 3870 1393 3930 et
1415 3881 1536 3932 camere

239 3984 350 4045 nostre
372 3979 490 4059 daturi,
513 3979 616 4045 dictos
639 3981 749 4044 laneos
772 3997 845 4044 enm
867 3977 1021 4059 predictis
1041 3978 1251 4060 pertinenciis
1266 3978 1345 4058 ouis,
1370 3984 1405 4043 vt
1419 3979 1536 4046 dietum

240 4096 298 4172 est,
333 4093 567 4174 imperpetuum
590 4092 757 4174 possidere
779 4091 896 4156 debent
924 4089 1058 4173 pacifice
1084 4095 1117 4155 et
1138 4090 1254 4171 quiete.
1300 4089 1337 4156 In
1370 4092 1465 4158 cuins
1492 4091 1536 4157 rei

238 4206 458 4271 testimonium
480 4209 647 4287 presentes
670 4205 781 4269 literas
803 4202 876 4269 fieri
892 4208 925 4268 at
940 4203 1048 4285 sigillo
1064 4203 1245 4268 maiestatis
1259 4206 1371 4269 nostre
1386 4196 1537 4272 iussimus

241 4320 438 4386 communiri.
462 4321 581 4384 Datum
598 4318 818 4401 lucemburgo
833 4321 947 4383 octauo
970 4316 1043 4382 idus
1060 4314 1209 4382 Octobris
1229 4334 1313 4382 anno
1328 4316 1456 4385 domini
1470 4317 1538 4385 mil·

241 4433 355 4497 lesimo
377 4433 601 4498 trecentesimo
625 4431 790 4512 vigesimo,
813 4449 984 4513 regnomm
1007 4448 1082 4495 vero
1106 4435 1288 4495 nostrorum
1303 4449 1389 4497 auno
1405 4431 1537 4499 decimo.

345 4567 417 4638 Orig.
435 4586 509 4639 perg.
538 4583 696 4623 amaseam
723 4584 758 4623 m.
784 4567 867 4622 Plznd
894 4567 916 4622 d.
938 4575 959 4621 1.
978 4568 996 4622 S
1013 4567 1115 4621 rellron
1143 4564 1233 4637 pebott
1259 4564 1432 4621 kralovskon
1457 4567 1538 4623 drou-

239 4670 374 4720 otrannou
391 4664 471 4719 valna
488 4662 686 4734 porouchanou
704 4677 741 4716 na
758 4679 833 4732 perg.
853 4662 979 4731 proutlru
999 4660 1164 4717 zavbdenon.
1183 4693 1217 4702 —
1234 4660 1337 4728 Emlor,
1351 4662 1476 4731 Regeota
1492 4662 1537 4718 111
