<?xml version="1.0" encoding="UTF-8"?>
<!DOCTYPE html PUBLIC "-//W3C//DTD XHTML 1.0 Transitional//EN"
    "http://www.w3.org/TR/xhtml1/DTD/xhtml1-transitional.dtd">
<html xmlns="http://www.w3.org/1999/xhtml" xml:lang="en" lang="en">
 <head>
  <title>
</title>
<meta http-equiv="Content-Type" content="text/html;charset=utf-8" />
  <meta name='ocr-system' content='tesseract 3.04.00' />
  <meta name='ocr-capabilities' content='ocr_page ocr_carea ocr_par ocr_line ocrx_word'/>
</head>
<body>
  <div class='ocr_page' id='page_1' title='image "./sbrkapramenprva01kingoog/sbrkapramenprva01kingoog_0786.png"; bbox 0 0 3098 5392; ppageno 0'>
   <div class='ocr_carea' id='block_1_1' title="bbox 226 404 915 469">
    <p class='ocr_par' dir='ltr' id='par_1_1' title="bbox 226 404 915 469">
     <span class='ocr_line' id='line_1_1' title="bbox 226 404 915 469; baseline 0.003 -15"><span class='ocrx_word' id='word_1_1' title='bbox 226 404 289 469; x_wconf 76' lang='lat'><strong>750</strong></span> <span class='ocrx_word' id='word_1_2' title='bbox 839 405 915 456; x_wconf 83' lang='lat' dir='ltr'><strong>reon.</strong></span> 
     </span>
    </p>
   </div>
   <div class='ocr_carea' id='block_1_2' title="bbox 218 609 1515 1645">
    <p class='ocr_par' dir='ltr' id='par_1_2' title="bbox 218 609 1515 1645">
     <span class='ocr_line' id='line_1_2' title="bbox 222 609 1515 680; baseline 0.001 -15"><span class='ocrx_word' id='word_1_3' title='bbox 222 611 326 667; x_wconf 85' lang='lat' dir='ltr'><strong>nostris</strong></span> <span class='ocrx_word' id='word_1_4' title='bbox 346 618 373 666; x_wconf 86' lang='lat' dir='ltr'><strong>et</strong></span> <span class='ocrx_word' id='word_1_5' title='bbox 391 609 534 680; x_wconf 78' lang='lat' dir='ltr'><strong>signanter</strong></span> <span class='ocrx_word' id='word_1_6' title='bbox 548 609 697 678; x_wconf 89' lang='lat' dir='ltr'><strong>judicibus,</strong></span> <span class='ocrx_word' id='word_1_7' title='bbox 717 609 859 680; x_wconf 75' lang='lat' dir='ltr'><strong>magistris</strong></span> <span class='ocrx_word' id='word_1_8' title='bbox 877 611 983 676; x_wconf 87' lang='lat' dir='ltr'><strong>civium,</strong></span> <span class='ocrx_word' id='word_1_9' title='bbox 1002 609 1162 666; x_wconf 85' lang='lat' dir='ltr'><strong>consulibus</strong></span> <span class='ocrx_word' id='word_1_10' title='bbox 1181 616 1209 665; x_wconf 88' lang='lat' dir='ltr'><strong>et</strong></span> <span class='ocrx_word' id='word_1_11' title='bbox 1217 610 1323 678; x_wconf 83' lang='lat' dir='ltr'><strong>juratis</strong></span> <span class='ocrx_word' id='word_1_12' title='bbox 1337 616 1366 665; x_wconf 87' lang='lat' dir='ltr'><strong>et</strong></span> <span class='ocrx_word' id='word_1_13' title='bbox 1377 612 1515 667; x_wconf 88' lang='lat' dir='ltr'><strong>commuui-</strong></span> 
     </span>
     <span class='ocr_line' id='line_1_3' title="bbox 222 704 1514 780; baseline -0.001 -17"><span class='ocrx_word' id='word_1_14' title='bbox 222 707 326 763; x_wconf 88' lang='lat' dir='ltr'><strong>tatibus</strong></span> <span class='ocrx_word' id='word_1_15' title='bbox 339 706 479 761; x_wconf 79' lang='lat' dir='ltr'><strong>civitatum</strong></span> <span class='ocrx_word' id='word_1_16' title='bbox 492 704 655 772; x_wconf 87' lang='lat' dir='ltr'><strong>Pilsnensis,</strong></span> <span class='ocrx_word' id='word_1_17' title='bbox 667 704 872 775; x_wconf 82' lang='lat' dir='ltr'><strong>Tachoviensis,</strong></span> <span class='ocrx_word' id='word_1_18' title='bbox 885 707 1112 777; x_wconf 84' lang='lat' dir='ltr'><strong>Nepomucensis,</strong></span> <span class='ocrx_word' id='word_1_19' title='bbox 1124 705 1280 776; x_wconf 85' lang='lat' dir='ltr'><strong>Tepleusis,</strong></span> <span class='ocrx_word' id='word_1_20' title='bbox 1293 707 1514 780; x_wconf 79' lang='lat' dir='ltr'><strong>Plrimborgensis</strong></span> 
     </span>
     <span class='ocr_line' id='line_1_4' title="bbox 223 802 1515 874; baseline 0.002 -16"><span class='ocrx_word' id='word_1_21' title='bbox 223 813 250 859; x_wconf 88' lang='lat' dir='ltr'><strong>et</strong></span> <span class='ocrx_word' id='word_1_22' title='bbox 267 803 440 870; x_wconf 85' lang='lat' dir='ltr'><strong>Tauatensis,</strong></span> <span class='ocrx_word' id='word_1_23' title='bbox 464 802 592 858; x_wconf 86' lang='lat' dir='ltr'><strong>fidelibus</strong></span> <span class='ocrx_word' id='word_1_24' title='bbox 619 802 722 858; x_wconf 87' lang='lat' dir='ltr'><strong>nostris</strong></span> <span class='ocrx_word' id='word_1_25' title='bbox 746 802 869 858; x_wconf 73' lang='lat' dir='ltr'><strong>dilectisu</strong></span> <span class='ocrx_word' id='word_1_26' title='bbox 889 810 1057 874; x_wconf 83' lang='lat' dir='ltr'><strong>apotrrzen</strong></span> <span class='ocrx_word' id='word_1_27' title='bbox 1081 803 1123 857; x_wconf 84' lang='lat' dir='ltr'><strong>kr.</strong></span> <span class='ocrx_word' id='word_1_28' title='bbox 1141 802 1223 858; x_wconf 82' lang='lat' dir='ltr'><strong>Jiiim</strong></span> <span class='ocrx_word' id='word_1_29' title='bbox 1246 803 1341 859; x_wconf 81' lang='lat' dir='ltr'><strong>liutem</strong></span> <span class='ocrx_word' id='word_1_30' title='bbox 1360 804 1388 860; x_wconf 88' lang='lat' dir='ltr'><strong>d.</strong></span> <span class='ocrx_word' id='word_1_31' title='bbox 1407 824 1424 859; x_wconf 77' lang='lat' dir='ltr'>v</span> <span class='ocrx_word' id='word_1_32' title='bbox 1440 806 1515 860; x_wconf 74' lang='lat' dir='ltr'><strong>eme</strong></span> 
     </span>
     <span class='ocr_line' id='line_1_5' title="bbox 222 898 1514 970; baseline 0.001 -15"><span class='ocrx_word' id='word_1_33' title='bbox 222 907 238 955; x_wconf 79' lang='lat' dir='ltr'><strong>e</strong></span> <span class='ocrx_word' id='word_1_34' title='bbox 256 899 340 955; x_wconf 91' lang='lat' dir='ltr'><strong>ledna</strong></span> <span class='ocrx_word' id='word_1_35' title='bbox 358 904 434 953; x_wconf 79' lang='grc'><strong>1467.</strong></span> <span class='ocrx_word' id='word_1_36' title='bbox 465 899 545 954; x_wconf 74' lang='lat' dir='ltr'><strong>Praei</strong></span> <span class='ocrx_word' id='word_1_37' title='bbox 565 899 621 969; x_wconf 86' lang='lat' dir='ltr'><strong>pair</strong></span> <span class='ocrx_word' id='word_1_38' title='bbox 639 914 669 954; x_wconf 90' lang='lat' dir='ltr'><strong>se</strong></span> <span class='ocrx_word' id='word_1_39' title='bbox 688 918 705 953; x_wconf 82' lang='lat' dir='ltr'><strong>v</strong></span> <span class='ocrx_word' id='word_1_40' title='bbox 722 898 853 954; x_wconf 80' lang='lat' dir='ltr'><strong>mandatu</strong></span> <span class='ocrx_word' id='word_1_41' title='bbox 871 905 928 954; x_wconf 86' lang='lat' dir='ltr'><strong>tom</strong></span> <span class='ocrx_word' id='word_1_42' title='bbox 946 916 982 955; x_wconf 90' lang='lat' dir='ltr'><strong>na</strong></span> <span class='ocrx_word' id='word_1_43' title='bbox 1000 898 1139 970; x_wconf 80' lang='lat' dir='ltr'><strong>podatku:</strong></span> <span class='ocrx_word' id='word_1_44' title='bbox 1168 899 1296 964; x_wconf 80' lang='lat' dir='ltr'>„Fideles</span> <span class='ocrx_word' id='word_1_45' title='bbox 1317 899 1425 957; x_wconf 85' lang='lat' dir='ltr'><strong>dilectit</strong></span> <span class='ocrx_word' id='word_1_46' title='bbox 1449 900 1514 956; x_wconf 83' lang='lat' dir='ltr'><strong>Licet</strong></span> 
     </span>
     <span class='ocr_line' id='line_1_6' title="bbox 222 995 1512 1064; baseline -0.002 -11"><span class='ocrx_word' id='word_1_47' title='bbox 222 997 291 1053; x_wconf 84' lang='lat' dir='ltr'><strong>alius</strong></span> <span class='ocrx_word' id='word_1_48' title='bbox 309 996 345 1052; x_wconf 87' lang='lat' dir='ltr'><strong>ad</strong></span> <span class='ocrx_word' id='word_1_49' title='bbox 362 995 527 1052; x_wconf 85' lang='lat' dir='ltr'><strong>instanciam</strong></span> <span class='ocrx_word' id='word_1_50' title='bbox 544 996 716 1052; x_wconf 87' lang='lat' dir='ltr'><strong>honorabilia</strong></span> <span class='ocrx_word' id='word_1_51' title='bbox 734 997 844 1052; x_wconf 86' lang='lat' dir='ltr'><strong>abbatis</strong></span> <span class='ocrx_word' id='word_1_52' title='bbox 863 997 1023 1052; x_wconf 88' lang='lat' dir='ltr'><strong>monasterii</strong></span> <span class='ocrx_word' id='word_1_53' title='bbox 1036 995 1252 1064; x_wconf 77' lang='lat' dir='ltr'><strong>cladrubiansis‚</strong></span> <span class='ocrx_word' id='word_1_54' title='bbox 1273 996 1371 1054; x_wconf 84' lang='lat' dir='ltr'><strong>deuoti</strong></span> <span class='ocrx_word' id='word_1_55' title='bbox 1384 998 1469 1054; x_wconf 84' lang='lat' dir='ltr'><strong>nostri</strong></span> <span class='ocrx_word' id='word_1_56' title='bbox 1480 996 1512 1051; x_wconf 91' lang='lat' dir='ltr'><strong>di·</strong></span> 
     </span>
     <span class='ocr_line' id='line_1_7' title="bbox 221 1091 1510 1164; baseline -0.001 -17"><span class='ocrx_word' id='word_1_57' title='bbox 221 1093 294 1159; x_wconf 83' lang='lat' dir='ltr'><strong>leeti,</strong></span> <span class='ocrx_word' id='word_1_58' title='bbox 317 1091 451 1148; x_wconf 71' lang='lat' dir='ltr'><strong>transitus</strong></span> <span class='ocrx_word' id='word_1_59' title='bbox 476 1100 657 1148; x_wconf 88' lang='lat' dir='ltr'><strong>mercatorum</strong></span> <span class='ocrx_word' id='word_1_60' title='bbox 677 1099 705 1148; x_wconf 92' lang='lat' dir='ltr'><strong>et</strong></span> <span class='ocrx_word' id='word_1_61' title='bbox 723 1108 851 1148; x_wconf 90' lang='lat' dir='ltr'><strong>curruum</strong></span> <span class='ocrx_word' id='word_1_62' title='bbox 878 1108 939 1147; x_wconf 91' lang='lat' dir='ltr'><strong>cum</strong></span> <span class='ocrx_word' id='word_1_63' title='bbox 968 1108 1063 1147; x_wconf 89' lang='lat' dir='ltr'><strong>eorum</strong></span> <span class='ocrx_word' id='word_1_64' title='bbox 1081 1092 1165 1148; x_wconf 88' lang='lat' dir='ltr'><strong>rebus</strong></span> <span class='ocrx_word' id='word_1_65' title='bbox 1185 1098 1213 1147; x_wconf 86' lang='lat' dir='ltr'><strong>et</strong></span> <span class='ocrx_word' id='word_1_66' title='bbox 1231 1091 1371 1148; x_wconf 81' lang='lat' dir='ltr'><strong>mercibus</strong></span> <span class='ocrx_word' id='word_1_67' title='bbox 1396 1109 1446 1164; x_wconf 89' lang='lat' dir='ltr'><strong>per</strong></span> <span class='ocrx_word' id='word_1_68' title='bbox 1462 1093 1510 1147; x_wconf 81' lang='lat' dir='ltr'><strong>Gla·</strong></span> 
     </span>
     <span class='ocr_line' id='line_1_8' title="bbox 222 1187 1509 1261; baseline -0.001 -17"><span class='ocrx_word' id='word_1_69' title='bbox 222 1189 337 1244; x_wconf 90' lang='lat' dir='ltr'><strong>drubam</strong></span> <span class='ocrx_word' id='word_1_70' title='bbox 355 1187 467 1259; x_wconf 89' lang='lat' dir='ltr'><strong>opidum</strong></span> <span class='ocrx_word' id='word_1_71' title='bbox 487 1196 515 1244; x_wconf 89' lang='lat' dir='ltr'><strong>et</strong></span> <span class='ocrx_word' id='word_1_72' title='bbox 532 1188 634 1244; x_wconf 87' lang='lat' dir='ltr'><strong>Misam</strong></span> <span class='ocrx_word' id='word_1_73' title='bbox 657 1187 797 1244; x_wconf 81' lang='lat' dir='ltr'><strong>ciuitatem</strong></span> <span class='ocrx_word' id='word_1_74' title='bbox 815 1189 843 1243; x_wconf 92' lang='lat' dir='ltr'><strong>iu</strong></span> <span class='ocrx_word' id='word_1_75' title='bbox 864 1195 1046 1244; x_wconf 86' lang='lat' dir='ltr'><strong>mercatorum</strong></span> <span class='ocrx_word' id='word_1_76' title='bbox 1065 1194 1093 1243; x_wconf 86' lang='lat' dir='ltr'><strong>et</strong></span> <span class='ocrx_word' id='word_1_77' title='bbox 1111 1188 1226 1244; x_wconf 86' lang='lat' dir='ltr'><strong>ullorum</strong></span> <span class='ocrx_word' id='word_1_78' title='bbox 1251 1190 1313 1245; x_wconf 82' lang='lat' dir='ltr'><strong>rias</strong></span> <span class='ocrx_word' id='word_1_79' title='bbox 1341 1191 1420 1261; x_wconf 84' lang='lat' dir='ltr'><strong>ipsas</strong></span> <span class='ocrx_word' id='word_1_80' title='bbox 1437 1196 1509 1245; x_wconf 77' lang='lat' dir='ltr'><strong>bens·</strong></span> 
     </span>
     <span class='ocr_line' id='line_1_9' title="bbox 222 1283 1508 1357; baseline -0.002 -15"><span class='ocrx_word' id='word_1_81' title='bbox 222 1285 349 1342; x_wconf 87' lang='lat' dir='ltr'><strong>euneium</strong></span> <span class='ocrx_word' id='word_1_82' title='bbox 362 1301 526 1357; x_wconf 87' lang='lat' dir='ltr'><strong>permanere</strong></span> <span class='ocrx_word' id='word_1_83' title='bbox 540 1284 653 1340; x_wconf 84' lang='lat' dir='ltr'><strong>deberet</strong></span> <span class='ocrx_word' id='word_1_84' title='bbox 667 1285 779 1341; x_wconf 86' lang='lat' dir='ltr'><strong>arbitrio</strong></span> <span class='ocrx_word' id='word_1_85' title='bbox 792 1285 951 1353; x_wconf 80' lang='lat' dir='ltr'><strong>voluntatis,</strong></span> <span class='ocrx_word' id='word_1_86' title='bbox 970 1283 1145 1341; x_wconf 86' lang='lat' dir='ltr'><strong>considerato</strong></span> <span class='ocrx_word' id='word_1_87' title='bbox 1158 1293 1261 1354; x_wconf 87' lang='lat' dir='ltr'><strong>tumen,</strong></span> <span class='ocrx_word' id='word_1_88' title='bbox 1279 1286 1356 1357; x_wconf 94' lang='lat' dir='ltr'><strong>quod</strong></span> <span class='ocrx_word' id='word_1_89' title='bbox 1370 1304 1405 1341; x_wconf 87' lang='lat' dir='ltr'><strong>ex</strong></span> <span class='ocrx_word' id='word_1_90' title='bbox 1417 1286 1508 1341; x_wconf 84' lang='lat' dir='ltr'><strong>indulto</strong></span> 
     </span>
     <span class='ocr_line' id='line_1_10' title="bbox 224 1377 1506 1438; baseline -0.002 -2"><span class='ocrx_word' id='word_1_91' title='bbox 224 1398 274 1436; x_wconf 91' lang='lat' dir='ltr'><strong>seu</strong></span> <span class='ocrx_word' id='word_1_92' title='bbox 292 1381 472 1437; x_wconf 86' lang='lat' dir='ltr'><strong>reuocaciona</strong></span> <span class='ocrx_word' id='word_1_93' title='bbox 490 1381 539 1437; x_wconf 84' lang='lat' dir='ltr'><strong>tali</strong></span> <span class='ocrx_word' id='word_1_94' title='bbox 557 1381 629 1436; x_wconf 88' lang='lat' dir='ltr'><strong>dicte</strong></span> <span class='ocrx_word' id='word_1_95' title='bbox 648 1388 743 1436; x_wconf 86' lang='lat' dir='ltr'><strong>nostre</strong></span> <span class='ocrx_word' id='word_1_96' title='bbox 760 1381 881 1436; x_wconf 88' lang='lat' dir='ltr'><strong>ciuitatis</strong></span> <span class='ocrx_word' id='word_1_97' title='bbox 900 1377 1032 1436; x_wconf 87' lang='lat' dir='ltr'><strong>Misensis</strong></span> <span class='ocrx_word' id='word_1_98' title='bbox 1052 1387 1080 1436; x_wconf 93' lang='lat' dir='ltr'><strong>et</strong></span> <span class='ocrx_word' id='word_1_99' title='bbox 1098 1382 1213 1436; x_wconf 88' lang='lat' dir='ltr'><strong>aliarum</strong></span> <span class='ocrx_word' id='word_1_100' title='bbox 1232 1381 1506 1438; x_wconf 86' lang='lat' dir='ltr'><strong>circumadiaeenciurn</strong></span> 
     </span>
     <span class='ocr_line' id='line_1_11' title="bbox 220 1477 1507 1550; baseline 0.001 -19"><span class='ocrx_word' id='word_1_101' title='bbox 220 1477 364 1532; x_wconf 86' lang='lat' dir='ltr'><strong>ciuitatum</strong></span> <span class='ocrx_word' id='word_1_102' title='bbox 384 1483 541 1532; x_wconf 82' lang='lat' dir='ltr'><strong>nostrerum</strong></span> <span class='ocrx_word' id='word_1_103' title='bbox 560 1483 588 1532; x_wconf 90' lang='lat' dir='ltr'><strong>et</strong></span> <span class='ocrx_word' id='word_1_104' title='bbox 606 1477 757 1533; x_wconf 82' lang='lat' dir='ltr'><strong>eurumdem</strong></span> <span class='ocrx_word' id='word_1_105' title='bbox 773 1477 1066 1542; x_wconf 83' lang='lat' dir='ltr'><strong>incolarumnotabile</strong></span> <span class='ocrx_word' id='word_1_106' title='bbox 1084 1485 1231 1548; x_wconf 77' lang='lat' dir='ltr'><strong>generetur</strong></span> <span class='ocrx_word' id='word_1_107' title='bbox 1249 1477 1427 1550; x_wconf 85' lang='lat' dir='ltr'><strong>dispendium</strong></span> <span class='ocrx_word' id='word_1_108' title='bbox 1446 1481 1507 1543; x_wconf 81' lang='lat' dir='ltr'><strong>etc“,</strong></span> 
     </span>
     <span class='ocr_line' id='line_1_12' title="bbox 218 1572 894 1645; baseline -0.003 -16"><span class='ocrx_word' id='word_1_109' title='bbox 218 1580 350 1645; x_wconf 82' lang='lat' dir='ltr'><strong>nepotem</strong></span> <span class='ocrx_word' id='word_1_110' title='bbox 369 1573 462 1629; x_wconf 87' lang='lat' dir='ltr'><strong>kouec</strong></span> <span class='ocrx_word' id='word_1_111' title='bbox 481 1572 613 1629; x_wconf 74' lang='lat' dir='ltr'><strong>mandetu</strong></span> <span class='ocrx_word' id='word_1_112' title='bbox 631 1577 676 1628; x_wconf 90' lang='lat' dir='ltr'><strong>zoi</strong></span> <span class='ocrx_word' id='word_1_113' title='bbox 690 1573 761 1641; x_wconf 87' lang='lat' dir='ltr'><strong>jako</strong></span> <span class='ocrx_word' id='word_1_114' title='bbox 782 1573 894 1629; x_wconf 85' lang='lat' dir='ltr'><strong>nuhoie.</strong></span> 
     </span>
    </p>
   </div>
   <div class='ocr_carea' id='block_1_3' title="bbox 788 1840 949 1923">
    <p class='ocr_par' dir='ltr' id='par_1_3' title="bbox 788 1840 949 1923">
     <span class='ocr_line' id='line_1_13' title="bbox 788 1840 949 1923; baseline -0.012 0"><span class='ocrx_word' id='word_1_115' title='bbox 788 1840 853 1923; x_wconf 74' lang='lat' dir='ltr'><strong>ers.</strong></span> <span class='ocrx_word' id='word_1_116' title='bbox 876 1858 949 1923; x_wconf 83' lang='lat' dir='ltr'><strong>sse.</strong></span> 
     </span>
    </p>
   </div>
   <div class='ocr_carea' id='block_1_4' title="bbox 627 2043 1114 2132">
    <p class='ocr_par' dir='ltr' id='par_1_4' title="bbox 627 2043 1114 2132">
     <span class='ocr_line' id='line_1_14' title="bbox 627 2043 1114 2132; baseline 0 -19"><span class='ocrx_word' id='word_1_117' title='bbox 627 2045 961 2132; x_wconf 79' lang='lat' dir='ltr'><strong>1382‚1i·tjne.v</strong></span> <span class='ocrx_word' id='word_1_118' title='bbox 986 2043 1114 2113; x_wconf 83' lang='lat' dir='ltr'><strong>Peene.</strong></span> 
     </span>
    </p>
   </div>
   <div class='ocr_carea' id='block_1_5' title="bbox 220 2239 1511 2550">
    <p class='ocr_par' dir='ltr' id='par_1_5' title="bbox 220 2239 1511 2550">
     <span class='ocr_line' id='line_1_15' title="bbox 220 2239 1507 2323; baseline -0.002 -17"><span class='ocrx_word' id='word_1_119' title='bbox 220 2241 308 2307; x_wconf 80' lang='lat' dir='ltr'><strong>Kru&#39;l</strong></span> <span class='ocrx_word' id='word_1_120' title='bbox 338 2240 452 2307; x_wconf 75' lang='lat' dir='ltr'><strong>Vdelov</strong></span> <span class='ocrx_word' id='word_1_121' title='bbox 476 2243 497 2305; x_wconf 88' lang='lat' dir='ltr'><em>I</em></span> <span class='ocrx_word' id='word_1_122' title='bbox 502 2241 529 2303; x_wconf 92' lang='lat' dir='ltr'><em>V</em></span> <span class='ocrx_word' id='word_1_123' title='bbox 545 2239 641 2323; x_wconf 71' lang='lat' dir='ltr'><strong>ebteje</strong></span> <span class='ocrx_word' id='word_1_124' title='bbox 670 2241 846 2306; x_wconf 68' lang='lat' dir='ltr'><strong>medianum</strong></span> <span class='ocrx_word' id='word_1_125' title='bbox 870 2262 891 2305; x_wconf 88' lang='lat' dir='ltr'><strong>o</strong></span> <span class='ocrx_word' id='word_1_126' title='bbox 912 2239 1108 2321; x_wconf 73' lang='lat' dir='ltr'><strong>oepvatezum</strong></span> <span class='ocrx_word' id='word_1_127' title='bbox 1137 2242 1239 2303; x_wconf 75' lang='lat' dir='ltr'><strong>mesto</strong></span> <span class='ocrx_word' id='word_1_128' title='bbox 1268 2239 1435 2306; x_wconf 82' lang='lat' dir='ltr'><strong>Domodla&#39;e</strong></span> <span class='ocrx_word' id='word_1_129' title='bbox 1461 2259 1507 2304; x_wconf 83' lang='lat' dir='ltr'><strong>no·</strong></span> 
     </span>
     <span class='ocr_line' id='line_1_16' title="bbox 220 2351 1511 2436; baseline -0.002 -19"><span class='ocrx_word' id='word_1_130' title='bbox 220 2354 344 2419; x_wconf 79' lang='lat' dir='ltr'><strong>brudite&#39;</strong></span> <span class='ocrx_word' id='word_1_131' title='bbox 367 2353 475 2436; x_wconf 66' lang='lat' dir='ltr'><strong>discip,</strong></span> <span class='ocrx_word' id='word_1_132' title='bbox 499 2352 584 2418; x_wconf 71' lang='lat' dir='ltr'><strong>itere</strong></span> <span class='ocrx_word' id='word_1_133' title='bbox 594 2352 743 2434; x_wconf 67' lang='lat' dir='ltr'><strong>peiorem</strong></span> <span class='ocrx_word' id='word_1_134' title='bbox 757 2353 886 2434; x_wconf 71' lang='lat' dir='ltr'><strong>utrpila&#39;,</strong></span> <span class='ocrx_word' id='word_1_135' title='bbox 909 2352 1086 2434; x_wconf 70' lang='lat' dir='ltr'><strong>esuoboeuje</strong></span> <span class='ocrx_word' id='word_1_136' title='bbox 1095 2353 1131 2434; x_wconf 88' lang='lat' dir='ltr'><strong>je</strong></span> <span class='ocrx_word' id='word_1_137' title='bbox 1145 2373 1189 2417; x_wconf 81' lang='lat' dir='ltr'><strong>nu</strong></span> <span class='ocrx_word' id='word_1_138' title='bbox 1204 2351 1250 2416; x_wconf 77' lang='lat' dir='ltr'><strong>tr&#39;a&#39;</strong></span> <span class='ocrx_word' id='word_1_139' title='bbox 1264 2353 1331 2418; x_wconf 80' lang='lat' dir='ltr'><strong>le&#39;ta</strong></span> <span class='ocrx_word' id='word_1_140' title='bbox 1347 2353 1388 2418; x_wconf 82' lang='lat' dir='ltr'><strong>od</strong></span> <span class='ocrx_word' id='word_1_141' title='bbox 1403 2351 1511 2418; x_wconf 72' lang='lat' dir='ltr'><strong>dria-dui</strong></span> 
     </span>
     <span class='ocr_line' id='line_1_17' title="bbox 412 2463 1329 2550; baseline 0.003 -19"><span class='ocrx_word' id='word_1_142' title='bbox 412 2465 523 2540; x_wconf 72' lang='lat' dir='ltr'><strong>airokd,</strong></span> <span class='ocrx_word' id='word_1_143' title='bbox 546 2466 637 2531; x_wconf 79' lang='lat' dir='ltr'><strong>berni</strong></span> <span class='ocrx_word' id='word_1_144' title='bbox 656 2488 677 2530; x_wconf 88' lang='lat' dir='ltr'><strong>o</strong></span> <span class='ocrx_word' id='word_1_145' title='bbox 692 2464 805 2550; x_wconf 78' lang='lat' dir='ltr'><strong>jiuy‘eb</strong></span> <span class='ocrx_word' id='word_1_146' title='bbox 821 2466 919 2547; x_wconf 71' lang='lat' dir='ltr'><strong>plutei</strong></span> <span class='ocrx_word' id='word_1_147' title='bbox 941 2465 979 2530; x_wconf 81' lang='lat' dir='ltr'><strong>do</strong></span> <span class='ocrx_word' id='word_1_148' title='bbox 1002 2463 1130 2548; x_wconf 79' lang='lat' dir='ltr'><strong>leomory</strong></span> <span class='ocrx_word' id='word_1_149' title='bbox 1152 2464 1329 2534; x_wconf 74' lang='lat' dir='ltr'><strong>krdlouske.</strong></span> 
     </span>
    </p>
   </div>
   <div class='ocr_carea' id='block_1_6' title="bbox 217 2659 1521 4677">
    <p class='ocr_par' dir='ltr' id='par_1_6' title="bbox 217 2659 1521 4677">
     <span class='ocr_line' id='line_1_18' title="bbox 324 2659 1513 2744; baseline 0.003 -21"><span class='ocrx_word' id='word_1_150' title='bbox 324 2659 533 2725; x_wconf 90' lang='lat' dir='ltr'><strong>Wenoeslaus</strong></span> <span class='ocrx_word' id='word_1_151' title='bbox 568 2659 620 2725; x_wconf 91' lang='lat' dir='ltr'><strong>dei</strong></span> <span class='ocrx_word' id='word_1_152' title='bbox 655 2660 765 2742; x_wconf 75' lang='lat' dir='ltr'><strong>grume</strong></span> <span class='ocrx_word' id='word_1_153' title='bbox 794 2661 1010 2725; x_wconf 89' lang='lat' dir='ltr'><strong>Romanorum</strong></span> <span class='ocrx_word' id='word_1_154' title='bbox 1045 2679 1102 2725; x_wconf 80' lang='lat' dir='ltr'><strong>rex</strong></span> <span class='ocrx_word' id='word_1_155' title='bbox 1136 2678 1263 2742; x_wconf 88' lang='lat' dir='ltr'><strong>semper</strong></span> <span class='ocrx_word' id='word_1_156' title='bbox 1296 2668 1457 2744; x_wconf 78' lang='lat' dir='ltr'><strong>augustus</strong></span> <span class='ocrx_word' id='word_1_157' title='bbox 1486 2668 1513 2727; x_wconf 88' lang='lat' dir='ltr'><strong>et</strong></span> 
     </span>
     <span class='ocr_line' id='line_1_19' title="bbox 219 2773 1514 2857; baseline -0.002 -15"><span class='ocrx_word' id='word_1_158' title='bbox 219 2773 353 2842; x_wconf 87' lang='lat' dir='ltr'><strong>Boemie</strong></span> <span class='ocrx_word' id='word_1_159' title='bbox 374 2790 440 2855; x_wconf 85' lang='lat' dir='ltr'><strong>rex,</strong></span> <span class='ocrx_word' id='word_1_160' title='bbox 474 2778 590 2839; x_wconf 86' lang='lat' dir='ltr'><strong>notum</strong></span> <span class='ocrx_word' id='word_1_161' title='bbox 613 2773 751 2839; x_wconf 89' lang='lat' dir='ltr'><strong>facimus</strong></span> <span class='ocrx_word' id='word_1_162' title='bbox 783 2778 895 2838; x_wconf 90' lang='lat' dir='ltr'><strong>tenore</strong></span> <span class='ocrx_word' id='word_1_163' title='bbox 924 2773 1128 2854; x_wconf 88' lang='lat' dir='ltr'><strong>presencium</strong></span> <span class='ocrx_word' id='word_1_164' title='bbox 1158 2773 1331 2855; x_wconf 80' lang='lat' dir='ltr'><strong>uniuersis,</strong></span> <span class='ocrx_word' id='word_1_165' title='bbox 1364 2775 1453 2857; x_wconf 93' lang='lat' dir='ltr'><strong>quod</strong></span> <span class='ocrx_word' id='word_1_166' title='bbox 1473 2776 1514 2840; x_wconf 90' lang='lat' dir='ltr'><strong>di-</strong></span> 
     </span>
     <span class='ocr_line' id='line_1_20' title="bbox 219 2885 1515 2956; baseline 0.001 -3"><span class='ocrx_word' id='word_1_167' title='bbox 219 2889 375 2953; x_wconf 89' lang='lat' dir='ltr'><strong>lectorum</strong></span> <span class='ocrx_word' id='word_1_168' title='bbox 397 2891 580 2952; x_wconf 90' lang='lat' dir='ltr'><strong>nostrorum</strong></span> <span class='ocrx_word' id='word_1_169' title='bbox 603 2885 746 2951; x_wconf 86' lang='lat' dir='ltr'><strong>fidelium</strong></span> <span class='ocrx_word' id='word_1_170' title='bbox 770 2888 890 2952; x_wconf 90' lang='lat' dir='ltr'><strong>ciuium</strong></span> <span class='ocrx_word' id='word_1_171' title='bbox 913 2891 945 2951; x_wconf 86' lang='lat' dir='ltr'><strong>et</strong></span> <span class='ocrx_word' id='word_1_172' title='bbox 969 2887 1146 2953; x_wconf 89' lang='lat' dir='ltr'><strong>incolarum</strong></span> <span class='ocrx_word' id='word_1_173' title='bbox 1169 2886 1315 2953; x_wconf 86' lang='lat' dir='ltr'><strong>ciuitatis</strong></span> <span class='ocrx_word' id='word_1_174' title='bbox 1330 2888 1515 2956; x_wconf 87' lang='lat' dir='ltr'><strong>Tausteusis</strong></span> 
     </span>
     <span class='ocr_line' id='line_1_21' title="bbox 220 2998 1515 3086; baseline 0.001 -20"><span class='ocrx_word' id='word_1_175' title='bbox 220 3001 368 3083; x_wconf 86' lang='lat' dir='ltr'><strong>dampnis</strong></span> <span class='ocrx_word' id='word_1_176' title='bbox 386 3006 418 3066; x_wconf 90' lang='lat' dir='ltr'><strong>et</strong></span> <span class='ocrx_word' id='word_1_177' title='bbox 440 2999 619 3066; x_wconf 87' lang='lat' dir='ltr'><strong>defectibus</strong></span> <span class='ocrx_word' id='word_1_178' title='bbox 644 2998 846 3080; x_wconf 84' lang='lat' dir='ltr'><strong>quibusdem,</strong></span> <span class='ocrx_word' id='word_1_179' title='bbox 862 2998 950 3083; x_wconf 90' lang='lat' dir='ltr'><strong>[que]</strong></span> <span class='ocrx_word' id='word_1_180' title='bbox 967 2999 1053 3082; x_wconf 82' lang='lat' dir='ltr'><strong>ignis</strong></span> <span class='ocrx_word' id='word_1_181' title='bbox 1085 3000 1239 3082; x_wconf 85' lang='lat' dir='ltr'><strong>voragine</strong></span> <span class='ocrx_word' id='word_1_182' title='bbox 1264 3006 1341 3066; x_wconf 86' lang='lat' dir='ltr'><strong>sunt</strong></span> <span class='ocrx_word' id='word_1_183' title='bbox 1364 3003 1515 3086; x_wconf 80' lang='lat' dir='ltr'><strong>perpessi,</strong></span> 
     </span>
     <span class='ocr_line' id='line_1_22' title="bbox 219 3113 1516 3197; baseline -0.001 -15"><span class='ocrx_word' id='word_1_184' title='bbox 219 3133 388 3182; x_wconf 88' lang='lat' dir='ltr'><strong>occurrere</strong></span> <span class='ocrx_word' id='word_1_185' title='bbox 410 3114 588 3195; x_wconf 88' lang='lat' dir='ltr'><strong>cupientes,</strong></span> <span class='ocrx_word' id='word_1_186' title='bbox 612 3133 675 3180; x_wconf 93' lang='lat' dir='ltr'><strong>non</strong></span> <span class='ocrx_word' id='word_1_187' title='bbox 697 3132 755 3196; x_wconf 91' lang='lat' dir='ltr'><strong>per</strong></span> <span class='ocrx_word' id='word_1_188' title='bbox 779 3132 920 3180; x_wconf 89' lang='lat' dir='ltr'><strong>errorem</strong></span> <span class='ocrx_word' id='word_1_189' title='bbox 938 3120 996 3178; x_wconf 87' lang='lat' dir='ltr'><strong>eut</strong></span> <span class='ocrx_word' id='word_1_190' title='bbox 1011 3113 1205 3197; x_wconf 84' lang='lat' dir='ltr'><strong>improuide,</strong></span> <span class='ocrx_word' id='word_1_191' title='bbox 1229 3113 1288 3180; x_wconf 88' lang='lat' dir='ltr'><strong>sed</strong></span> <span class='ocrx_word' id='word_1_192' title='bbox 1309 3116 1420 3183; x_wconf 91' lang='lat' dir='ltr'><strong>auimo</strong></span> <span class='ocrx_word' id='word_1_193' title='bbox 1443 3117 1516 3182; x_wconf 87' lang='lat' dir='ltr'><strong>deli·</strong></span> 
     </span>
     <span class='ocr_line' id='line_1_23' title="bbox 217 3226 1517 3310; baseline 0.002 -16"><span class='ocrx_word' id='word_1_194' title='bbox 217 3235 298 3309; x_wconf 89' lang='lat' dir='ltr'><strong>rato,</strong></span> <span class='ocrx_word' id='word_1_195' title='bbox 323 3247 401 3294; x_wconf 89' lang='lat' dir='ltr'><strong>sano</strong></span> <span class='ocrx_word' id='word_1_196' title='bbox 416 3226 559 3293; x_wconf 89' lang='lat' dir='ltr'><strong>fidelium</strong></span> <span class='ocrx_word' id='word_1_197' title='bbox 585 3232 766 3293; x_wconf 89' lang='lat' dir='ltr'><strong>nostrorum</strong></span> <span class='ocrx_word' id='word_1_198' title='bbox 782 3228 956 3294; x_wconf 85' lang='lat' dir='ltr'><strong>accedente</strong></span> <span class='ocrx_word' id='word_1_199' title='bbox 980 3228 1124 3294; x_wconf 86' lang='lat' dir='ltr'><strong>consilio.</strong></span> <span class='ocrx_word' id='word_1_200' title='bbox 1141 3229 1240 3310; x_wconf 88' lang='lat' dir='ltr'><strong>ipsos,</strong></span> <span class='ocrx_word' id='word_1_201' title='bbox 1256 3232 1419 3295; x_wconf 91' lang='lat' dir='ltr'><strong>eteorum</strong></span> <span class='ocrx_word' id='word_1_202' title='bbox 1442 3231 1517 3296; x_wconf 86' lang='lat' dir='ltr'><strong>ciui·</strong></span> 
     </span>
     <span class='ocr_line' id='line_1_24' title="bbox 217 3340 1518 3425; baseline 0.002 -18"><span class='ocrx_word' id='word_1_203' title='bbox 217 3347 316 3408; x_wconf 87' lang='lat' dir='ltr'><strong>tatem</strong></span> <span class='ocrx_word' id='word_1_204' title='bbox 340 3343 373 3408; x_wconf 94' lang='lat' dir='ltr'><strong>in</strong></span> <span class='ocrx_word' id='word_1_205' title='bbox 391 3341 602 3422; x_wconf 83' lang='lat' dir='ltr'><strong>dampnorum</strong></span> <span class='ocrx_word' id='word_1_206' title='bbox 618 3340 805 3406; x_wconf 88' lang='lat' dir='ltr'><strong>huiusmodi</strong></span> <span class='ocrx_word' id='word_1_207' title='bbox 832 3341 1005 3425; x_wconf 84' lang='lat' dir='ltr'><strong>aliqualem</strong></span> <span class='ocrx_word' id='word_1_208' title='bbox 1021 3360 1263 3423; x_wconf 77' lang='lat' dir='ltr'><strong>recompensam</strong></span> <span class='ocrx_word' id='word_1_209' title='bbox 1278 3361 1300 3408; x_wconf 93' lang='lat' dir='ltr'><strong>a</strong></span> <span class='ocrx_word' id='word_1_210' title='bbox 1314 3342 1400 3410; x_wconf 83' lang='lat' dir='ltr'><strong>festo</strong></span> <span class='ocrx_word' id='word_1_211' title='bbox 1418 3344 1518 3410; x_wconf 86' lang='lat' dir='ltr'><strong>sancti</strong></span> 
     </span>
     <span class='ocr_line' id='line_1_25' title="bbox 219 3455 1518 3538; baseline 0.001 -15"><span class='ocrx_word' id='word_1_212' title='bbox 219 3456 350 3538; x_wconf 78' lang='lat' dir='ltr'><strong>Georgii</strong></span> <span class='ocrx_word' id='word_1_213' title='bbox 373 3455 482 3521; x_wconf 84' lang='lat' dir='ltr'><strong>futuro</strong></span> <span class='ocrx_word' id='word_1_214' title='bbox 504 3456 658 3537; x_wconf 84' lang='lat' dir='ltr'><strong>proxime,</strong></span> <span class='ocrx_word' id='word_1_215' title='bbox 682 3456 754 3537; x_wconf 86' lang='lat' dir='ltr'><strong>ipso</strong></span> <span class='ocrx_word' id='word_1_216' title='bbox 777 3456 913 3537; x_wconf 89' lang='lat' dir='ltr'><strong>incluso,</strong></span> <span class='ocrx_word' id='word_1_217' title='bbox 931 3457 972 3521; x_wconf 87' lang='lat' dir='ltr'><strong>ad</strong></span> <span class='ocrx_word' id='word_1_218' title='bbox 991 3461 1057 3522; x_wconf 88' lang='lat' dir='ltr'><strong>tros</strong></span> <span class='ocrx_word' id='word_1_219' title='bbox 1074 3474 1175 3523; x_wconf 91' lang='lat' dir='ltr'><strong>annos</strong></span> <span class='ocrx_word' id='word_1_220' title='bbox 1193 3456 1365 3523; x_wconf 89' lang='lat' dir='ltr'><strong>continuos</strong></span> <span class='ocrx_word' id='word_1_221' title='bbox 1388 3457 1430 3523; x_wconf 91' lang='lat' dir='ltr'><strong>ab</strong></span> <span class='ocrx_word' id='word_1_222' title='bbox 1453 3460 1518 3524; x_wconf 85' lang='lat' dir='ltr'><strong>vni-</strong></span> 
     </span>
     <span class='ocr_line' id='line_1_26' title="bbox 220 3570 1520 3653; baseline 0.002 -17"><span class='ocrx_word' id='word_1_223' title='bbox 220 3570 325 3636; x_wconf 90' lang='lat' dir='ltr'><strong>uersis</strong></span> <span class='ocrx_word' id='word_1_224' title='bbox 349 3576 382 3635; x_wconf 91' lang='lat' dir='ltr'><strong>et</strong></span> <span class='ocrx_word' id='word_1_225' title='bbox 397 3570 534 3653; x_wconf 78' lang='lat' dir='ltr'><strong>singulis</strong></span> <span class='ocrx_word' id='word_1_226' title='bbox 559 3570 719 3652; x_wconf 84' lang='lat' dir='ltr'><strong>censibus,</strong></span> <span class='ocrx_word' id='word_1_227' title='bbox 734 3570 854 3652; x_wconf 89' lang='lat' dir='ltr'><strong>bernis,</strong></span> <span class='ocrx_word' id='word_1_228' title='bbox 878 3572 1035 3653; x_wconf 76' lang='lat' dir='ltr'><strong>lozungis,</strong></span> <span class='ocrx_word' id='word_1_229' title='bbox 1053 3571 1191 3653; x_wconf 78' lang='lat' dir='ltr'><strong>engeltis</strong></span> <span class='ocrx_word' id='word_1_230' title='bbox 1207 3577 1241 3637; x_wconf 87' lang='lat' dir='ltr'><strong>et</strong></span> <span class='ocrx_word' id='word_1_231' title='bbox 1251 3571 1370 3637; x_wconf 88' lang='lat' dir='ltr'><strong>ceteris</strong></span> <span class='ocrx_word' id='word_1_232' title='bbox 1383 3573 1520 3639; x_wconf 79' lang='lat' dir='ltr'><strong>solucio</strong></span> 
     </span>
     <span class='ocr_line' id='line_1_27' title="bbox 220 3683 1519 3768; baseline 0.002 -19"><span class='ocrx_word' id='word_1_233' title='bbox 220 3683 316 3749; x_wconf 90' lang='lat' dir='ltr'><strong>nibus</strong></span> <span class='ocrx_word' id='word_1_234' title='bbox 334 3685 384 3749; x_wconf 84' lang='lat' dir='ltr'><strong>vel</strong></span> <span class='ocrx_word' id='word_1_235' title='bbox 400 3684 625 3752; x_wconf 84' lang='lat' dir='ltr'><strong>exaccionibus</strong></span> <span class='ocrx_word' id='word_1_236' title='bbox 649 3683 857 3768; x_wconf 85' lang='lat' dir='ltr'><strong>quibuslibet,</strong></span> <span class='ocrx_word' id='word_1_237' title='bbox 872 3684 989 3767; x_wconf 91' lang='lat' dir='ltr'><strong>quibus</strong></span> <span class='ocrx_word' id='word_1_238' title='bbox 1005 3684 1098 3751; x_wconf 90' lang='lat' dir='ltr'><strong>nobis</strong></span> <span class='ocrx_word' id='word_1_239' title='bbox 1113 3690 1147 3750; x_wconf 92' lang='lat' dir='ltr'><strong>et</strong></span> <span class='ocrx_word' id='word_1_240' title='bbox 1158 3686 1259 3768; x_wconf 77' lang='lat' dir='ltr'><strong>regali</strong></span> <span class='ocrx_word' id='word_1_241' title='bbox 1270 3684 1383 3754; x_wconf 89' lang='lat' dir='ltr'><strong>nostre</strong></span> <span class='ocrx_word' id='word_1_242' title='bbox 1395 3706 1519 3753; x_wconf 82' lang='lat' dir='ltr'><strong>caruero</strong></span> 
     </span>
     <span class='ocr_line' id='line_1_28' title="bbox 218 3797 1518 3881; baseline 0.002 -17"><span class='ocrx_word' id='word_1_243' title='bbox 218 3798 409 3864; x_wconf 87' lang='lat' dir='ltr'><strong>tenebantur</strong></span> <span class='ocrx_word' id='word_1_244' title='bbox 425 3799 475 3864; x_wconf 86' lang='lat' dir='ltr'><strong>vel</strong></span> <span class='ocrx_word' id='word_1_245' title='bbox 493 3803 644 3864; x_wconf 86' lang='lat' dir='ltr'><strong>tenentur</strong></span> <span class='ocrx_word' id='word_1_246' title='bbox 663 3798 803 3878; x_wconf 80' lang='lat' dir='ltr'><strong>obnoxii,</strong></span> <span class='ocrx_word' id='word_1_247' title='bbox 827 3797 1025 3880; x_wconf 87' lang='lat' dir='ltr'><strong>libertamus,</strong></span> <span class='ocrx_word' id='word_1_248' title='bbox 1048 3799 1228 3881; x_wconf 86' lang='lat' dir='ltr'><strong>eximimus,</strong></span> <span class='ocrx_word' id='word_1_249' title='bbox 1251 3798 1452 3867; x_wconf 89' lang='lat' dir='ltr'><strong>absoluimus</strong></span> <span class='ocrx_word' id='word_1_250' title='bbox 1474 3807 1518 3867; x_wconf 79' lang='lat' dir='ltr'><strong>te</strong></span> 
     </span>
     <span class='ocr_line' id='line_1_29' title="bbox 219 3912 1519 3995; baseline 0.002 -17"><span class='ocrx_word' id='word_1_251' title='bbox 219 3932 296 3979; x_wconf 91' lang='lat' dir='ltr'><strong>nore</strong></span> <span class='ocrx_word' id='word_1_252' title='bbox 327 3912 529 3995; x_wconf 88' lang='lat' dir='ltr'><strong>presencium</strong></span> <span class='ocrx_word' id='word_1_253' title='bbox 553 3913 683 3994; x_wconf 89' lang='lat' dir='ltr'><strong>penitus</strong></span> <span class='ocrx_word' id='word_1_254' title='bbox 706 3913 957 3992; x_wconf 67' lang='lat' dir='ltr'><strong>sequerianus,</strong></span> <span class='ocrx_word' id='word_1_255' title='bbox 991 3912 1039 3979; x_wconf 90' lang='lat' dir='ltr'><strong>sic</strong></span> <span class='ocrx_word' id='word_1_256' title='bbox 1069 3912 1229 3995; x_wconf 86' lang='lat' dir='ltr'><strong>videlicet,</strong></span> <span class='ocrx_word' id='word_1_257' title='bbox 1260 3918 1296 3978; x_wconf 82' lang='lat' dir='ltr'><strong>rt</strong></span> <span class='ocrx_word' id='word_1_258' title='bbox 1318 3913 1405 3980; x_wconf 88' lang='lat' dir='ltr'><strong>infra</strong></span> <span class='ocrx_word' id='word_1_259' title='bbox 1435 3915 1519 3981; x_wconf 91' lang='lat' dir='ltr'><strong>idem</strong></span> 
     </span>
     <span class='ocr_line' id='line_1_30' title="bbox 219 4025 1519 4117; baseline 0.003 -27"><span class='ocrx_word' id='word_1_260' title='bbox 219 4025 393 4091; x_wconf 87' lang='lat' dir='ltr'><strong>triennium</strong></span> <span class='ocrx_word' id='word_1_261' title='bbox 415 4026 456 4091; x_wconf 90' lang='lat' dir='ltr'><strong>ad</strong></span> <span class='ocrx_word' id='word_1_262' title='bbox 473 4026 671 4092; x_wconf 89' lang='lat' dir='ltr'><strong>solucionem</strong></span> <span class='ocrx_word' id='word_1_263' title='bbox 693 4025 871 4091; x_wconf 90' lang='lat' dir='ltr'><strong>eorundum</strong></span> <span class='ocrx_word' id='word_1_264' title='bbox 893 4026 987 4092; x_wconf 91' lang='lat' dir='ltr'><strong>nobis</strong></span> <span class='ocrx_word' id='word_1_265' title='bbox 1011 4032 1044 4091; x_wconf 93' lang='lat' dir='ltr'><strong>et</strong></span> <span class='ocrx_word' id='word_1_266' title='bbox 1059 4044 1184 4117; x_wconf 86' lang='lat' dir='ltr'><strong>camere</strong></span> <span class='ocrx_word' id='word_1_267' title='bbox 1206 4031 1317 4092; x_wconf 89' lang='lat' dir='ltr'><strong>nostre</strong></span> <span class='ocrx_word' id='word_1_268' title='bbox 1333 4028 1519 4094; x_wconf 90' lang='lat' dir='ltr'><strong>nullatenus</strong></span> 
     </span>
     <span class='ocr_line' id='line_1_31' title="bbox 217 4137 1520 4222; baseline 0.002 -17"><span class='ocrx_word' id='word_1_269' title='bbox 217 4144 399 4205; x_wconf 84' lang='lat' dir='ltr'><strong>teneantur.</strong></span> <span class='ocrx_word' id='word_1_270' title='bbox 424 4141 609 4207; x_wconf 88' lang='lat' dir='ltr'><strong>Inhibomus</strong></span> <span class='ocrx_word' id='word_1_271' title='bbox 626 4140 726 4222; x_wconf 78' lang='lat' dir='ltr'><strong>igitur</strong></span> <span class='ocrx_word' id='word_1_272' title='bbox 741 4139 904 4204; x_wconf 83' lang='lat' dir='ltr'><strong>vniuersis</strong></span> <span class='ocrx_word' id='word_1_273' title='bbox 928 4137 1121 4204; x_wconf 86' lang='lat' dir='ltr'><strong>officialibus</strong></span> <span class='ocrx_word' id='word_1_274' title='bbox 1136 4139 1229 4221; x_wconf 82' lang='lat' dir='ltr'><strong>regni</strong></span> <span class='ocrx_word' id='word_1_275' title='bbox 1250 4140 1355 4206; x_wconf 88' lang='lat' dir='ltr'><strong>nostri</strong></span> <span class='ocrx_word' id='word_1_276' title='bbox 1375 4141 1520 4221; x_wconf 89' lang='lat' dir='ltr'><strong>Boemie,</strong></span> 
     </span>
     <span class='ocr_line' id='line_1_32' title="bbox 218 4252 1519 4339; baseline 0.004 -22"><span class='ocrx_word' id='word_1_277' title='bbox 218 4272 353 4335; x_wconf 89' lang='lat' dir='ltr'><strong>quorum</strong></span> <span class='ocrx_word' id='word_1_278' title='bbox 369 4253 505 4319; x_wconf 87' lang='lat' dir='ltr'><strong>interest</strong></span> <span class='ocrx_word' id='word_1_279' title='bbox 528 4253 576 4317; x_wconf 85' lang='lat' dir='ltr'><strong>vel</strong></span> <span class='ocrx_word' id='word_1_280' title='bbox 601 4253 760 4318; x_wconf 85' lang='lat' dir='ltr'><strong>interesse</strong></span> <span class='ocrx_word' id='word_1_281' title='bbox 782 4252 910 4334; x_wconf 88' lang='lat' dir='ltr'><strong>poterit,</strong></span> <span class='ocrx_word' id='word_1_282' title='bbox 934 4252 988 4334; x_wconf 94' lang='lat' dir='ltr'><strong>qui</strong></span> <span class='ocrx_word' id='word_1_283' title='bbox 1013 4257 1090 4318; x_wconf 90' lang='lat' dir='ltr'><strong>sunt</strong></span> <span class='ocrx_word' id='word_1_284' title='bbox 1112 4252 1162 4318; x_wconf 84' lang='lat' dir='ltr'><strong>vel</strong></span> <span class='ocrx_word' id='word_1_285' title='bbox 1178 4257 1273 4318; x_wconf 87' lang='lat' dir='ltr'><strong>erunt</strong></span> <span class='ocrx_word' id='word_1_286' title='bbox 1287 4272 1346 4336; x_wconf 90' lang='lat' dir='ltr'><strong>pro</strong></span> <span class='ocrx_word' id='word_1_287' title='bbox 1362 4259 1519 4339; x_wconf 86' lang='lat' dir='ltr'><strong>tempore,</strong></span> 
     </span>
     <span class='ocr_line' id='line_1_33' title="bbox 217 4365 1520 4453; baseline 0.004 -22"><span class='ocrx_word' id='word_1_288' title='bbox 217 4385 258 4432; x_wconf 90' lang='lat' dir='ltr'><strong>ne</strong></span> <span class='ocrx_word' id='word_1_289' title='bbox 278 4368 440 4449; x_wconf 91' lang='lat' dir='ltr'><strong>predictos</strong></span> <span class='ocrx_word' id='word_1_290' title='bbox 458 4368 546 4432; x_wconf 88' lang='lat' dir='ltr'><strong>ciues</strong></span> <span class='ocrx_word' id='word_1_291' title='bbox 563 4374 690 4432; x_wconf 88' lang='lat' dir='ltr'><strong>nostros</strong></span> <span class='ocrx_word' id='word_1_292' title='bbox 707 4367 864 4432; x_wconf 89' lang='lat' dir='ltr'><strong>aduersus</strong></span> <span class='ocrx_word' id='word_1_293' title='bbox 880 4366 1066 4432; x_wconf 86' lang='lat' dir='ltr'><strong>huiusmodi</strong></span> <span class='ocrx_word' id='word_1_294' title='bbox 1082 4365 1303 4434; x_wconf 87' lang='lat' dir='ltr'><strong>libertacionis</strong></span> <span class='ocrx_word' id='word_1_295' title='bbox 1319 4373 1434 4435; x_wconf 87' lang='lat' dir='ltr'><strong>nostre</strong></span> <span class='ocrx_word' id='word_1_296' title='bbox 1449 4389 1520 4453; x_wconf 81' lang='lat' dir='ltr'><strong>gra-</strong></span> 
     </span>
     <span class='ocr_line' id='line_1_34' title="bbox 218 4456 1521 4566; baseline 0.002 -19"><span class='ocrx_word' id='word_1_297' title='bbox 218 4456 301 4547; x_wconf 82' lang='lat' dir='ltr'><strong>ciam</strong></span> <span class='ocrx_word' id='word_1_298' title='bbox 316 4488 453 4563; x_wconf 75' lang='lat' dir='ltr'><strong>grauem</strong></span> <span class='ocrx_word' id='word_1_299' title='bbox 467 4481 714 4565; x_wconf 87' lang='lat' dir='ltr'><strong>quomodolibet,</strong></span> <span class='ocrx_word' id='word_1_300' title='bbox 738 4482 789 4546; x_wconf 82' lang='lat' dir='ltr'><strong>rel</strong></span> <span class='ocrx_word' id='word_1_301' title='bbox 813 4481 916 4546; x_wconf 87' lang='lat' dir='ltr'><strong>eciem</strong></span> <span class='ocrx_word' id='word_1_302' title='bbox 938 4481 1070 4563; x_wconf 80' lang='lat' dir='ltr'><strong>exigant</strong></span> <span class='ocrx_word' id='word_1_303' title='bbox 1092 4486 1125 4547; x_wconf 89' lang='lat' dir='ltr'><strong>ot</strong></span> <span class='ocrx_word' id='word_1_304' title='bbox 1140 4481 1308 4566; x_wconf 90' lang='lat' dir='ltr'><strong>requirant</strong></span> <span class='ocrx_word' id='word_1_305' title='bbox 1329 4483 1457 4565; x_wconf 89' lang='lat' dir='ltr'><strong>aliquid</strong></span> <span class='ocrx_word' id='word_1_306' title='bbox 1481 4484 1521 4549; x_wconf 87' lang='lat' dir='ltr'><strong>eb</strong></span> 
     </span>
     <span class='ocr_line' id='line_1_35' title="bbox 218 4593 1518 4677; baseline 0.003 -19"><span class='ocrx_word' id='word_1_307' title='bbox 218 4593 350 4674; x_wconf 86' lang='lat' dir='ltr'><strong>eisdem,</strong></span> <span class='ocrx_word' id='word_1_308' title='bbox 381 4600 477 4676; x_wconf 90' lang='lat' dir='ltr'><strong>prout</strong></span> <span class='ocrx_word' id='word_1_309' title='bbox 500 4595 759 4677; x_wconf 81' lang='lat' dir='ltr'><strong>indignacionem</strong></span> <span class='ocrx_word' id='word_1_310' title='bbox 782 4600 924 4660; x_wconf 82' lang='lat' dir='ltr'><strong>nostrum</strong></span> <span class='ocrx_word' id='word_1_311' title='bbox 947 4595 1174 4677; x_wconf 78' lang='lat' dir='ltr'><strong>grauissimam</strong></span> <span class='ocrx_word' id='word_1_312' title='bbox 1196 4595 1359 4661; x_wconf 82' lang='lat' dir='ltr'><strong>volueriut</strong></span> <span class='ocrx_word' id='word_1_313' title='bbox 1382 4598 1518 4664; x_wconf 82' lang='lat' dir='ltr'><strong>euitare.</strong></span> 
     </span>
    </p>
   </div>
   <div class='ocr_carea' id='block_1_7' title="bbox 0 0 1554 5392">
    <p class='ocr_par' dir='ltr' id='par_1_7' title="bbox 0 0 1554 5392">
     <span class='ocr_line' id='line_1_36' title="bbox 0 0 1554 5392; baseline 0 0"><span class='ocrx_word' id='word_1_314' title='bbox 0 0 1554 5392; x_wconf 95' lang='lat' dir='ltr'><strong> </strong></span> 
     </span>
    </p>
   </div>
  </div>
 </body>
</html>
