3098 5392
132 404 175 468 (54
751 401 825 452 rere.

131 612 266 676 duellari
290 630 383 676 unam
404 611 681 690 marcam,iu1·atis
705 628 799 675 unam
821 627 971 675 marcam.
1005 607 1083 693 [14].
1106 609 1197 690 Item,
1220 609 1250 675 si
1273 609 1350 692 quis
1373 628 1386 691 p

132 726 303 791 homicidio
336 724 506 791 fideiussor
539 744 612 790 esse
633 725 736 805 debet,
769 723 981 790 hereditatem
1013 722 1113 789 debet
1142 721 1263 789 habere
1292 723 1386 806 trigir

131 857 308 903 marcarum
327 838 411 903 infra
432 839 630 904 municiones
650 838 802 904 ciuitatis.
827 836 861 903 Si
884 841 992 903 autem
1013 836 1079 918 ille,
1101 854 1159 918 pro
1189 854 1255 919 quo
1277 834 1386 902 fideiuu

132 953 180 1016 sio
210 951 295 1017 lacta
316 957 375 1032 est,
399 951 637 1033 subterfugerit,
660 950 832 1034 fidejussor
857 950 998 1032 placabit
1018 948 1168 1017 inimic'os
1190 968 1266 1017 cnm
1287 951 1386 1033 trigin

135 1064 260 1143 marcis,
283 1063 421 1129 iudicem
452 1065 486 1127 in
507 1065 655 1147 quinque.
701 1064 760 1130 Ille
783 1082 858 1129 uero
892 1062 1110 1145 proscribatur
1132 1082 1172 1129 ex
1192 1068 1289 1147 parto
1311 1063 1386 1131 fidei

131 1172 269 1256 ssoris.⁹)
292 1175 360 1259 [15]
382 1178 472 1257 Item,
497 1177 619 1260 siquis
642 1176 840 1243 fideiuseerit
861 1195 920 1260 pro
936 1178 1069 1243 vulnere
1084 1177 1233 1259 duellari,
1255 1182 1290 1244 et
1313 1179 1386 1244 siill

131 1309 188 1372 pro
225 1309 288 1373 quo
320 1288 488 1371 fideiuseit,
523 1290 761 1373 subterfugerit,
795 1289 968 1357 fideiussor
1000 1290 1141 1372 placabit
1169 1290 1322 1358 inimicos
1351 1310 1386 1359 cn

130 1404 240 1469 docem
261 1403 387 1484 marcis,
409 1403 550 1470 iudicem
572 1422 735 1470 varocum
756 1402 861 1469 tribus
883 1402 1008 1469 marcis.
1032 1402 1066 1469 si
1088 1403 1294 1486 proscriptus
1315 1404 1386 1474 redi

132 1518 277 1596 voluerit,
305 1517 439 1583 termino
478 1521 608 1598 statuto,
632 1518 767 1600 placatis
795 1517 935 1583 inimicis
959 1522 992 1582 et
1011 1514 1213 1599 fideiussore,
1236 1518 1327 1585 saluo
1347 1518 1386 1584 iu

134 1631 255 1695 ciuium
280 1647 357 1695 sane
386 1633 575 1695 reuertatur.
609 1628 685 1714 [16].
711 1631 801 1711 Item,
823 1630 1004 1712 quicunque
1024 1646 1136 1711 pacem
1157 1629 1193 1695 in
1221 1630 1277 1696 die
1300 1630 1386 1698 Ioron

135 1744 313 1823 uiolauerit,
325 1762 422 1808 mauu
433 1743 634 1810 truncabitur
645 1749 701 1809 aut
712 1762 793 1825 pene
805 1743 915 1809 decem
923 1760 1103 1808 marcarum
1114 1742 1303 1825 submcebit,
1311 1743 1386 1809 heliu

137 1857 322 1922 testimonio
337 1855 472 1921 duorum
494 1858 544 1922 vel
566 1857 664 1923 trium
674 1857 823 1936 testinm;
846 1857 887 1923 de
904 1856 1049 1938 predicta
1066 1856 1205 1937 pecnnia
1221 1857 1333 1923 cedent
1347 1856 1386 1922 du<

130 1975 237 2051 partes
249 1969 359 2049 iudici,
372 1968 485 2034 iuratis
498 1987 572 2035 vero
582 1966 735 2050 terciam)
750 1968 827 2053 [17].
839 1969 930 2050 Item,
942 1969 1054 2051 siquis
1065 1973 1237 2035 accusatus
1247 1968 1386 2051 fueritprc

131 2082 226 2162 furto,
250 2085 282 2146 et
304 2099 498 2165 conquerens
512 2083 619 2164 ipsum
635 2082 824 2148 convincere
838 2081 979 2147 noluerit
999 2099 1059 2147 nec
1073 2079 1155 2148 collo
1171 2099 1231 2146 suo
1243 2081 1386 2164 quidquam

129 2194 263 2275 ligatum
278 2199 352 2258 ante
367 2194 522 2260 iudicium
537 2195 652 2260 ductus
667 2194 774 2274 luerit,
791 2194 848 2260 sed
864 2195 1054 2277 simpliciter
1068 2198 1297 2278 conqueratur:
1311 2195 1386 2278 prim

135 2308 207 2372 uice
229 2307 403 2388 incusatus,
425 2326 488 2373 vna
510 2326 546 2373 ee
562 2327 658 2373 manu
679 2308 799 2390 poterit
819 2325 1012 2390 expurgar03
1036 2306 1178 2374 secunda
1195 2306 1267 2375 vice
1284 2309 1317 2375 in
1333 2324 1386 2373 casu

135 2420 233 2485 simili
257 2426 435 2500 accusatus,
457 2421 643 2486 mettercius
662 2421 906 2502 expurgabitur3
926 2421 955 2487 si
973 2421 1074 2487 tercia
1084 2421 1200 2487 siccin
1218 2439 1296 2489 casu
1315 2418 1386 2488 simil

129 2539 307 2614 accusatur,
329 2535 550 2615 metseptimns
573 2554 607 2600 se
621 2534 827 2616 expurgabit3
850 2535 879 2600 si
893 2539 1007 2618 quarta
1022 2535 1101 2616 vice,
1125 2534 1213 2603 omni
1234 2533 1386 2618 postposite

129 2648 296 2712 occasione
318 2647 399 2712 furis
430 2647 625 2712 sentenciam
656 2643 853 2730 pacietur.¹¹)
874 2645 950 2730 [18].
974 2647 1064 2728 Item,
1087 2647 1192 2713 omnis
1222 2648 1313 2714 homo
1331 2644 1386 2712 lde

129 2762 256 2839 dignus,
279 2763 398 2827 nullius
422 2762 498 2827 vicii
520 2780 635 2844 pessus
658 2761 895 2843 improperium,
911 2761 940 2826 si
962 2761 1060 2827 luerit
1081 2761 1230 2843 culpatus
1252 2760 1293 2827 de
1312 2754 1386 2827 homi·

129 2875 213 2939 cidio
237 2876 286 2940 vel
309 2875 349 2940 de
370 2894 667 2957 quacunquecousa
689 2878 869 2954 accusatus,
891 2873 1006 2939 melius
1028 2891 1064 2939 se
1086 2893 1158 2939 cum
1182 2874 1292 2956 probis
1311 2868 1386 2940 homi·

128 2987 221 3052 uibus
244 2987 442 3069 expurgabit,
465 3006 559 3071 quum
590 2981 849 3065 conuincatur,¹²)
872 2990 979 3068 preter
1000 2985 1217 3053 incendiarios
1245 2991 1280 3054 ct
1305 2993 1386 3054 mons

127 3101 227 3165 turios
260 3105 293 3166 ot
325 3101 498 3181 adulteros,
534 3100 689 3182 legitimis
723 3097 967 3165 concumbentes
1000 3116 1119 3181 easque
1151 3098 1193 3164 de
1233 3100 1312 3166 viris
1341 3095 1386 3165 lul

129 3213 333 3293 abducentes,
352 3213 407 3295 qui
431 3213 542 3295 pocius
565 3214 807 3293 conuincuntur,
831 3230 926 3296 quam
948 3230 1020 3278 cum
1041 3211 1225 3279 homInibus
1247 3231 1284 3279 se
1303 3210 1386 3280 dele·

128 3326 213 3390 (litut
238 3324 317 3409 [19].
340 3325 432 3406 Item,
449 3328 630 3409 quicunque
642 3328 682 3391 de
704 3327 812 3409 aliquo
828 3326 962 3392 crimine
976 3327 1152 3408 conuictus,
1168 3326 1255 3409 quod
1275 3326 1386 3410 perduc

128 3439 168 3503 ud
191 3438 453 3520 dampnacionem
469 3440 621 3521 corporis
646 3439 733 3504 etde
755 3457 913 3505 consensu
927 3439 1046 3505 iudicis
1061 3443 1094 3505 et
1116 3439 1238 3507 ciuium
1258 3441 1386 3508 liberetur

129 3552 226 3616 iuuerit
259 3553 404 3634 pecunia,
435 3551 568 3616 ulterius
602 3552 684 3617 iuris
707 3556 815 3617 careat
847 3552 987 3631 honore;
1010 3559 1179 3619 accusatus
1211 3558 1320 3620 autem
1338 3567 1386 3637 pos

129 3665 257 3729 ruoduuu
280 3665 319 3729 de
335 3666 441 3749 aliquo
464 3665 606 3746 crimine,
623 3666 847 3747 suspendatur.
871 3663 952 3750 [20].
975 3666 1066 3747 Item,
1090 3667 1204 3749 siquis
1226 3686 1284 3750 pro
1305 3664 1386 3750 hospi

128 3778 254 3841 talitate
276 3778 381 3843 lurum
403 3784 573 3845 accusatus
595 3778 702 3858 fuerit,
726 3781 831 3862 prima
853 3781 923 3846 uice
944 3797 1007 3845 vna
1029 3798 1065 3845 se
1085 3797 1183 3845 manu
1205 3779 1386 3863 expurgati

129 3890 269 3955 secunda
291 3891 361 3955 vice
382 3899 561 3973 accusatus,
591 3893 777 3958 mettercius
800 3913 835 3959 se
865 3892 1071 3976 expurgabit3
1094 3893 1196 3959 tercia
1217 3894 1289 3961 vice
1318 3910 1386 3961 aceo

128 4009 226 4083 sutus,
250 4006 445 4070 sentenciam
474 4006 555 4072 luris
585 4003 782 4089 pacietur.¹³)
806 4005 884 4091 [21].
919 4007 1009 4087 Item,
1031 4024 1091 4073 nec
1111 4007 1268 4088 magister
1287 4010 1386 4075 monet

128 4135 186 4181 noc
209 4117 305 4182 iudex
328 4117 399 4182 sine
421 4119 535 4185 iuratis
558 4139 616 4184 nec
650 4121 683 4185 in
706 4138 817 4201 campo
839 4139 899 4185 nec
921 4121 955 4186 in
977 4119 1124 4186 domibus
1149 4124 1287 4203 querent
1314 4120 1386 4189 suu

132 4231 279 4296 denarios
310 4251 369 4297 nec
398 4230 566 4315 furtum¹⁴l
599 4231 677 4316 [22].
709 4234 798 4313 item,
822 4233 850 4298 si
881 4232 1049 4299 vendentis
1077 4233 1217 4300 alicuius
1245 4236 1386 4318 ugente

128 4363 226 4424 cupro
259 4350 315 4410 cum
348 4353 461 4427 stagno
484 4347 582 4411 luerit
603 4348 747 4427 mixtum,
782 4347 867 4412 idem
889 4365 971 4429 pene
1003 4345 1129 4412 falsarii
1151 4346 1342 4430 subiacebit,
1371 4344 1386 4415 l

129 4458 272 4538 predicto
294 4460 493 4525 curtemlulso
517 4459 578 4524 due
601 4465 707 4540 portes
720 4460 834 4525 cedent
851 4460 962 4540 iudici,
984 4459 1086 4525 tercia
1098 4477 1176 4527 vero
1187 4460 1315 4529 iuratis
1337 4462 1386 4544 01

131 4588 258 4650 cunque
280 4570 361 4636 falso
384 4572 515 4638 denario
537 4572 753 4653 deprehensus
785 4572 885 4639 fuerit
903 4572 1153 4655 racionabiliter,
1182 4574 1272 4641 omni
1292 4578 1386 4645 sema
