3098 5392
202 428 267 495 826
820 415 895 479 ‘ffl-

201 637 324 704 minum
346 648 409 703 non
433 637 553 719 existit,
584 634 824 720 deposicioncm
854 635 1019 719 wlgariter
1040 633 1161 702 dictam
1182 633 1341 720 oyderlng
1364 635 1501 704 frumeu-

201 755 307 818 torum
338 755 371 817 et
400 751 537 817 aliarum
568 749 733 830 mercium,
764 749 799 815 in
821 747 1076 832 quibuscumque
1096 746 1194 814 rebus
1217 747 1411 831 consistant,
1434 750 1500 816 siue

203 861 268 948 [ea]
290 882 350 947 per
378 860 508 929 alueum
540 861 641 929 Albee
671 880 801 929 sursum
830 879 889 929 seu
918 861 1072 928 deorsum
1100 861 1141 928 ad
1167 862 1315 945 ipsorum
1338 863 1500 930 ciuitatem

199 976 315 1044 deduci
347 969 523 1059 contingat,
546 976 705 1059 legittime
727 975 900 1043 habuerint
932 980 965 1041 et
986 975 1129 1042 babeant
1160 976 1371 1061 usquemodo,
1407 981 1498 1061 prout

201 1091 304 1158 eciam
325 1090 430 1156 litere
444 1087 702 1156 confirmacionis
725 1088 794 1156 diui
815 1089 976 1174 quondam
997 1089 1119 1156 domini
1137 1089 1261 1173 Karoli,
1284 1091 1500 1158 Romanorum

153 1252 158 1265 .
201 1208 234 1271 et
255 1204 396 1271 Boemic·
411 1204 510 1287 regis,
539 1203 697 1285 genitoris
719 1203 823 1269 nostri
846 1203 1017 1284 carissimi,
1041 1203 1117 1270 date
1139 1203 1280 1288 desuper
1300 1204 1499 1271 luculentius

201 1321 412 1384 attestantur:
443 1335 503 1384 nos
532 1315 736 1383 attendentes
769 1320 862 1400 grata
892 1321 926 1383 ct
954 1316 1148 1400 multiplicia
1181 1308 1349 1401 obsequie,
1386 1317 1497 1402 quibus

202 1449 238 1530 sc
261 1431 350 1499 dicta
373 1432 492 1499 ciuitas
515 1433 638 1498 nostris
659 1430 806 1498 reddidit
827 1429 1023 1497 conformem
1040 1431 1255 1515 beneplacitis
1277 1435 1312 1498 et
1326 1437 1498 1516 abneptem,

201 1564 264 1612 non
287 1563 346 1629 per
368 1563 510 1613 errorem
533 1550 591 1611 aut
612 1544 794 1628 inprouide,
826 1543 884 1611 sod
906 1544 1013 1611 animo
1036 1544 1223 1626 deliberato,
1254 1562 1334 1612 sano
1357 1543 1498 1612 fidelium

199 1665 384 1726 nostrorum
406 1658 582 1726 accedente
604 1659 740 1726 consilio
763 1657 862 1726 dictis
885 1659 1041 1742 magistro
1064 1659 1195 1743 muium,
1227 1657 1428 1741 consulibus,
1449 1659 1498 1743 ju·

199 1772 285 1839 ratis
311 1778 345 1840 et
366 1773 590 1841 communitati
621 1772 766 1840 ciuitatis
791 1771 917 1856 preiate
938 1772 1235 1839 Luthomedcensis
1258 1771 1497 1855 infrascriptam

200 1885 344 1968 graciam
373 1885 523 1952 duximus
548 1886 735 1969 graciosius·
752 1885 933 1953 faciendam
964 1891 998 1953 et
1018 1885 1156 1952 iacimus
1178 1894 1237 1969 per
1258 1890 1430 1969 presentes
1452 1884 1495 1950 cic

201 1999 363 2082 videlicet,
398 2000 485 2083 quod
517 2000 661 2083 quelibet
691 2001 786 2067 nauis
815 2005 947 2068 onerata
975 2000 1092 2082 bladis,
1127 2000 1205 2081 eale,
1238 1984 1396 2082 piscibus,
1425 2000 1495 2065 rino

199 2132 237 2180 ac
267 2114 341 2181 aliis
360 2114 523 2181 mercibus
557 2112 823 2198 quibuscumque,
846 2114 1045 2181 descendeus
1075 2132 1133 2180 seu
1155 2112 1334 2181 ascendens
1364 2132 1424 2198 per
1444 2112 1495 2178 Al·

198 2227 301 2310 beam,
332 2233 412 2311 aput
438 2227 597 2310 prefatam
615 2228 934 2295 Luthomcriccnsem
965 2228 1132 2295 ciuitatem
1162 2245 1286 2294 merces
1313 2225 1500 2295 huiusmodi

199 2340 359 2423 deponere
389 2340 514 2422 debeat,
544 2341 633 2408 sicut
659 2342 721 2408 hoc
751 2342 859 2424 ipsum
888 2347 1013 2409 tentum
1035 2347 1087 2408 est
1107 2341 1273 2408 hactenus<
1291 2340 1332 2407 ab
1355 2341 1493 2425 antiqno.

199 2453 233 2519 Si
255 2454 329 2536 quis
352 2471 428 2521 vero
450 2459 612 2522 mercator
643 2470 700 2521 seu
722 2471 866 2537 persona
885 2457 950 2523 alia
980 2456 1234 2540 qualiscumque
1265 2454 1502 2537 cuiuscumque

198 2566 301 2633 eciam
323 2568 454 2650 mdes,
477 2568 676 2637 condicionis
700 2588 757 2638 seu
781 2574 886 2637 status
901 2572 1029 2651 existat,
1051 2566 1238 2636 huiusmodi
1254 2567 1492 2651 deposicioncm

197 2678 334 2748 forsitan
364 2680 471 2748 lacere
506 2702 571 2750 non
603 2690 740 2767 curaret,
775 2690 894 2752 extunc
922 2682 1108 2750 huiusmodi
1137 2695 1278 2767 persen'a
1294 2681 1350 2749 vde
1372 2681 1493 2767 prelata

197 2794 274 2859 naui
306 2799 449 2877 onerata,
487 2798 640 2879 quociens
671 2816 787 2863 nauem
817 2799 922 2880 ipsam
954 2797 1113 2879 preterire
1146 2797 1329 2879 contigerit,
1363 2797 1493 2880 triginta

196 2905 334 2975 florenos
365 2908 437 2974 auri
473 2909 587 2991 legalis
617 2909 771 2992 ponderis
801 2911 912 2993 tocies,
943 2911 1075 2994 quocies
1100 2928 1224 2977 merces
1246 2915 1423 2976 rennueret
1442 2909 1492 2974 de

196 3040 316 3103 ponere
339 3023 391 3089 vel
414 3021 605 3104 negligeret,
628 3023 758 3090 nomine
781 3024 849 3089 veri
872 3023 1014 3090 thelonei
1038 3022 1135 3090 dictis
1158 3022 1285 3090 ciuibus
1308 3025 1492 3105 persoluere

195 3138 354 3216 tencatur,
377 3136 411 3200 in
435 3153 511 3200 vsus
534 3140 663 3202 nostros
686 3141 719 3202 et
733 3141 844 3202 nostre
866 3155 991 3202 camere
1013 3137 1103 3203 nullo
1124 3136 1231 3203 medio
1247 3136 1489 3203 conuertendos.

197 3246 235 3311 In
265 3267 375 3315 casum
405 3266 491 3329 vero,
528 3267 591 3328 quo
622 3249 784 3331 quispiam
815 3248 932 3330 queuis
961 3249 1099 3316 forsitan
1130 3249 1316 3315 temeritate
1344 3254 1492 3332 pretensa

197 3359 328 3442 publice
350 3361 402 3428 uel
426 3361 551 3428 occulte
574 3380 632 3429 nec
654 3361 740 3428 facta
762 3361 971 3443 deposicione
992 3380 1051 3427 seu
1073 3362 1178 3429 soluto
1194 3362 1344 3442 theloneo
1360 3363 1492 3445 triginta

197 3472 401 3555 florenorum,
432 3480 469 3539 ut
496 3476 704 3556 premittitur,
729 3474 931 3558 perdicium
955 3473 1072 3541 flumen
1096 3474 1197 3541 Albos
1224 3475 1410 3558 preteriret,
1438 3493 1493 3558 per

196 3586 300 3655 dictos
324 3588 413 3654 ciues
438 3589 592 3653 arrestari
616 3587 746 3654 debebit
768 3593 801 3653 et
825 3588 1085 3670 indignacionem
1100 3593 1244 3654 nostram
1265 3588 1490 3671 grauissimam

196 3720 235 3768 ac
256 3720 373 3784 penam
395 3701 437 3767 ad
460 3706 572 3768 nostre
595 3702 770 3767 voluntatis
793 3700 963 3767 arbitrium
986 3700 1200 3784 infligendam·
1216 3719 1254 3768 se
1269 3703 1402 3769 nouerit
1415 3703 1489 3769 irre·

195 3814 399 3881 missibiliter
422 3815 637 3881 incursurum.
666 3814 977 3897 Mandemusigitur
992 3815 1155 3881 uniuersis
1170 3819 1204 3880 ct
1218 3815 1358 3898 singulis
1374 3815 1489 3898 princi·

196 3928 301 4011 pibus,
337 3928 570 3995 ccclcsiasticis
602 3934 634 3994 et
664 3928 875 4010 secularibus,
906 3928 1091 4010 baronibus,
1120 3927 1294 4011 nobilibus,
1322 3929 1488 4007 militibus,

197 4041 379 4123 clientibus,
402 4043 583 4123 ciuitatum,
607 4041 776 4124 opidorum
798 4048 831 4107 et
848 4042 992 4110 locorum
1011 4041 1295 4109 communitatibus
1310 4045 1488 4124 ceterisque

195 4156 317 4221 nostris
341 4154 481 4222 subditis
504 4159 537 4220 et
560 4154 708 4222 fidelibus
733 4157 894 4222 uniuersis
917 4155 1053 4223 firmiter
1083 4160 1116 4220 et
1142 4154 1301 4237 districte,
1331 4161 1487 4240 quatenus

195 4268 337 4351 prefatos
361 4269 451 4335 ciues
477 4274 604 4335 nostros
628 4275 661 4334 in
685 4269 831 4351 predicta
849 4271 967 4353 gracia
982 4268 1227 4353 quomodolibet
1242 4268 1489 4352 ncn'inpediant

194 4401 253 4449 nec
277 4383 386 4449 sinant
406 4402 464 4465 per
488 4383 669 4468 quempiam
689 4383 873 4467 aliqualiter
892 4383 1173 4466 impedirinostto
1188 4382 1279 4466 regio
1294 4382 1355 4450 sub
1370 4383 1486 4450 fauore.

194 4496 402 4563 Prcsencium
432 4498 492 4563 sub
517 4498 607 4581 regie
629 4499 942 4564 nostre'maiestatis
973 4498 1082 4580 sigillo
1104 4496 1486 4564 testimoniolitera'rum.

194 4609 313 4674 Datum
348 4610 521 4692 Burgleins
555 4629 640 4676 anno
671 4610 793 4676 domini
822 4611 1006 4678 millesimo·
1024 4611 1252 4678 trecentesimo
1281 4602 1488 4694 nodngeslmo
