3150 5378
224 368 266 434 36
850 369 924 418 1261.

224 576 336 641 ualens
366 580 400 639 et
429 574 488 639 hoc
519 575 558 639 de
588 593 746 641 consensu
780 576 918 658 plebani,
954 574 1155 640 decernimus
1189 573 1406 651 statuendum,
1442 575 1529 656 quod

224 706 334 752 omnes
365 687 548 752 detentores
580 688 687 752 dotem
716 689 853 753 ecclesie
881 688 1065 766 restituant,
1096 703 1191 768 quam
1220 684 1307 750 dicto
1329 685 1423 750 fratri
1451 687 1529 752 Got-

225 799 310 864 frido
340 818 398 879 per
426 800 656 881 burcgrauium
677 805 711 865 et
732 801 814 866 alios
844 805 971 865 nostros
994 799 1171 864 familiares
1193 796 1328 862 fecimus
1351 799 1528 878 assignari,

223 912 288 976 nisi
314 912 374 977 hoc
396 912 509 994 pocius
532 917 709 993 acceptent,
740 913 825 995 quod
854 913 918 993 ipsi
949 912 1131 977 detentores
1162 910 1202 974 de
1232 911 1300 974 suis
1322 911 1469 975 araturis
1497 918 1529 976 et

224 1024 304 1089 ortis
326 1025 438 1105 plenas
462 1024 603 1089 decimas
627 1025 712 1105 dent,
736 1043 815 1107 quas
839 1025 971 1107 dejure
994 1022 1154 1089 communi
1176 1021 1312 1104 quilibet
1326 1022 1529 1090 christianus

225 1137 302 1201 dare
324 1141 461 1202 tenetur.
486 1136 623 1218 Insuper
645 1155 777 1201 censum
796 1155 946 1216 annuum,
962 1154 1056 1219 quem
1070 1133 1163 1199 nobis
1180 1134 1306 1198 soluere
1320 1133 1527 1214 tenebantur,

224 1268 283 1331 pro
306 1266 345 1313 ea
367 1249 519 1330 porcione
540 1255 635 1330 terre,
658 1268 720 1333 que
743 1250 807 1314 sita
829 1255 879 1314 est
901 1249 935 1313 in
957 1247 1183 1329 assignatione
1205 1246 1300 1324 dotis,
1324 1245 1432 1311 eidem
1455 1267 1529 1328 per·

224 1362 360 1427 soluant.
384 1361 436 1426 Illi
466 1380 554 1442 uero,
585 1362 640 1443 qni
670 1366 766 1427 antea
787 1363 899 1444 plenas
931 1361 1071 1425 decimas
1102 1359 1333 1439 persoluerent,
1366 1359 1419 1423 uel
1443 1361 1529 1425 male

226 1474 389 1539 detentam
416 1474 523 1539 dotem
551 1475 728 1540 restituant
748 1475 801 1539 uel
824 1475 964 1538 decimas
987 1472 1028 1537 de
1043 1471 1167 1536 duabus
1182 1471 1323 1535 araturis
1337 1471 1528 1552 assignent:

225 1587 281 1669 qui
303 1606 381 1652 uero
404 1592 497 1667 prata
520 1588 587 1652 doti
609 1604 668 1668 per
688 1606 747 1652 nos
770 1588 937 1668 assignata
959 1587 1135 1665 spontanee
1156 1582 1368 1647 restituerent
1392 1582 1529 1649 iusticia

224 1698 397 1778 mediante,
421 1700 450 1763 si
473 1718 511 1764 ea
533 1699 744 1764 restitucione
766 1699 881 1763 uolunt
902 1715 975 1762 esse
996 1695 1149 1773 contenti,
1172 1699 1339 1775 acceptum
1368 1695 1528 1761 habemus

225 1830 283 1876 seu
305 1816 520 1892 acceptamus,
543 1810 595 1875 siu
616 1815 726 1874 autem
746 1809 788 1875 de
809 1811 950 1875 araturis
973 1809 1042 1873 suis
1070 1808 1182 1888 plenas
1213 1807 1291 1871 dent
1318 1807 1464 1872 decimas
1495 1816 1528 1872 et

226 1926 419 2004 recuperent
440 1926 534 2003 prata
556 1940 625 2002 sua,
649 1923 678 1987 si
699 1926 809 1994 autem
829 1926 977 1986 araturas
999 1939 1063 1985 uon
1085 1920 1213 2000 habent,
1235 1919 1338 1984 tercia
1367 1938 1447 2002 pars
1473 1939 1529 2002 pe

226 2035 330 2113 cunia,
353 2051 449 2117 quam
471 2034 505 2097 in
528 2034 693 2114 empcione
716 2034 882 2113 dederuut,
899 2033 1020 2098 adieto
1042 2031 1142 2096 fratre
1164 2031 1311 2097 Gotfrido
1332 2032 1529 2097 restituatur

226 2145 348 2210 eisdem
379 2146 419 2210 de
449 2165 572 2211 summa
601 2147 738 2228 pecunie
766 2147 930 2228 persoluta
953 2146 1136 2227 juramento
1164 2148 1312 2225 accepto3
1342 2145 1529 2229 quicunque

226 2263 335 2323 autem
357 2259 532 2341 aliquotam
553 2265 678 2339 partem
700 2259 786 2325 dotis
810 2259 881 2324 siue
903 2259 937 2324 in
959 2259 1062 2340 pratis
1086 2258 1157 2322 siue
1179 2257 1214 2322 in
1235 2256 1367 2338 pascuis
1396 2258 1472 2324 siue
1494 2258 1528 2322 in

224 2371 464 2452 piscacionibus
478 2372 549 2436 siue
571 2373 606 2436 iu
628 2373 707 2436 ortis
730 2377 898 2452 occupant,
913 2391 976 2437 non
992 2376 1132 2452 emptam
1146 2389 1167 2435 a
1181 2374 1390 2451 procuratore
1404 2376 1527 2450 nostro,

225 2484 297 2547 siue
318 2484 427 2564 aliqua
450 2483 752 2564 recompensacione
772 2483 948 2548 restituant
969 2483 1055 2549 omui
1078 2482 1247 2549 occasione
1268 2482 1455 2563 postposita
1479 2483 1528 2548 in-

225 2594 333 2659 dilate.
364 2594 502 2674 Insuper
533 2594 691 2673 uolumus
722 2600 758 2659 ut
788 2595 891 2660 omnis
917 2595 959 2660 lis
993 2600 1025 2659 et
1056 2595 1220 2660 discordia
1249 2596 1320 2660 siue
1349 2594 1526 2676 impetitio,

225 2725 322 2787 quam
342 2725 401 2770 uos
424 2706 550 2771 habetis
574 2712 685 2771 contra
708 2707 830 2772 dictum
851 2707 983 2773 danem
1005 2708 1212 2773 Ludowicum
1234 2712 1267 2773 et
1289 2707 1424 2773 matrem
1449 2709 1527 2774 Got-

225 2817 345 2882 fridum
373 2819 444 2882 siue
474 2819 602 2884 nomine
630 2838 702 2884 meo
733 2822 805 2885 siue
833 2821 962 2886 nomine
993 2826 1101 2886 uestro
1132 2826 1165 2885 et
1187 2825 1297 2887 contra
1318 2820 1384 2902 ipsi
1407 2821 1527 2886 habent

226 2947 303 3010 erga
325 2947 394 3010 noe,
427 2929 557 3011 penitus
591 2930 657 2995 sint
690 2932 802 3013 sopite.
836 2931 973 3016 Insuper
1006 2933 1164 3014 uolumus,
1199 2939 1235 2997 ut
1267 2952 1326 2998 uos
1364 2934 1527 3015 prefatum

226 3041 357 3106 fratrem
381 3041 564 3108 Gotfridum
586 3044 622 3108 in
644 3044 867 3126 spiritualibus
900 3047 1117 3128 promoueatis
1140 3048 1265 3128 etipse
1291 3065 1350 3113 uos
1380 3047 1417 3112 in
1447 3053 1525 3114 tem·

227 3155 392 3236 poralibus
415 3156 592 3221 secundum
614 3156 808 3222 industriam
831 3158 893 3222 sibi
915 3177 936 3222 a
958 3159 1018 3224 deo
1042 3160 1150 3224 datam
1173 3160 1304 3225 studeat
1324 3178 1525 3241 promouere

225 3266 270 3331 Et
291 3272 328 3331 ut
342 3267 484 3331 hecrata
499 3274 532 3332 et
552 3270 744 3334 inconuulsa
764 3277 982 3352 permaneant,
1013 3273 1121 3355 sigillo
1143 3279 1253 3340 nostro
1276 3278 1308 3338 et
1329 3272 1444 3340 fratris
1461 3274 1525 3340 Lu·

225 3380 339 3444 dowici
363 3381 595 3461 sepenominati
617 3388 800 3463 presentem
821 3385 972 3466 pagiuam
999 3386 1135 3452 fecimus
1163 3387 1317 3453 roborari.
1362 3386 1526 3453 Nimirum

226 3493 349 3574 siquis
375 3492 553 3574 infregerit,
577 3495 684 3575 gracie
706 3501 815 3560 nostre
837 3493 991 3562 offensam
1014 3517 1049 3562 se
1071 3499 1200 3564 nouerit
1228 3497 1399 3564 incurisse.
1443 3499 1525 3564 Acta

226 3607 302 3667 suut
323 3604 382 3668 hec
404 3603 646 3670 Luchtiuburob
667 3625 751 3672 anno
773 3607 894 3672 domiui
921 3607 1131 3676 M⁰GC⁰LXI⁰
1151 3609 1236 3676 infra
1266 3615 1415 3676 octauam
1437 3611 1524 3678 beati

226 3713 362 3781 loannis
384 3716 535 3798 baptiste.

330 3907 401 3976 Orig.
421 3925 497 3979 perg.
514 3927 531 3964 r
550 3911 661 3965 archivu
681 3894 808 3967 besucho
832 3931 936 3970 musea.
972 3916 1104 3972 deema
1127 3918 1230 3972 lrrtsnt
1254 3918 1453 3988 zachorauymi
1478 3935 1524 3990 pe

226 4003 306 4057 detmi
325 4021 362 4058 na
380 4003 710 4076 terreno-zeleno-bssych
729 4007 848 4062 iddrach
865 4010 1047 4081 hedrtbnych
1063 4013 1245 4084 raveienymi.
1281 4012 1326 4068 Na
1339 4013 1427 4081 jedne
1444 4016 1524 4069 ralkt

225 4099 316 4166 pedeti
334 4099 490 4168 ryobrazeu
501 4101 574 4155 znak
592 4099 675 4156 Smila
691 4101 926 4159 zLichtenburlra
944 4105 1067 4161 adverus
1079 4107 1208 4161 ostrvemi
1225 4108 1330 4162 tillem
1342 4109 1527 4181 polatenymi

225 4193 317 4247 kolem
342 4195 420 4249 nicht
436 4195 467 4262 je
486 4195 616 4265 legenda:
643 4197 1455 4263 „SIGILLVM·ZMlLONlS·DE·LVCHTENIWRCH.⁸
1482 4205 1527 4260 Na

225 4287 313 4341 druhe
345 4289 434 4345 manif
466 4290 558 4360 pedeti
586 4292 616 4358 Je
646 4293 819 4362 ryobrazena
849 4296 948 4350 klecfef
978 4298 1065 4352 oseba
1087 4297 1156 4367 pied
1180 4300 1299 4353 svetcam
1326 4316 1345 4354 a
1369 4299 1464 4356 kalam
1487 4301 1526 4356 le·

225 4383 328 4451 gendo:
356 4385 396 4448 ,S.
408 4415 413 4426 ·
424 4385 575 4441 FRATRIS
585 4417 591 4429 ·
601 4386 786 4443 Lvuwrcw
799 4421 832 4429 -
845 4389 889 4445 Ne
900 4391 972 4445 rubu
988 4398 1080 4461 regest
1098 4393 1189 4448 rukou
1206 4393 1265 4448 XV.
1285 4393 1393 4448 stolen:
1415 4396 1526 4464 ,Litera

226 4494 310 4548 super
327 4480 533 4536 restitucionem
551 4483 624 4538 dotis
643 4499 660 4537 a
677 4482 868 4541 fundatoribus
886 4485 976 4541 data.“
1001 4518 1035 4528 —
1054 4488 1154 4556 Emler,
1172 4487 1294 4558 Regesta
1305 4488 1339 4543 n.
1359 4489 1382 4544 b.
1393 4497 1453 4547 aad.
