<?xml version="1.0" encoding="UTF-8"?>
<!DOCTYPE html PUBLIC "-//W3C//DTD XHTML 1.0 Transitional//EN"
    "http://www.w3.org/TR/xhtml1/DTD/xhtml1-transitional.dtd">
<html xmlns="http://www.w3.org/1999/xhtml" xml:lang="en" lang="en">
 <head>
  <title>
</title>
<meta http-equiv="Content-Type" content="text/html;charset=utf-8" />
  <meta name='ocr-system' content='tesseract 3.04.00' />
  <meta name='ocr-capabilities' content='ocr_page ocr_carea ocr_par ocr_line ocrx_word'/>
</head>
<body>
  <div class='ocr_page' id='page_1' title='image "./sbrkapramenprva01kingoog/sbrkapramenprva01kingoog_0506.png"; bbox 0 0 3098 5392; ppageno 0'>
   <div class='ocr_carea' id='block_1_1' title="bbox 143 393 841 458">
    <p class='ocr_par' dir='ltr' id='par_1_1' title="bbox 143 393 841 458">
     <span class='ocr_line' id='line_1_1' title="bbox 143 393 841 458; baseline -0.007 0"><span class='ocrx_word' id='word_1_1' title='bbox 143 393 210 458; x_wconf 82' lang='lat'>470</span> <span class='ocrx_word' id='word_1_2' title='bbox 766 400 841 454; x_wconf 82' lang='lat' dir='ltr'>raes.</span> 
     </span>
    </p>
   </div>
   <div class='ocr_carea' id='block_1_2' title="bbox 129 604 1426 4551">
    <p class='ocr_par' dir='ltr' id='par_1_2' title="bbox 129 604 1426 4551">
     <span class='ocr_line' id='line_1_2' title="bbox 141 604 1426 698; baseline 0.009 -30"><span class='ocrx_word' id='word_1_3' title='bbox 141 604 256 686; x_wconf 89' lang='lat' dir='ltr'>proani</span> <span class='ocrx_word' id='word_1_4' title='bbox 279 609 313 670; x_wconf 89' lang='lat' dir='ltr'>et</span> <span class='ocrx_word' id='word_1_5' title='bbox 333 606 389 671; x_wconf 89' lang='lat' dir='ltr'>ani</span> <span class='ocrx_word' id='word_1_6' title='bbox 411 611 604 688; x_wconf 86' lang='lat' dir='ltr'>nostrornm,</span> <span class='ocrx_word' id='word_1_7' title='bbox 635 607 835 677; x_wconf 91' lang='lat' dir='ltr'>continencie</span> <span class='ocrx_word' id='word_1_8' title='bbox 856 609 1069 696; x_wconf 84' lang='lat' dir='ltr'>infrascripto,</span> <span class='ocrx_word' id='word_1_9' title='bbox 1091 610 1272 681; x_wconf 78' lang='lat' dir='ltr'>maioribus</span> <span class='ocrx_word' id='word_1_10' title='bbox 1295 613 1426 698; x_wconf 87' lang='lat' dir='ltr'>ipsorum</span> 
     </span>
     <span class='ocr_line' id='line_1_3' title="bbox 140 717 1425 811; baseline 0.008 -29"><span class='ocrx_word' id='word_1_11' title='bbox 140 717 259 800; x_wconf 83' lang='lat' dir='ltr'>sigillis</span> <span class='ocrx_word' id='word_1_12' title='bbox 290 719 451 802; x_wconf 83' lang='lat' dir='ltr'>sigillatas</span> <span class='ocrx_word' id='word_1_13' title='bbox 474 739 547 787; x_wconf 92' lang='lat' dir='ltr'>cnm</span> <span class='ocrx_word' id='word_1_14' title='bbox 568 719 633 788; x_wconf 86' lang='lat' dir='ltr'>filis</span> <span class='ocrx_word' id='word_1_15' title='bbox 665 723 807 805; x_wconf 89' lang='lat' dir='ltr'>sericeis,</span> <span class='ocrx_word' id='word_1_16' title='bbox 833 743 896 792; x_wconf 94' lang='lat' dir='ltr'>non</span> <span class='ocrx_word' id='word_1_17' title='bbox 919 725 1064 808; x_wconf 86' lang='lat' dir='ltr'>abolitas,</span> <span class='ocrx_word' id='word_1_18' title='bbox 1095 745 1160 795; x_wconf 94' lang='lat' dir='ltr'>non</span> <span class='ocrx_word' id='word_1_19' title='bbox 1181 745 1287 811; x_wconf 86' lang='lat' dir='ltr'>rasas,</span> <span class='ocrx_word' id='word_1_20' title='bbox 1321 747 1380 795; x_wconf 88' lang='lat' dir='ltr'>nec</span> <span class='ocrx_word' id='word_1_21' title='bbox 1398 729 1425 792; x_wconf 93' lang='lat' dir='ltr'>in</span> 
     </span>
     <span class='ocr_line' id='line_1_4' title="bbox 139 830 1424 927; baseline 0.01 -31"><span class='ocrx_word' id='word_1_22' title='bbox 139 830 251 914; x_wconf 86' lang='lat' dir='ltr'>aliqua</span> <span class='ocrx_word' id='word_1_23' title='bbox 272 831 418 915; x_wconf 91' lang='lat' dir='ltr'>ipsorum</span> <span class='ocrx_word' id='word_1_24' title='bbox 439 841 531 917; x_wconf 84' lang='lat' dir='ltr'>parte</span> <span class='ocrx_word' id='word_1_25' title='bbox 552 836 688 903; x_wconf 79' lang='lat' dir='ltr'>violatas</span> <span class='ocrx_word' id='word_1_26' title='bbox 710 842 819 904; x_wconf 92' lang='lat' dir='ltr'>nostre</span> <span class='ocrx_word' id='word_1_27' title='bbox 840 839 1024 906; x_wconf 87' lang='lat' dir='ltr'>celsitudini</span> <span class='ocrx_word' id='word_1_28' title='bbox 1047 840 1274 924; x_wconf 80' lang='lat' dir='ltr'>exhibuerrmt,</span> <span class='ocrx_word' id='word_1_29' title='bbox 1300 859 1424 927; x_wconf 87' lang='lat' dir='ltr'>quamn</span> 
     </span>
     <span class='ocr_line' id='line_1_5' title="bbox 140 945 1423 1035; baseline 0.009 -25"><span class='ocrx_word' id='word_1_30' title='bbox 140 945 308 1014; x_wconf 86' lang='lat' dir='ltr'>tenoribus</span> <span class='ocrx_word' id='word_1_31' title='bbox 338 947 514 1031; x_wconf 76' lang='lat' dir='ltr'>diligenter</span> <span class='ocrx_word' id='word_1_32' title='bbox 542 949 664 1016; x_wconf 74' lang='lat' dir='ltr'>anmtm</span> <span class='ocrx_word' id='word_1_33' title='bbox 687 956 721 1017; x_wconf 91' lang='lat' dir='ltr'>et</span> <span class='ocrx_word' id='word_1_34' title='bbox 741 953 919 1035; x_wconf 77' lang='lat' dir='ltr'>perspectis</span> <span class='ocrx_word' id='word_1_35' title='bbox 948 953 1012 1035; x_wconf 93' lang='lat' dir='ltr'>ipsi</span> <span class='ocrx_word' id='word_1_36' title='bbox 1033 952 1126 1020; x_wconf 88' lang='lat' dir='ltr'>nobis</span> <span class='ocrx_word' id='word_1_37' title='bbox 1148 973 1224 1021; x_wconf 92' lang='lat' dir='ltr'>cnm</span> <span class='ocrx_word' id='word_1_38' title='bbox 1246 954 1423 1023; x_wconf 74' lang='lat' dir='ltr'>deuotionis</span> 
     </span>
     <span class='ocr_line' id='line_1_6' title="bbox 140 1061 1426 1151; baseline 0.005 -25"><span class='ocrx_word' id='word_1_39' title='bbox 140 1061 304 1128; x_wconf 82' lang='lat' dir='ltr'>instancia</span> <span class='ocrx_word' id='word_1_40' title='bbox 334 1061 502 1128; x_wconf 88' lang='lat' dir='ltr'>humiliter</span> <span class='ocrx_word' id='word_1_41' title='bbox 530 1064 763 1147; x_wconf 80' lang='lat' dir='ltr'>supplicarunt,</span> <span class='ocrx_word' id='word_1_42' title='bbox 793 1070 828 1130; x_wconf 89' lang='lat' dir='ltr'>vt</span> <span class='ocrx_word' id='word_1_43' title='bbox 848 1065 974 1148; x_wconf 81' lang='lat' dir='ltr'>prelata</span> <span class='ocrx_word' id='word_1_44' title='bbox 1002 1065 1175 1151; x_wconf 84' lang='lat' dir='ltr'>priuilegia</span> <span class='ocrx_word' id='word_1_45' title='bbox 1199 1073 1234 1134; x_wconf 90' lang='lat' dir='ltr'>et</span> <span class='ocrx_word' id='word_1_46' title='bbox 1255 1069 1382 1136; x_wconf 85' lang='lat' dir='ltr'>litteras</span> <span class='ocrx_word' id='word_1_47' title='bbox 1400 1073 1426 1134; x_wconf 88' lang='lat' dir='ltr'>et</span> 
     </span>
     <span class='ocr_line' id='line_1_7' title="bbox 139 1176 1424 1266; baseline 0.005 -24"><span class='ocrx_word' id='word_1_48' title='bbox 139 1180 291 1242; x_wconf 84' lang='lat' dir='ltr'>contenta</span> <span class='ocrx_word' id='word_1_49' title='bbox 322 1176 357 1242; x_wconf 89' lang='lat' dir='ltr'>in</span> <span class='ocrx_word' id='word_1_50' title='bbox 385 1176 510 1243; x_wconf 84' lang='lat' dir='ltr'>eisdem</span> <span class='ocrx_word' id='word_1_51' title='bbox 538 1177 580 1243; x_wconf 91' lang='lat' dir='ltr'>dc</span> <span class='ocrx_word' id='word_1_52' title='bbox 608 1177 864 1245; x_wconf 86' lang='lat' dir='ltr'>mansuetudinis</span> <span class='ocrx_word' id='word_1_53' title='bbox 897 1183 1007 1246; x_wconf 90' lang='lat' dir='ltr'>nostre</span> <span class='ocrx_word' id='word_1_54' title='bbox 1039 1181 1216 1247; x_wconf 77' lang='lat' dir='ltr'>clemencia</span> <span class='ocrx_word' id='word_1_55' title='bbox 1247 1181 1424 1266; x_wconf 68' lang='lat' dir='ltr'>approbare,</span> 
     </span>
     <span class='ocr_line' id='line_1_8' title="bbox 139 1287 1425 1378; baseline 0.005 -23"><span class='ocrx_word' id='word_1_56' title='bbox 139 1290 306 1369; x_wconf 71' lang='lat' dir='ltr'>insonare</span> <span class='ocrx_word' id='word_1_57' title='bbox 328 1287 491 1356; x_wconf 81' lang='lat' dir='ltr'>mtilicare</span> <span class='ocrx_word' id='word_1_58' title='bbox 505 1295 539 1357; x_wconf 90' lang='lat' dir='ltr'>et</span> <span class='ocrx_word' id='word_1_59' title='bbox 553 1289 742 1358; x_wconf 76' lang='lat' dir='ltr'>confirmem</span> <span class='ocrx_word' id='word_1_60' title='bbox 756 1293 935 1375; x_wconf 79' lang='lat' dir='ltr'>graciosins</span> <span class='ocrx_word' id='word_1_61' title='bbox 958 1292 1171 1377; x_wconf 80' lang='lat' dir='ltr'>dignaremur,</span> <span class='ocrx_word' id='word_1_62' title='bbox 1197 1313 1339 1378; x_wconf 89' lang='lat' dir='ltr'>quarum</span> <span class='ocrx_word' id='word_1_63' title='bbox 1351 1296 1425 1362; x_wconf 82' lang='lat' dir='ltr'>litte</span> 
     </span>
     <span class='ocr_line' id='line_1_9' title="bbox 138 1403 1422 1493; baseline 0.005 -24"><span class='ocrx_word' id='word_1_64' title='bbox 138 1423 258 1486; x_wconf 86' lang='lat' dir='ltr'>rarum,</span> <span class='ocrx_word' id='word_1_65' title='bbox 291 1405 396 1487; x_wconf 91' lang='lat' dir='ltr'>prime</span> <span class='ocrx_word' id='word_1_66' title='bbox 417 1403 570 1471; x_wconf 78' lang='lat' dir='ltr'>videlieet</span> <span class='ocrx_word' id='word_1_67' title='bbox 601 1405 756 1472; x_wconf 71' lang='lat' dir='ltr'>antedicti</span> <span class='ocrx_word' id='word_1_68' title='bbox 790 1405 948 1488; x_wconf 86' lang='lat' dir='ltr'>Ottakari,</span> <span class='ocrx_word' id='word_1_69' title='bbox 981 1407 1141 1490; x_wconf 93' lang='lat' dir='ltr'>qnondam</span> <span class='ocrx_word' id='word_1_70' title='bbox 1170 1410 1263 1493; x_wconf 82' lang='lat' dir='ltr'>regis</span> <span class='ocrx_word' id='word_1_71' title='bbox 1293 1409 1422 1490; x_wconf 81' lang='lat' dir='ltr'>Boemie,</span> 
     </span>
     <span class='ocr_line' id='line_1_10' title="bbox 137 1518 1421 1605; baseline 0.002 -22"><span class='ocrx_word' id='word_1_72' title='bbox 137 1524 232 1583; x_wconf 86' lang='lat' dir='ltr'>tenor</span> <span class='ocrx_word' id='word_1_73' title='bbox 264 1518 410 1601; x_wconf 84' lang='lat' dir='ltr'>sequitur</span> <span class='ocrx_word' id='word_1_74' title='bbox 436 1519 470 1583; x_wconf 92' lang='lat' dir='ltr'>in</span> <span class='ocrx_word' id='word_1_75' title='bbox 493 1519 552 1585; x_wconf 91' lang='lat' dir='ltr'>bec</span> <span class='ocrx_word' id='word_1_76' title='bbox 573 1518 686 1585; x_wconf 83' lang='lat' dir='ltr'>verba:</span> <span class='ocrx_word' id='word_1_77' title='bbox 718 1518 893 1586; x_wconf 80' lang='lat' dir='ltr'>Ottnlrarus</span> <span class='ocrx_word' id='word_1_78' title='bbox 924 1525 983 1587; x_wconf 85' lang='lat' dir='ltr'>eto.</span> <span class='ocrx_word' id='word_1_79' title='bbox 1018 1520 1209 1605; x_wconf 80' lang='lat' dir='ltr'>(Ndslednje</span> <span class='ocrx_word' id='word_1_80' title='bbox 1238 1524 1337 1589; x_wconf 80' lang='lat' dir='ltr'>zndnt</span> <span class='ocrx_word' id='word_1_81' title='bbox 1356 1524 1421 1588; x_wconf 93' lang='lat' dir='ltr'>listn</span> 
     </span>
     <span class='ocr_line' id='line_1_11' title="bbox 139 1630 1420 1718; baseline 0.002 -20"><span class='ocrx_word' id='word_1_82' title='bbox 139 1632 231 1698; x_wconf 77' lang='lat' dir='ltr'>krale</span> <span class='ocrx_word' id='word_1_83' title='bbox 252 1631 419 1715; x_wconf 79' lang='lat' dir='ltr'>Piemysla</span> <span class='ocrx_word' id='word_1_84' title='bbox 441 1630 586 1697; x_wconf 83' lang='lat' dir='ltr'>Otakara</span> <span class='ocrx_word' id='word_1_85' title='bbox 606 1631 639 1696; x_wconf 95' lang='lat' dir='ltr'>II</span> <span class='ocrx_word' id='word_1_86' title='bbox 660 1632 690 1697; x_wconf 94' lang='lat' dir='ltr'>d.</span> <span class='ocrx_word' id='word_1_87' title='bbox 714 1651 734 1696; x_wconf 84' lang='lat' dir='ltr'>v</span> <span class='ocrx_word' id='word_1_88' title='bbox 756 1631 857 1698; x_wconf 85' lang='lat' dir='ltr'>Praze</span> <span class='ocrx_word' id='word_1_89' title='bbox 878 1632 920 1698; x_wconf 82' lang='grc'>25</span> <span class='ocrx_word' id='word_1_90' title='bbox 943 1633 1104 1715; x_wconf 87' lang='lat' dir='ltr'>liatopadn</span> <span class='ocrx_word' id='word_1_91' title='bbox 1129 1635 1216 1700; x_wconf 77' lang='grc'>1274</span> <span class='ocrx_word' id='word_1_92' title='bbox 1237 1632 1265 1701; x_wconf 76' lang='lat' dir='ltr'>d</span> <span class='ocrx_word' id='word_1_93' title='bbox 1289 1635 1355 1718; x_wconf 89' lang='grc'>22).</span> <span class='ocrx_word' id='word_1_94' title='bbox 1375 1634 1420 1701; x_wconf 82' lang='lat' dir='ltr'>Se</span> 
     </span>
     <span class='ocr_line' id='line_1_12' title="bbox 139 1744 1418 1830; baseline 0.001 -19"><span class='ocrx_word' id='word_1_95' title='bbox 139 1745 245 1812; x_wconf 86' lang='lat' dir='ltr'>eunde</span> <span class='ocrx_word' id='word_1_96' title='bbox 267 1764 343 1813; x_wconf 82' lang='lat' dir='ltr'>vero</span> <span class='ocrx_word' id='word_1_97' title='bbox 365 1746 474 1811; x_wconf 87' lang='lat' dir='ltr'>littere</span> <span class='ocrx_word' id='word_1_98' title='bbox 498 1744 718 1830; x_wconf 83' lang='lat' dir='ltr'>Wenczeslay,</span> <span class='ocrx_word' id='word_1_99' title='bbox 747 1746 802 1811; x_wconf 88' lang='lat' dir='ltr'>aui</span> <span class='ocrx_word' id='word_1_100' title='bbox 832 1746 944 1828; x_wconf 87' lang='lat' dir='ltr'>nostri,</span> <span class='ocrx_word' id='word_1_101' title='bbox 978 1747 1137 1829; x_wconf 85' lang='lat' dir='ltr'>quondam</span> <span class='ocrx_word' id='word_1_102' title='bbox 1165 1748 1258 1830; x_wconf 80' lang='lat' dir='ltr'>regis</span> <span class='ocrx_word' id='word_1_103' title='bbox 1292 1748 1418 1825; x_wconf 87' lang='lat' dir='ltr'>Boemie‚</span> 
     </span>
     <span class='ocr_line' id='line_1_13' title="bbox 135 1858 1419 1943; baseline -0.001 -17"><span class='ocrx_word' id='word_1_104' title='bbox 135 1866 229 1927; x_wconf 86' lang='lat' dir='ltr'>tenor</span> <span class='ocrx_word' id='word_1_105' title='bbox 250 1860 326 1926; x_wconf 91' lang='lat' dir='ltr'>talis</span> <span class='ocrx_word' id='word_1_106' title='bbox 349 1865 416 1925; x_wconf 91' lang='lat' dir='ltr'>est:</span> <span class='ocrx_word' id='word_1_107' title='bbox 439 1858 507 1926; x_wconf 87' lang='lat' dir='ltr'>Nos</span> <span class='ocrx_word' id='word_1_108' title='bbox 529 1859 757 1926; x_wconf 87' lang='lat' dir='ltr'>Wenczeslaus</span> <span class='ocrx_word' id='word_1_109' title='bbox 779 1863 838 1925; x_wconf 88' lang='lat' dir='ltr'>etc.</span> <span class='ocrx_word' id='word_1_110' title='bbox 867 1858 1056 1943; x_wconf 79' lang='lat' dir='ltr'>(Ntsleduje</span> <span class='ocrx_word' id='word_1_111' title='bbox 1076 1861 1172 1926; x_wconf 78' lang='lat' dir='ltr'>cnam</span> <span class='ocrx_word' id='word_1_112' title='bbox 1194 1861 1277 1927; x_wconf 89' lang='lat' dir='ltr'>lietu</span> <span class='ocrx_word' id='word_1_113' title='bbox 1298 1862 1344 1927; x_wconf 82' lang='lat' dir='ltr'>lm.</span> <span class='ocrx_word' id='word_1_114' title='bbox 1365 1858 1419 1925; x_wconf 80' lang='lat' dir='ltr'>Vt·</span> 
     </span>
     <span class='ocr_line' id='line_1_14' title="bbox 138 1971 1415 2058; baseline -0.004 -16"><span class='ocrx_word' id='word_1_115' title='bbox 138 1975 230 2042; x_wconf 77' lang='lat' dir='ltr'>clara</span> <span class='ocrx_word' id='word_1_116' title='bbox 252 1973 285 2040; x_wconf 89' lang='lat' dir='ltr'>Il</span> <span class='ocrx_word' id='word_1_117' title='bbox 306 1973 336 2039; x_wconf 93' lang='lat' dir='ltr'>d.</span> <span class='ocrx_word' id='word_1_118' title='bbox 360 1991 402 2039; x_wconf 86' lang='lat' dir='ltr'>na</span> <span class='ocrx_word' id='word_1_119' title='bbox 424 1972 652 2040; x_wconf 79' lang='lat' dir='ltr'>Poddbradeob</span> <span class='ocrx_word' id='word_1_120' title='bbox 675 1973 715 2037; x_wconf 89' lang='grc'>19</span> <span class='ocrx_word' id='word_1_121' title='bbox 739 1971 891 2038; x_wconf 83' lang='lat' dir='ltr'>dervence</span> <span class='ocrx_word' id='word_1_122' title='bbox 915 1972 998 2039; x_wconf 89' lang='grc'>1290</span> <span class='ocrx_word' id='word_1_123' title='bbox 1021 1971 1046 2038; x_wconf 76' lang='lat' dir='ltr'>b</span> <span class='ocrx_word' id='word_1_124' title='bbox 1069 1971 1136 2054; x_wconf 84' lang='grc'><strong>43).</strong></span> <span class='ocrx_word' id='word_1_125' title='bbox 1163 1972 1232 2039; x_wconf 88' lang='lat' dir='ltr'>Nos</span> <span class='ocrx_word' id='word_1_126' title='bbox 1256 1974 1365 2058; x_wconf 83' lang='lat' dir='ltr'>itaque</span> <span class='ocrx_word' id='word_1_127' title='bbox 1383 1971 1415 2039; x_wconf 95' lang='lat' dir='ltr'>ob</span> 
     </span>
     <span class='ocr_line' id='line_1_15' title="bbox 135 2083 1413 2171; baseline -0.004 -16"><span class='ocrx_word' id='word_1_128' title='bbox 135 2087 312 2171; x_wconf 83' lang='lat' dir='ltr'>singularis</span> <span class='ocrx_word' id='word_1_129' title='bbox 334 2085 457 2154; x_wconf 88' lang='lat' dir='ltr'>fauoris</span> <span class='ocrx_word' id='word_1_130' title='bbox 480 2083 639 2166; x_wconf 79' lang='lat' dir='ltr'>affectum,</span> <span class='ocrx_word' id='word_1_131' title='bbox 668 2104 731 2169; x_wconf 94' lang='lat' dir='ltr'>quo</span> <span class='ocrx_word' id='word_1_132' title='bbox 753 2085 914 2168; x_wconf 91' lang='lat' dir='ltr'>predictos</span> <span class='ocrx_word' id='word_1_133' title='bbox 937 2085 1025 2153; x_wconf 87' lang='lat' dir='ltr'>ciues</span> <span class='ocrx_word' id='word_1_134' title='bbox 1048 2084 1193 2152; x_wconf 85' lang='lat' dir='ltr'>ciuitatis</span> <span class='ocrx_word' id='word_1_135' title='bbox 1216 2085 1413 2154; x_wconf 86' lang='lat' dir='ltr'>Melniceneis</span> 
     </span>
     <span class='ocr_line' id='line_1_16' title="bbox 135 2197 1413 2284; baseline 0 -18"><span class='ocrx_word' id='word_1_136' title='bbox 135 2201 177 2266; x_wconf 90' lang='lat' dir='ltr'>ad</span> <span class='ocrx_word' id='word_1_137' title='bbox 193 2199 412 2284; x_wconf 88' lang='lat' dir='ltr'>ampliandum</span> <span class='ocrx_word' id='word_1_138' title='bbox 435 2200 578 2281; x_wconf 90' lang='lat' dir='ltr'>ipsorum</span> <span class='ocrx_word' id='word_1_139' title='bbox 597 2198 766 2266; x_wconf 94' lang='lat' dir='ltr'>comodum</span> <span class='ocrx_word' id='word_1_140' title='bbox 781 2203 814 2264; x_wconf 93' lang='lat' dir='ltr'>et</span> <span class='ocrx_word' id='word_1_141' title='bbox 828 2197 1005 2281; x_wconf 88' lang='lat' dir='ltr'>profectum</span> <span class='ocrx_word' id='word_1_142' title='bbox 1026 2199 1265 2282; x_wconf 87' lang='lat' dir='ltr'>prosequimur,</span> <span class='ocrx_word' id='word_1_143' title='bbox 1288 2199 1413 2283; x_wconf 81' lang='lat' dir='ltr'>prelatas</span> 
     </span>
     <span class='ocr_line' id='line_1_17' title="bbox 133 2309 1411 2398; baseline -0.005 -17"><span class='ocrx_word' id='word_1_144' title='bbox 133 2314 259 2381; x_wconf 90' lang='lat' dir='ltr'>litteras</span> <span class='ocrx_word' id='word_1_145' title='bbox 282 2319 315 2381; x_wconf 90' lang='lat' dir='ltr'>et</span> <span class='ocrx_word' id='word_1_146' title='bbox 336 2312 511 2398; x_wconf 81' lang='lat' dir='ltr'>priuilegia</span> <span class='ocrx_word' id='word_1_147' title='bbox 533 2317 566 2378; x_wconf 93' lang='lat' dir='ltr'>et</span> <span class='ocrx_word' id='word_1_148' title='bbox 588 2312 695 2378; x_wconf 88' lang='lat' dir='ltr'>omnia</span> <span class='ocrx_word' id='word_1_149' title='bbox 717 2316 866 2378; x_wconf 88' lang='lat' dir='ltr'>contenta</span> <span class='ocrx_word' id='word_1_150' title='bbox 887 2312 921 2376; x_wconf 89' lang='lat' dir='ltr'>in</span> <span class='ocrx_word' id='word_1_151' title='bbox 943 2311 1073 2392; x_wconf 86' lang='lat' dir='ltr'>eisdem,</span> <span class='ocrx_word' id='word_1_152' title='bbox 1096 2315 1194 2395; x_wconf 93' lang='lat' dir='ltr'>prout</span> <span class='ocrx_word' id='word_1_153' title='bbox 1216 2311 1260 2378; x_wconf 89' lang='lat' dir='ltr'>de</span> <span class='ocrx_word' id='word_1_154' title='bbox 1274 2312 1366 2378; x_wconf 83' lang='lat' dir='ltr'>verbo</span> <span class='ocrx_word' id='word_1_155' title='bbox 1379 2309 1411 2375; x_wconf 87' lang='lat' dir='ltr'>ad</span> 
     </span>
     <span class='ocr_line' id='line_1_18' title="bbox 134 2423 1410 2511; baseline -0.002 -16"><span class='ocrx_word' id='word_1_156' title='bbox 134 2427 268 2495; x_wconf 78' lang='lat' dir='ltr'>verbum</span> <span class='ocrx_word' id='word_1_157' title='bbox 288 2429 433 2511; x_wconf 86' lang='lat' dir='ltr'>ipsarum</span> <span class='ocrx_word' id='word_1_158' title='bbox 455 2431 548 2492; x_wconf 85' lang='lat' dir='ltr'>tenor</span> <span class='ocrx_word' id='word_1_159' title='bbox 573 2424 778 2509; x_wconf 88' lang='lat' dir='ltr'>presentibus</span> <span class='ocrx_word' id='word_1_160' title='bbox 801 2428 851 2491; x_wconf 90' lang='lat' dir='ltr'>est</span> <span class='ocrx_word' id='word_1_161' title='bbox 872 2425 1023 2505; x_wconf 88' lang='lat' dir='ltr'>insertus,</span> <span class='ocrx_word' id='word_1_162' title='bbox 1052 2424 1086 2490; x_wconf 93' lang='lat' dir='ltr'>in</span> <span class='ocrx_word' id='word_1_163' title='bbox 1110 2423 1261 2492; x_wconf 90' lang='lat' dir='ltr'>omnibus</span> <span class='ocrx_word' id='word_1_164' title='bbox 1283 2427 1410 2509; x_wconf 87' lang='lat' dir='ltr'>ipsarum</span> 
     </span>
     <span class='ocr_line' id='line_1_19' title="bbox 134 2536 1411 2619; baseline -0.009 -9"><span class='ocrx_word' id='word_1_165' title='bbox 134 2542 289 2610; x_wconf 75' lang='lat' dir='ltr'>clausulis</span> <span class='ocrx_word' id='word_1_166' title='bbox 312 2546 345 2609; x_wconf 89' lang='lat' dir='ltr'>et</span> <span class='ocrx_word' id='word_1_167' title='bbox 367 2540 542 2608; x_wconf 90' lang='lat' dir='ltr'>sentenciis</span> <span class='ocrx_word' id='word_1_168' title='bbox 569 2537 720 2604; x_wconf 88' lang='lat' dir='ltr'>decerta</span> <span class='ocrx_word' id='word_1_169' title='bbox 750 2541 860 2603; x_wconf 89' lang='lat' dir='ltr'>nostra</span> <span class='ocrx_word' id='word_1_170' title='bbox 890 2536 1029 2603; x_wconf 88' lang='lat' dir='ltr'>sciencia</span> <span class='ocrx_word' id='word_1_171' title='bbox 1051 2541 1084 2601; x_wconf 92' lang='lat' dir='ltr'>et</span> <span class='ocrx_word' id='word_1_172' title='bbox 1104 2536 1310 2618; x_wconf 90' lang='lat' dir='ltr'>plenitudine</span> <span class='ocrx_word' id='word_1_173' title='bbox 1337 2536 1411 2619; x_wconf 84' lang='lat' dir='ltr'>regie</span> 
     </span>
     <span class='ocr_line' id='line_1_20' title="bbox 134 2647 1408 2741; baseline -0.009 -18"><span class='ocrx_word' id='word_1_174' title='bbox 134 2655 305 2741; x_wconf 80' lang='lat' dir='ltr'>potestatis</span> <span class='ocrx_word' id='word_1_175' title='bbox 338 2653 562 2737; x_wconf 75' lang='lat' dir='ltr'>approbemus,</span> <span class='ocrx_word' id='word_1_176' title='bbox 597 2652 798 2732; x_wconf 81' lang='lat' dir='ltr'>insonamus,</span> <span class='ocrx_word' id='word_1_177' title='bbox 831 2647 1027 2716; x_wconf 84' lang='lat' dir='ltr'>ratificamus</span> <span class='ocrx_word' id='word_1_178' title='bbox 1057 2652 1090 2713; x_wconf 93' lang='lat' dir='ltr'>et</span> <span class='ocrx_word' id='word_1_179' title='bbox 1118 2649 1281 2731; x_wconf 86' lang='lat' dir='ltr'>presentis</span> <span class='ocrx_word' id='word_1_180' title='bbox 1312 2647 1408 2731; x_wconf 89' lang='lat' dir='ltr'>scripti</span> 
     </span>
     <span class='ocr_line' id='line_1_21' title="bbox 134 2761 1406 2855; baseline -0.009 -17"><span class='ocrx_word' id='word_1_181' title='bbox 134 2769 313 2855; x_wconf 90' lang='lat' dir='ltr'>patrocinio</span> <span class='ocrx_word' id='word_1_182' title='bbox 335 2766 570 2846; x_wconf 86' lang='lat' dir='ltr'>confirmamus,</span> <span class='ocrx_word' id='word_1_183' title='bbox 600 2764 744 2831; x_wconf 86' lang='lat' dir='ltr'>volentes</span> <span class='ocrx_word' id='word_1_184' title='bbox 766 2783 804 2831; x_wconf 88' lang='lat' dir='ltr'>ao</span> <span class='ocrx_word' id='word_1_185' title='bbox 828 2763 1033 2830; x_wconf 89' lang='lat' dir='ltr'>decernentes</span> <span class='ocrx_word' id='word_1_186' title='bbox 1056 2761 1218 2844; x_wconf 89' lang='lat' dir='ltr'>predictas</span> <span class='ocrx_word' id='word_1_187' title='bbox 1243 2764 1406 2830; x_wconf 83' lang='lat' dir='ltr'>litteraset</span> 
     </span>
     <span class='ocr_line' id='line_1_22' title="bbox 136 2876 1407 2968; baseline -0.011 -17"><span class='ocrx_word' id='word_1_188' title='bbox 136 2885 309 2968; x_wconf 76' lang='lat' dir='ltr'>priuilegia</span> <span class='ocrx_word' id='word_1_189' title='bbox 340 2888 373 2948; x_wconf 88' lang='lat' dir='ltr'>et</span> <span class='ocrx_word' id='word_1_190' title='bbox 402 2882 510 2948; x_wconf 91' lang='lat' dir='ltr'>omnia</span> <span class='ocrx_word' id='word_1_191' title='bbox 532 2881 566 2944; x_wconf 93' lang='lat' dir='ltr'>in</span> <span class='ocrx_word' id='word_1_192' title='bbox 588 2879 636 2945; x_wconf 92' lang='lat' dir='ltr'>cis</span> <span class='ocrx_word' id='word_1_193' title='bbox 667 2896 818 2960; x_wconf 83' lang='lat' dir='ltr'>expressa</span> <span class='ocrx_word' id='word_1_194' title='bbox 850 2877 1014 2959; x_wconf 90' lang='lat' dir='ltr'>perpetuis</span> <span class='ocrx_word' id='word_1_195' title='bbox 1046 2876 1248 2958; x_wconf 74' lang='lat' dir='ltr'>temporibus</span> <span class='ocrx_word' id='word_1_196' title='bbox 1281 2877 1407 2945; x_wconf 87' lang='lat' dir='ltr'>obtinere</span> 
     </span>
     <span class='ocr_line' id='line_1_23' title="bbox 132 2990 1406 3074; baseline -0.008 -10"><span class='ocrx_word' id='word_1_197' title='bbox 132 2997 335 3065; x_wconf 91' lang='lat' dir='ltr'>inuiolabilis</span> <span class='ocrx_word' id='word_1_198' title='bbox 368 2995 493 3062; x_wconf 92' lang='lat' dir='ltr'>roboris</span> <span class='ocrx_word' id='word_1_199' title='bbox 527 2992 720 3071; x_wconf 81' lang='lat' dir='ltr'>firmitatem,</span> <span class='ocrx_word' id='word_1_200' title='bbox 754 2995 787 3056; x_wconf 89' lang='lat' dir='ltr'>et</span> <span class='ocrx_word' id='word_1_201' title='bbox 808 2990 936 3056; x_wconf 81' lang='lat' dir='ltr'>eosdem</span> <span class='ocrx_word' id='word_1_202' title='bbox 965 2994 1102 3072; x_wconf 86' lang='lat' dir='ltr'>quatuor</span> <span class='ocrx_word' id='word_1_203' title='bbox 1131 3007 1234 3056; x_wconf 88' lang='lat' dir='ltr'>naues</span> <span class='ocrx_word' id='word_1_204' title='bbox 1257 3009 1315 3074; x_wconf 89' lang='lat' dir='ltr'>per</span> <span class='ocrx_word' id='word_1_205' title='bbox 1334 2990 1406 3072; x_wconf 88' lang='lat' dir='ltr'>ipsos</span> 
     </span>
     <span class='ocr_line' id='line_1_24' title="bbox 134 3101 1406 3187; baseline -0.011 -8"><span class='ocrx_word' id='word_1_206' title='bbox 134 3112 224 3179; x_wconf 84' lang='lat' dir='ltr'>ciues</span> <span class='ocrx_word' id='word_1_207' title='bbox 246 3107 462 3177; x_wconf 84' lang='lat' dir='ltr'>ldelniceuses</span> <span class='ocrx_word' id='word_1_208' title='bbox 484 3108 519 3173; x_wconf 90' lang='lat' dir='ltr'>in</span> <span class='ocrx_word' id='word_1_209' title='bbox 541 3123 624 3187; x_wconf 89' lang='lat' dir='ltr'>aqna</span> <span class='ocrx_word' id='word_1_210' title='bbox 646 3122 704 3169; x_wconf 92' lang='lat' dir='ltr'>sen</span> <span class='ocrx_word' id='word_1_211' title='bbox 724 3102 856 3168; x_wconf 80' lang='lat' dir='ltr'>flumirm</span> <span class='ocrx_word' id='word_1_212' title='bbox 878 3101 977 3168; x_wconf 81' lang='lat' dir='ltr'>Albae</span> <span class='ocrx_word' id='word_1_213' title='bbox 999 3101 1162 3168; x_wconf 88' lang='lat' dir='ltr'>habendas</span> <span class='ocrx_word' id='word_1_214' title='bbox 1184 3107 1308 3170; x_wconf 90' lang='lat' dir='ltr'>etcum</span> <span class='ocrx_word' id='word_1_215' title='bbox 1326 3103 1406 3168; x_wconf 87' lang='lat' dir='ltr'>rebus</span> 
     </span>
     <span class='ocr_line' id='line_1_25' title="bbox 133 3214 1404 3304; baseline -0.011 -11"><span class='ocrx_word' id='word_1_216' title='bbox 133 3232 163 3293; x_wconf 89' lang='lat' dir='ltr'>et</span> <span class='ocrx_word' id='word_1_217' title='bbox 179 3224 341 3292; x_wconf 88' lang='lat' dir='ltr'>mercibus</span> <span class='ocrx_word' id='word_1_218' title='bbox 364 3221 617 3304; x_wconf 90' lang='lat' dir='ltr'>quibuscumque</span> <span class='ocrx_word' id='word_1_219' title='bbox 639 3215 818 3283; x_wconf 89' lang='lat' dir='ltr'>onerandas</span> <span class='ocrx_word' id='word_1_220' title='bbox 840 3234 897 3297; x_wconf 92' lang='lat' dir='ltr'>pro</span> <span class='ocrx_word' id='word_1_221' title='bbox 917 3214 1123 3296; x_wconf 90' lang='lat' dir='ltr'>ipsorumque</span> <span class='ocrx_word' id='word_1_222' title='bbox 1137 3215 1334 3282; x_wconf 82' lang='lat' dir='ltr'>utilitatibus</span> <span class='ocrx_word' id='word_1_223' title='bbox 1349 3230 1404 3281; x_wconf 86' lang='lat' dir='ltr'>cum</span> 
     </span>
     <span class='ocr_line' id='line_1_26' title="bbox 132 3327 1402 3411; baseline -0.012 -5"><span class='ocrx_word' id='word_1_224' title='bbox 132 3339 255 3407; x_wconf 76' lang='lat' dir='ltr'>oisclam</span> <span class='ocrx_word' id='word_1_225' title='bbox 277 3339 311 3405; x_wconf 93' lang='lat' dir='ltr'>in</span> <span class='ocrx_word' id='word_1_226' title='bbox 334 3337 492 3403; x_wconf 89' lang='lat' dir='ltr'>descensu</span> <span class='ocrx_word' id='word_1_227' title='bbox 522 3339 555 3399; x_wconf 91' lang='lat' dir='ltr'>et</span> <span class='ocrx_word' id='word_1_228' title='bbox 582 3349 718 3397; x_wconf 90' lang='lat' dir='ltr'>ascensu</span> <span class='ocrx_word' id='word_1_229' title='bbox 751 3327 953 3411; x_wconf 83' lang='lat' dir='ltr'>nauigandis,</span> <span class='ocrx_word' id='word_1_230' title='bbox 987 3328 1138 3409; x_wconf 88' lang='lat' dir='ltr'>quociens</span> <span class='ocrx_word' id='word_1_231' title='bbox 1165 3331 1198 3393; x_wconf 90' lang='lat' dir='ltr'>et</span> <span class='ocrx_word' id='word_1_232' title='bbox 1220 3329 1347 3411; x_wconf 91' lang='lat' dir='ltr'>quando</span> <span class='ocrx_word' id='word_1_233' title='bbox 1367 3327 1402 3393; x_wconf 90' lang='lat' dir='ltr'>eis</span> 
     </span>
     <span class='ocr_line' id='line_1_27' title="bbox 133 3439 1404 3539; baseline -0.015 -17"><span class='ocrx_word' id='word_1_234' title='bbox 133 3454 287 3539; x_wconf 69' lang='lat' dir='ltr'>expedire</span> <span class='ocrx_word' id='word_1_235' title='bbox 309 3451 480 3530; x_wconf 78' lang='lat' dir='ltr'>ridebitur,</span> <span class='ocrx_word' id='word_1_236' title='bbox 509 3446 674 3530; x_wconf 88' lang='lat' dir='ltr'>perpetuis</span> <span class='ocrx_word' id='word_1_237' title='bbox 700 3441 895 3525; x_wconf 88' lang='lat' dir='ltr'>temporibus</span> <span class='ocrx_word' id='word_1_238' title='bbox 917 3441 1105 3507; x_wconf 82' lang='lat' dir='ltr'>duraturum</span> <span class='ocrx_word' id='word_1_239' title='bbox 1126 3439 1168 3506; x_wconf 93' lang='lat' dir='ltr'>de</span> <span class='ocrx_word' id='word_1_240' title='bbox 1189 3458 1276 3507; x_wconf 95' lang='lat' dir='ltr'>nouo</span> <span class='ocrx_word' id='word_1_241' title='bbox 1299 3441 1404 3516; x_wconf 83' lang='lat' dir='ltr'>damus,</span> 
     </span>
     <span class='ocr_line' id='line_1_28' title="bbox 132 3553 1406 3644; baseline -0.012 -10"><span class='ocrx_word' id='word_1_242' title='bbox 132 3567 337 3635; x_wconf 60' lang='lat' dir='ltr'>‹striccnlimus</span> <span class='ocrx_word' id='word_1_243' title='bbox 368 3570 400 3631; x_wconf 89' lang='lat' dir='ltr'>et</span> <span class='ocrx_word' id='word_1_244' title='bbox 431 3562 642 3644; x_wconf 82' lang='lat' dir='ltr'>indulgemus,</span> <span class='ocrx_word' id='word_1_245' title='bbox 677 3558 819 3622; x_wconf 85' lang='lat' dir='ltr'>volentes</span> <span class='ocrx_word' id='word_1_246' title='bbox 849 3555 960 3633; x_wconf 87' lang='lat' dir='ltr'>eciam,</span> <span class='ocrx_word' id='word_1_247' title='bbox 990 3553 1073 3636; x_wconf 93' lang='lat' dir='ltr'>qnod</span> <span class='ocrx_word' id='word_1_248' title='bbox 1103 3553 1214 3619; x_wconf 89' lang='lat' dir='ltr'>nullus</span> <span class='ocrx_word' id='word_1_249' title='bbox 1249 3554 1406 3628; x_wconf 80' lang='lat' dir='ltr'>bominum,</span> 
     </span>
     <span class='ocr_line' id='line_1_29' title="bbox 131 3664 1406 3765; baseline -0.018 -15"><span class='ocrx_word' id='word_1_250' title='bbox 131 3683 362 3765; x_wconf 84' lang='lat' dir='ltr'>ruinscnmqne</span> <span class='ocrx_word' id='word_1_251' title='bbox 385 3682 499 3757; x_wconf 85' lang='lat' dir='ltr'>status,</span> <span class='ocrx_word' id='word_1_252' title='bbox 522 3670 720 3741; x_wconf 88' lang='lat' dir='ltr'>condicionis</span> <span class='ocrx_word' id='word_1_253' title='bbox 742 3673 799 3734; x_wconf 85' lang='lat' dir='ltr'>snt</span> <span class='ocrx_word' id='word_1_254' title='bbox 820 3665 1054 3749; x_wconf 89' lang='lat' dir='ltr'>preeminencie</span> <span class='ocrx_word' id='word_1_255' title='bbox 1084 3666 1215 3748; x_wconf 85' lang='lat' dir='ltr'>existat,</span> <span class='ocrx_word' id='word_1_256' title='bbox 1248 3686 1306 3734; x_wconf 84' lang='lat' dir='ltr'>sen</span> <span class='ocrx_word' id='word_1_257' title='bbox 1335 3664 1406 3732; x_wconf 85' lang='lat' dir='ltr'>nula</span> 
     </span>
     <span class='ocr_line' id='line_1_30' title="bbox 131 3777 1406 3864; baseline -0.015 0"><span class='ocrx_word' id='word_1_258' title='bbox 131 3794 344 3864; x_wconf 67' lang='lat' dir='ltr'>‹ccurrnnnnitas</span> <span class='ocrx_word' id='word_1_259' title='bbox 367 3792 416 3859; x_wconf 76' lang='lat' dir='ltr'>vel</span> <span class='ocrx_word' id='word_1_260' title='bbox 441 3786 635 3856; x_wconf 84' lang='lat' dir='ltr'>ruinersitas</span> <span class='ocrx_word' id='word_1_261' title='bbox 668 3783 786 3850; x_wconf 90' lang='lat' dir='ltr'>oinium</span> <span class='ocrx_word' id='word_1_262' title='bbox 816 3780 993 3860; x_wconf 85' lang='lat' dir='ltr'>ciuitatum,</span> <span class='ocrx_word' id='word_1_263' title='bbox 1023 3777 1202 3860; x_wconf 89' lang='lat' dir='ltr'>opidorum,</span> <span class='ocrx_word' id='word_1_264' title='bbox 1234 3786 1406 3853; x_wconf 78' lang='lat' dir='ltr'>castrorum,</span> 
     </span>
     <span class='ocr_line' id='line_1_31' title="bbox 132 3889 1408 3988; baseline -0.019 -12"><span class='ocrx_word' id='word_1_265' title='bbox 132 3911 280 3977; x_wconf 78' lang='lat' dir='ltr'>uillarum</span> <span class='ocrx_word' id='word_1_266' title='bbox 316 3926 373 3975; x_wconf 87' lang='lat' dir='ltr'>sen</span> <span class='ocrx_word' id='word_1_267' title='bbox 405 3917 676 3988; x_wconf 90' lang='lat' dir='ltr'>quorumcumque</span> <span class='ocrx_word' id='word_1_268' title='bbox 707 3899 848 3962; x_wconf 91' lang='lat' dir='ltr'>locorum</span> <span class='ocrx_word' id='word_1_269' title='bbox 877 3894 910 3958; x_wconf 91' lang='lat' dir='ltr'>in</span> <span class='ocrx_word' id='word_1_270' title='bbox 938 3911 1036 3975; x_wconf 82' lang='lat' dir='ltr'>regno</span> <span class='ocrx_word' id='word_1_271' title='bbox 1065 3897 1175 3959; x_wconf 89' lang='lat' dir='ltr'>nostro</span> <span class='ocrx_word' id='word_1_272' title='bbox 1205 3892 1341 3960; x_wconf 87' lang='lat' dir='ltr'>Boemia</span> <span class='ocrx_word' id='word_1_273' title='bbox 1367 3889 1408 3956; x_wconf 89' lang='lat' dir='ltr'>nel</span> 
     </span>
     <span class='ocr_line' id='line_1_32' title="bbox 129 4004 1407 4107; baseline -0.019 -15"><span class='ocrx_word' id='word_1_274' title='bbox 129 4032 220 4092; x_wconf 79' lang='lat' dir='ltr'>ostra</span> <span class='ocrx_word' id='word_1_275' title='bbox 244 4022 384 4107; x_wconf 73' lang='lat' dir='ltr'>prefatos</span> <span class='ocrx_word' id='word_1_276' title='bbox 406 4023 532 4084; x_wconf 89' lang='lat' dir='ltr'>nostros</span> <span class='ocrx_word' id='word_1_277' title='bbox 556 4015 644 4082; x_wconf 90' lang='lat' dir='ltr'>ciues</span> <span class='ocrx_word' id='word_1_278' title='bbox 668 4012 701 4076; x_wconf 92' lang='lat' dir='ltr'>in</span> <span class='ocrx_word' id='word_1_279' title='bbox 723 4006 876 4092; x_wconf 85' lang='lat' dir='ltr'>predictis</span> <span class='ocrx_word' id='word_1_280' title='bbox 909 4010 1044 4088; x_wconf 90' lang='lat' dir='ltr'>quatuor</span> <span class='ocrx_word' id='word_1_281' title='bbox 1073 4004 1214 4071; x_wconf 90' lang='lat' dir='ltr'>nauibus</span> <span class='ocrx_word' id='word_1_282' title='bbox 1246 4025 1357 4073; x_wconf 89' lang='lat' dir='ltr'>eorum</span> <span class='ocrx_word' id='word_1_283' title='bbox 1380 4005 1407 4068; x_wconf 90' lang='lat' dir='ltr'>in</span> 
     </span>
     <span class='ocr_line' id='line_1_33' title="bbox 130 4117 1408 4215; baseline -0.022 -8"><span class='ocrx_word' id='word_1_284' title='bbox 130 4139 262 4207; x_wconf 82' lang='lat' dir='ltr'>tlnrnino</span> <span class='ocrx_word' id='word_1_285' title='bbox 279 4136 378 4203; x_wconf 77' lang='lat' dir='ltr'>blbee</span> <span class='ocrx_word' id='word_1_286' title='bbox 398 4132 650 4215; x_wconf 88' lang='lat' dir='ltr'>quibuscumque</span> <span class='ocrx_word' id='word_1_287' title='bbox 671 4123 767 4190; x_wconf 91' lang='lat' dir='ltr'>rebus</span> <span class='ocrx_word' id='word_1_288' title='bbox 791 4138 847 4186; x_wconf 93' lang='lat' dir='ltr'>sen</span> <span class='ocrx_word' id='word_1_289' title='bbox 868 4117 1027 4185; x_wconf 91' lang='lat' dir='ltr'>mercibus</span> <span class='ocrx_word' id='word_1_290' title='bbox 1041 4118 1192 4184; x_wconf 90' lang='lat' dir='ltr'>bouustis</span> <span class='ocrx_word' id='word_1_291' title='bbox 1207 4125 1242 4185; x_wconf 92' lang='lat' dir='ltr'>et</span> <span class='ocrx_word' id='word_1_292' title='bbox 1255 4117 1408 4187; x_wconf 87' lang='lat' dir='ltr'>honeratis</span> 
     </span>
     <span class='ocr_line' id='line_1_34' title="bbox 130 4228 1410 4339; baseline -0.016 -24"><span class='ocrx_word' id='word_1_293' title='bbox 130 4273 186 4339; x_wconf 75' lang='lat' dir='ltr'>pan</span> <span class='ocrx_word' id='word_1_294' title='bbox 209 4252 399 4318; x_wconf 65' lang='lat' dir='ltr'>«inscensum</span> <span class='ocrx_word' id='word_1_295' title='bbox 431 4245 481 4311; x_wconf 91' lang='lat' dir='ltr'>nel</span> <span class='ocrx_word' id='word_1_296' title='bbox 505 4257 674 4308; x_wconf 90' lang='lat' dir='ltr'>ascensum</span> <span class='ocrx_word' id='word_1_297' title='bbox 704 4237 736 4300; x_wconf 91' lang='lat' dir='ltr'>in</span> <span class='ocrx_word' id='word_1_298' title='bbox 766 4233 851 4299; x_wconf 88' lang='lat' dir='ltr'>dicto</span> <span class='ocrx_word' id='word_1_299' title='bbox 880 4230 1011 4296; x_wconf 90' lang='lat' dir='ltr'>flumine</span> <span class='ocrx_word' id='word_1_300' title='bbox 1032 4229 1133 4295; x_wconf 80' lang='lat' dir='ltr'>Albee</span> <span class='ocrx_word' id='word_1_301' title='bbox 1160 4232 1339 4298; x_wconf 78' lang='lat' dir='ltr'>molestare</span> <span class='ocrx_word' id='word_1_302' title='bbox 1367 4228 1410 4296; x_wconf 91' lang='lat' dir='ltr'>uel</span> 
     </span>
     <span class='ocr_line' id='line_1_35' title="bbox 129 4343 1412 4451; baseline -0.022 -16"><span class='ocrx_word' id='word_1_303' title='bbox 129 4366 286 4451; x_wconf 68' lang='lat' dir='ltr'>impendito</span> <span class='ocrx_word' id='word_1_304' title='bbox 308 4359 490 4446; x_wconf 88' lang='lat' dir='ltr'>aliqualiter</span> <span class='ocrx_word' id='word_1_305' title='bbox 512 4356 683 4439; x_wconf 89' lang='lat' dir='ltr'>presumat.</span> <span class='ocrx_word' id='word_1_306' title='bbox 728 4346 817 4413; x_wconf 88' lang='lat' dir='ltr'>Nulli</span> <span class='ocrx_word' id='word_1_307' title='bbox 846 4345 946 4427; x_wconf 82' lang='lat' dir='ltr'>igitur</span> <span class='ocrx_word' id='word_1_308' title='bbox 975 4343 1103 4409; x_wconf 92' lang='lat' dir='ltr'>omnino</span> <span class='ocrx_word' id='word_1_309' title='bbox 1133 4344 1305 4412; x_wconf 91' lang='lat' dir='ltr'>bominum</span> <span class='ocrx_word' id='word_1_310' title='bbox 1325 4346 1412 4413; x_wconf 68' lang='lat' dir='ltr'>licat</span> 
     </span>
     <span class='ocr_line' id='line_1_36' title="bbox 129 4456 1413 4551; baseline -0.022 1"><span class='ocrx_word' id='word_1_311' title='bbox 129 4484 209 4551; x_wconf 78' lang='lat' dir='ltr'>banno</span> <span class='ocrx_word' id='word_1_312' title='bbox 240 4485 349 4546; x_wconf 70' lang='lat' dir='ltr'>illustre</span> <span class='ocrx_word' id='word_1_313' title='bbox 378 4468 643 4546; x_wconf 84' lang='lat' dir='ltr'>confirmacionis,</span> <span class='ocrx_word' id='word_1_314' title='bbox 679 4458 893 4529; x_wconf 90' lang='lat' dir='ltr'>concessionis</span> <span class='ocrx_word' id='word_1_315' title='bbox 923 4462 956 4523; x_wconf 91' lang='lat' dir='ltr'>et</span> <span class='ocrx_word' id='word_1_316' title='bbox 984 4456 1172 4523; x_wconf 91' lang='lat' dir='ltr'>donacionis</span> <span class='ocrx_word' id='word_1_317' title='bbox 1203 4461 1352 4541; x_wconf 74' lang='lat' dir='ltr'>gratim</span> <span class='ocrx_word' id='word_1_318' title='bbox 1371 4460 1413 4524; x_wconf 91' lang='lat' dir='ltr'>in·</span> 
     </span>
    </p>
   </div>
   <div class='ocr_carea' id='block_1_3' title="bbox 127 4569 1415 4680">
    <p class='ocr_par' dir='ltr' id='par_1_3' title="bbox 127 4569 1415 4680">
     <span class='ocr_line' id='line_1_37' title="bbox 127 4569 1415 4680; baseline -0.026 -13"><span class='ocrx_word' id='word_1_319' title='bbox 127 4597 267 4680; x_wconf 80' lang='lat' dir='ltr'>blnann</span> <span class='ocrx_word' id='word_1_320' title='bbox 289 4597 346 4661; x_wconf 89' lang='lat' dir='ltr'>ant</span> <span class='ocrx_word' id='word_1_321' title='bbox 368 4589 397 4657; x_wconf 92' lang='lat' dir='ltr'>el</span> <span class='ocrx_word' id='word_1_322' title='bbox 421 4606 503 4656; x_wconf 88' lang='lat' dir='ltr'>nnsn</span> <span class='ocrx_word' id='word_1_323' title='bbox 524 4577 694 4652; x_wconf 86' lang='lat' dir='ltr'>temerario</span> <span class='ocrx_word' id='word_1_324' title='bbox 716 4572 900 4656; x_wconf 78' lang='lat' dir='ltr'>aliqualiter</span> <span class='ocrx_word' id='word_1_325' title='bbox 925 4571 1093 4638; x_wconf 77' lang='lat' dir='ltr'>conuaira</span> <span class='ocrx_word' id='word_1_326' title='bbox 1137 4569 1173 4637; x_wconf 88' lang='lat' dir='ltr'>Si</span> <span class='ocrx_word' id='word_1_327' title='bbox 1205 4574 1284 4654; x_wconf 88' lang='lat' dir='ltr'>quis</span> <span class='ocrx_word' id='word_1_328' title='bbox 1313 4579 1415 4641; x_wconf 77' lang='lat' dir='ltr'>autem</span> 
     </span>
    </p>
   </div>
   <div class='ocr_carea' id='block_1_4' title="bbox 0 0 1554 5392">
    <p class='ocr_par' dir='ltr' id='par_1_4' title="bbox 0 0 1554 5392">
     <span class='ocr_line' id='line_1_38' title="bbox 0 0 1554 5392; baseline 0 4"><span class='ocrx_word' id='word_1_329' title='bbox 0 0 1554 5392; x_wconf 95' lang='lat' dir='ltr'> </span> 
     </span>
    </p>
   </div>
  </div>
 </body>
</html>
