3098 5392
699 448 773 499 soso.
1303 445 1367 513 815

68 651 150 719 tudo
174 653 332 729 interesse
355 654 535 736 consueuit,
559 673 620 721 nos
640 656 787 724 nolentes
810 656 899 737 ipsos
918 653 1072 738 judicem,
1091 655 1219 738 juratos
1243 662 1277 723 et
1299 657 1368 722 vni·

68 767 260 835 uersitatem
282 767 318 834 in
340 787 453 835 eornm
465 767 630 837 laniabili
645 771 813 854 proposito
829 770 1011 852 confouere‚
1034 774 1071 836 nt
1086 770 1225 854 singulis
1242 772 1366 856 quartis

68 883 162 950 feriis
184 902 205 950 a
227 884 377 966 uesperis
398 888 431 951 ct
454 884 488 952 in
503 885 645 952 crastino
669 885 822 953 uidelicet
844 885 958 970 quinta
978 885 1072 966 feria,
1095 902 1263 969 quousque
1279 885 1367 951 dicta

69 996 172 1063 missa
201 996 409 1081 compleatur,
441 998 476 1064 in
497 998 593 1064 altari
614 999 701 1065 dicte
722 999 840 1065 eclesie
870 1016 987 1082 corpus
1010 997 1208 1065 dominicum
1230 1000 1265 1065 in
1288 1016 1367 1065 uase

70 1111 169 1177 solito
186 1109 237 1178 rol
259 1112 324 1178 alio
346 1106 523 1195 perlucido,
546 1113 629 1179 alias
652 1112 776 1180 adhoc
799 1132 940 1197 congruo
963 1117 997 1179 et
1018 1113 1163 1194 honesto,
1180 1131 1238 1196 per
1260 1131 1366 1179 sacer·

69 1225 164 1291 dotes
192 1225 270 1308 poni
301 1230 334 1292 et
363 1225 398 1291 ln
420 1225 533 1293 eodem
562 1227 658 1292 altari
689 1225 812 1292 servari
834 1227 952 1307 ualeat,
982 1225 1152 1293 licenciam
1181 1226 1364 1309 elargimur.

70 1337 114 1404 Et
135 1343 173 1404 ut
195 1337 318 1404 Christi
340 1334 451 1405 fideles
482 1356 521 1405 eo
544 1338 702 1406 libencius
733 1339 838 1406 eidem
860 1339 960 1405 misse
990 1339 1150 1405 interesse
1172 1340 1365 1420 animentur,

68 1469 133 1533 quo
156 1450 276 1518 ibidem
304 1469 344 1517 en
365 1450 427 1518 hoc
448 1450 580 1519 uberius
606 1452 691 1519 dono
722 1453 853 1519 celestis
876 1452 985 1536 gracie
1008 1454 1235 1536 conspexerint
1257 1471 1294 1520 se
1315 1471 1365 1519 re

68 1564 172 1631 lectos
202 1563 243 1630 de
265 1565 495 1647 omnipotentis
518 1566 580 1633 Dei
609 1564 833 1633 misericordia
863 1570 896 1632 et
916 1565 1084 1633 beatorum
1105 1566 1195 1633 Petri
1217 1572 1251 1632 et
1271 1566 1364 1633 Pauli

68 1679 290 1760 apostolorum
312 1679 385 1746 eius
408 1677 736 1747 auctoritate-confisi
752 1679 900 1746 omnibus
916 1697 992 1745 vere
1007 1678 1228 1762 penitentibus
1244 1684 1277 1746 ct
1292 1699 1365 1747 con·

67 1790 178 1866 fessis,
208 1792 264 1875 qui
287 1793 389 1860 misse
409 1788 565 1876 predicte,
588 1793 716 1875 quoties
738 1793 843 1876 ipsam
865 1792 1030 1859 decantari
1054 1793 1236 1876 contigerit,
1265 1793 1366 1859 inter·

67 1905 200 1988 luerint,
225 1905 308 1973 duos
329 1924 433 1973 annos
456 1911 489 1973 ct
510 1906 645 1975 totidem
667 1907 701 1973 in
724 1906 778 1974 (lie
800 1926 877 1973 vero
892 1907 1084 1974 lestiuitatis
1100 1907 1204 1990 ipsius
1221 1907 1365 1989 corporis

68 2018 192 2085 domini
209 2019 315 2087 nostri
337 2019 435 2087 Ihesu
451 2018 575 2089 Christi
590 2023 731 2106 quinque
745 2040 847 2088 annos
864 2026 897 2087 et
912 2021 1063 2087 similiter
1077 2020 1214 2088 totidem
1228 2019 1365 2104 quadra-

67 2150 169 2216 genas
195 2132 236 2198 de
259 2132 417 2201 iniunctis
442 2135 490 2201 eis
512 2135 706 2217 penitenciis
728 2134 984 2202 misericorditer
1009 2134 1200 2200 relaxamus.
1246 2134 1366 2200 Datum

65 2247 171 2311 Rome
203 2246 292 2328 apud
325 2255 472 2314 sanctum
502 2249 643 2331 Petrum,
678 2267 780 2315 nonas
810 2247 989 2330 Februarii,
1023 2245 1229 2330 pontificatus
1262 2247 1366 2315 nostri

66 2377 154 2425 anno
176 2359 330 2427 secundo.
768 2363 770 2367 '

174 2533 237 2619 [Na
258 2532 372 2624 rubuz]
395 2537 432 2602 R.

778 2646 841 2737 [Na
863 2648 981 2733 ohbu:]
1003 2648 1039 2715 P.
1062 2648 1096 2715 P.
1122 2648 1163 2714 de
1185 2646 1322 2714 Wserob

938 2757 1103 2848 Tbo[mas]
1127 2761 1168 2828 de
1190 2759 1363 2828 Zobannis.

172 2950 246 3022 orig.
270 2967 347 3022 perp.
372 2968 505 3008 smnsen
528 2969 563 3007 m.
586 2953 670 3008 Plane
699 2952 721 3007 b.
751 2958 809 3008 lbb.
844 2952 1017 3009 Solovenou
1044 2950 1140 3007 bullon
1166 2951 1364 3007 nabedbavne:

64 3047 153 3102 §inuio
181 3045 298 3102 berrano
322 3064 340 3103 a
363 3049 443 3115 ilnte,
463 3048 549 3121 barry
574 3047 731 3104 zaubienou
755 3049 972 3119 asiagendou:
1001 3047 1354 3104 Romaanus-Plus·

64 3143 138 3199 VIII.
180 3143 225 3199 Na
254 3144 342 3201 drubc
377 3148 470 3200 stranb
503 3146 579 3216 bully
609 3145 663 3201 dra
694 3145 809 3214 oblibejc
843 3146 920 3216 proti
951 3146 1019 3201 nobb
1050 3146 1186 3201 obrucenc
1217 3161 1230 3199 s
1258 3143 1358 3215 napisy

63 3239 250 3311 S[ANOTUS]
265 3240 430 3311 PA[ULUS]
442 3240 489 3294 ΕΤ
500 3240 684 3312 Smenos]
702 3241 873 3314 PE[TRUS].
891 3241 1013 3296 Plnenitl
1031 3249 1162 3313 napotom
1181 3242 1263 3294 liutem
1275 3259 1303 3293 ae
1315 3241 1365 3293 dne

64 3342 79 3388 1
104 3339 199 3390 &ermae
220 3340 289 3388 1397
306 3335 396 3391 nuduli
421 3337 536 3392 vuloini
556 3335 656 3406 fanals,
680 3337 807 3408 rychtule
829 3354 846 3393 a
866 3338 994 3408 pliseine
1015 3340 1087 3393 mbst
1101 3335 1254 3406 jmenovitb
1271 3335 1363 3406 Nepo-

63 3432 160 3498 muku,
187 3430 296 3499 Inatos,
315 3431 419 3499 Subice,
443 3432 593 3502 Damalin,
621 3435 748 3489 Horiova
768 3433 875 3504 Tynaa
895 3433 1052 3490 chotelova
1076 3432 1262 3502 (honorabiles
1290 3431 1363 3487 viros

65 3537 94 3583 ct
111 3527 241 3583 dominos
261 3529 439 3584 ecclesiarum
458 3530 593 3599 plebanos
613 3538 640 3585 ct
660 3530 769 3600 Judices
789 3537 816 3585 ct
830 3530 939 3599 juratos
958 3530 987 3584 in
1005 3529 1159 3600 Nepomnlr,
1178 3527 1315 3596 Glatonia
1333 3527 1361 3581 in

62 3624 142 3680 Sicca
152 3628 189 3679 'et
205 3629 296 3680 Tasta
313 3633 342 3681 et
358 3624 418 3696 Tyn
431 3625 534 3681 domini
547 3625 749 3697 archiepiscopi
768 3631 796 3680 et
813 3626 841 3679 in
852 3625 1023 3683 Gbotiessow
1043 3632 1070 3679 et
1088 3624 1122 3680 ad
1136 3641 1205 3694 qnos
1219 3630 1361 3694 presentes

61 3721 266 3792 peruenerint),
284 3722 338 3792 aby
357 3721 413 3777 dali
437 3738 473 3792 po
492 3722 629 3778 kostelr'cb
651 3739 669 3778 a
686 3723 773 3778 traicit
791 3722 904 3777 adeleni
921 3722 1097 3793 papelskych
1124 3720 1284 3789 indulgenct
1309 3717 1363 3774 far-

54 3820 140 3886 ‚nimu
154 3816 213 3886 jich
239 3817 350 3872 kostelu
368 3819 505 3889 ophlasiti.
540 3819 738 3887 (Formnlarius
756 3818 893 3874 Iohannis
913 3818 1054 3872 l’rzimdue
1072 3834 1088 3870 r
1107 3817 1218 3873 archiru
1236 3815 1362 3885 kapitoly

61 3912 188 3969 Praislse
208 3913 278 3983 sIgn.
296 3913 323 3970 J.
342 3921 376 3969 lo
400 3930 437 3970 na
454 3915 472 3970 l.
491 3921 541 3970 345
552 3917 575 3969 b.
593 3945 628 3955 —
645 3915 774 3985 Pulaclry,
797 3915 1011 3971 Formelbllcben·
1027 3915 1054 3968 11
1072 3914 1094 3969 b
1113 3915 1183 3982 234).
1203 3944 1236 3952 -
1253 3910 1362 3978 Strnad,

52 3993 159 4065 'Linus
175 4009 218 4065 kr.
237 4026 271 4064 m.
289 4009 374 4064 Plane
393 4009 415 4064 u
436 4016 485 4066 159
506 4026 523 4065 a
545 4014 601 4065 ses.

634 4226 698 4307 Cis.
723 4240 796 4306 637.

449 4429 546 4514 1390,
571 4431 614 4499 13
637 4425 769 4500 tinore.
793 4432 825 4500 V
848 4431 977 4500 Prazc.

55 4624 146 4692 Krbl
175 4622 292 4691 Vodav
314 4623 370 4690 IV
386 4622 471 4689 ἁάυά
496 4623 709 4707 purkmiatru,
740 4623 822 4690 rade!
847 4623 861 4690 ι’
890 4624 941 4689 νὲί
968 4623 1036 4689 obct'
1064 4626 1166 4689 mesta
1189 4622 1361 4707 Budljout'c
