3098 5392
225 439 291 505 554
850 435 925 488 ress.

225 645 449 730 Luthomericz
472 664 555 710 anno
576 644 698 711 domiui
715 629 885 712 millesimo
902 631 1128 711 trecentesimo
1144 630 1412 727 quiuquagesimo
1425 658 1502 720 nono,

224 760 278 826 die
299 758 375 825 XVI
396 757 603 840 Septembris,
633 776 805 840 regnorum
835 764 1017 824 nostrorum
1049 775 1134 824 anno
1148 748 1273 840 'quarto
1295 753 1430 836 decimo,
1458 754 1502 819 im·

224 873 308 956 perii
333 890 408 938 vero
431 871 552 954 quinto.

774 953 837 1044 [Na
861 954 977 1039 ohbuz]
1004 957 1067 1023 Por
1088 955 1254 1024 dominum
1276 954 1471 1023 Miudeusen

1050 1067 1225 1136 Heinricus
1247 1068 1421 1136 Australis.

327 1241 400 1324 Orig.
418 1257 493 1312 perg.
511 1241 658 1297 varchiru
676 1259 711 1295 m.
729 1242 826 1296 Perna
844 1240 964 1296 Smenit
981 1240 1073 1311 pedeti
1089 1240 1235 1320 cisaiskon
1253 1256 1289 1296 na
1306 1256 1384 1310 perg.
1395 1236 1498 1310 prortku

224 1337 440 1395 aarddenouae
458 1337 574 1393 Posern·
576 1337 662 1405 chtt,
679 1335 905 1393 Urkundenbnch
924 1335 973 1392 der
988 1335 1084 1392 Stedte
1095 1312 1223 1393 Dresden
1235 1337 1291 1392 und
1304 1336 1389 1391 Pirna
1399 1340 1443 1390 str
1454 1338 1496 1389 est

787 1603 851 1688 crs.
884 1622 957 1688 ssa

633 1775 730 1854 nsua,
752 1775 796 1843 24
817 1772 909 1846 reu.
930 1777 965 1847 v
981 1776 1110 1845 Prone

226 1949 320 2017 Cisar'
341 1951 440 2015 Κανά
462 1951 484 2015 I
487 1950 517 2013 V
532 1948 617 2015 dove
645 1950 789 2033 rycdte'r'r'
810 1973 830 2016 a
852 1949 1011 2017 tenedum
1040 1954 1143 2017 mesta
1164 1946 1337 2032 Baddjoor'c
1357 1944 1495 2029 ιρνάιιιι

225 2064 327 2130 r'r‘aent
349 2062 471 2145 spitdla
491 2085 510 2127 o
518 2061 588 2146 jicio
608 2066 713 2139 mesti,
743 2063 851 2129 loterou
873 2063 1000 2147 enioy
1021 2063 1073 2146 oya
1094 2062 1189 2128 oveti
1210 2061 1327 2127 misam
1347 2060 1429 2125 icida
1447 2055 1495 2121 dri·

224 2175 406 2242 dooaickddo
428 2179 608 2243 sderoeaou
632 2175 769 2242 caradoc
791 2178 898 2254 Leoni,
929 2199 950 2243 o
971 2178 1020 2262 ji'e
1044 2198 1099 2242 ma
1120 2177 1201 2259 apat
1221 2175 1328 2250 oddal,
1357 2168 1498 2258 poadocd

219 2310 280 2372 pro
296 2290 373 2372 jinci
394 2289 511 2356 mnodo‘
532 2289 731 2356 aamesrnent
751 2288 875 2356 ncmodl
894 2290 993 2372 odet
1015 2295 1066 2357 tea
1087 2288 1143 2355 talc
1158 2288 1353 2373 spraoovou,
1365 2285 1426 2371 jod
1444 2281 1498 2350 uto

464 2404 597 2485 porreta
619 2402 757 2488 tempii
779 2409 846 2469 tom
868 2402 1068 2488 mctkajtctod
1090 2403 1296 2487 oydodooulo.

328 2578 468 2643 Karolus
501 2585 636 2660 quartus
667 2579 779 2645 diuina
808 2580 938 2646 fauente
968 2580 1143 2646 clemencia
1171 2579 1389 2646 Romanorum
1418 2577 1499 2658 impe·

224 2698 310 2759 rator
332 2710 458 2773 semper
481 2696 637 2774 augustus
650 2689 710 2776 [et]
728 2692 861 2759 Boomie
882 2712 947 2760 rex.
962 2693 1072 2759 Judici
1095 2698 1129 2759 et
1145 2692 1266 2775 juratis
1289 2691 1324 2757 iu
1347 2689 1501 2772 Budwops

222 2805 372 2872 fidelibus
396 2805 464 2871 suis
487 2805 625 2887 dilectis,
650 2807 792 2888 graciam
814 2825 906 2873 suam
929 2813 963 2872 et
984 2825 1078 2873 omne
1108 2806 1234 2873 bonum.
1258 2806 1261 2811 '
1281 2804 1376 2870 Licet
1395 2802 1502 2887 pridem

222 2919 379 3001 religioso
401 2918 512 2998 Leoni,
535 2919 690 3001 magistro
714 2918 952 2986 Cruciferorum
974 2938 1046 2986 cum
1068 2920 1163 2985 stella
1188 2917 1361 3001 hospitalis
1383 2912 1503 2999 inpete

223 3032 331 3115 pontis
354 3031 538 3114 ngeusiS,
561 3031 677 3098 deuoto
699 3037 809 3098 nostro
832 3033 960 3114 dilecto,
987 3032 1265 3115 gubernacionem,
1287 3030 1503 3098 tuicionemet

222 3145 365 3226 regimen
387 3144 557 3226 hospitalis
579 3145 679 3210 vestri
702 3145 735 3210 in
750 3145 920 3211 Budenicz
943 3146 1093 3211 duximus
1109 3143 1389 3227 committendum,
1411 3147 1502 3210 tamer

228 3258 305 3340 quia
328 3257 412 3324 idem
435 3259 591 3340 magister
605 3258 670 3324 Leo
691 3259 742 3323 sui
765 3259 935 3341 hospitalis
950 3264 983 3325 et
997 3260 1072 3325 aliis
1096 3258 1243 3342 negociis
1259 3257 1503 3341 quampluribus

228 3376 411 3453 occupatus,
434 3370 571 3453 predicti
605 3353 705 3438 vestri
739 3373 910 3471 hospitalis
944 3373 1172 3455 gubernacioui
1205 3376 1239 3438 et
1270 3372 1424 3456 regimini
1453 3384 1503 3435 nou

224 3488 332 3583 potest
353 3484 530 3565 intendere,
554 3488 650 3587 prout
675 3469 902 3586 pauperibus
893 3505 926 3551 m
949 3485 1062 3554 eodem
1083 3484 1275 3569 degentibus
1298 3490 1387 3553 esset
1408 3498 1503 3551 ueces-

223 3599 345 3665 sarium
376 3604 412 3695 ot
438 3598 539 3665 eciam
570 3583 778 3698 oportunum3
814 3606 1010 3683 quapropter
1042 3598 1206 3666 fidelitati
1223 3604 1334 3665 vestre
1361 3598 1505 3682 guberua-

223 3713 348 3779 cionem
370 3716 403 3778 et
423 3712 568 3795 regimen
598 3695 735 3795 predicti
764 3713 968 3796 hospitalis
958 3734 991 3781 ιιι
1014 3700 1172 3798 Budewys
1201 3713 1433 3782 committimus
1457 3726 1507 3794 per

223 3831 400 3908 presentes,
355 3826 567 3893 esrolentee
591 3832 623 3892 et
644 3826 736 3893 vobis
763 3827 918 3894 seriosius
948 3828 1166 3910 iniungentes,
1199 3831 1359 3912 quatenus
1389 3827 1430 3908 de
1456 3825 1506 3890 hoc

223 3958 280 4005 ros
314 3939 529 4006 intromittere
562 3945 596 4006 et
628 3941 856 4023 gubernacioui
890 3947 924 4007 et
955 3941 1106 4024 regimini
1138 3941 1244 4025 ipsius
1277 3941 1450 4024 hospitalis
1478 3938 1507 4002 in

223 4052 372 4119 omuibus
396 4072 467 4119 cum
490 4052 598 4119 debita
621 4052 840 4120 sollicitudine
863 4039 1032 4121 intendere
1050 4053 1226 4122 efficaciter
1246 4044 1404 4121 debeatis.
1427 4042 1509 4120 Mau·

224 4166 337 4232 dantes
369 4167 515 4233 omnibus
546 4172 578 4233 ct
608 4167 746 4249 singulis
775 4166 925 4234 fidelibus
955 4173 988 4234 et
1018 4167 1156 4235 subditis
1186 4168 1308 4235 nostris
1328 4166 1464 4234 firmiter
1482 4169 1512 4231 et

224 4279 380 4360 districte,
403 4286 438 4344 vt
459 4280 550 4347 vobis
581 4280 720 4346 indicti
750 4281 921 4362 hospitalis
952 4283 1187 4365 commissione,
1218 4267 1513 4366 gubernacioue'et

223 4392 380 4473 regimine
410 4392 582 4459 efficaciter
612 4393 767 4459 assistere
795 4394 942 4477 debeant,
976 4414 1097 4479 vosque
1124 4400 1294 4479 protegere
1324 4395 1465 4464 fideliter
1484 4399 1514 4460 et

224 4506 318 4584 tueri,
343 4506 427 4571 sicut
449 4508 708 4590 indignacionem
730 4515 872 4575 nostram
894 4509 1036 4593 diligunt
1058 4511 1192 4577 euitare.
1226 4511 1439 4578 Preseucium
1459 4507 1516 4576 snb

224 4618 402 4700 imperialis
422 4626 532 4686 nostre
545 4622 726 4688 maiestatis
742 4623 850 4704 sigillo
864 4623 1049 4689 testimonio
1064 4624 1254 4691 litterarum.
1279 4624 1401 4691 Datum
1416 4624 1518 4707 Prsge
