3098 5392
689 478 764 530 rasa.
1308 480 1369 552 931

68 685 177 768 stotlcp
199 681 404 767 apotastare
426 680 501 766 jebo
525 681 661 765 prooem
697 685 899 770 cuono-tapes
920 684 1012 751 aaudla'
1033 685 1127 752 bretti.
1173 686 1297 752 bovum
1318 708 1372 754 aa·

67 799 190 883 kczaje,
214 798 275 882 obp
291 798 388 879 udoop
403 820 424 863 o
439 795 570 880 devedky
585 798 695 864 osir'ete'
711 799 793 863 moct
806 797 878 882 bplp
893 796 1115 865 buccinarent
1127 800 1267 884 ddcciop,
1283 824 1304 867 a
1319 822 1371 868 aa·

67 916 180 998 coraja
201 935 243 990 ec,
265 913 299 979 ic
319 900 427 977 brerae
450 909 617 997 obvpklpcb
639 910 759 979 sirobtto
775 935 797 978 o
812 914 961 999 ooecap‘ct
984 914 1075 981 barat
1094 913 1300 1000 krdlovskp'cb
1318 938 1370 982 ac·

410 1024 488 1093 tede
510 1047 555 1091 na
576 1026 651 1092 nicb
665 1028 778 1111 jiop'cb
795 1028 893 1109 plata
914 1027 1033 1095 sedati.

175 1248 380 1314 Wolllramus
404 1246 457 1313 dei
471 1247 582 1330 gracia
604 1252 715 1313 sancte
738 1247 912 1329 Pragensis
936 1247 1073 1313 ecclesie
1095 1247 1369 1330 archiepiscopus,

65 1363 245 1445 apostolice
268 1362 356 1427 sedis
379 1362 514 1443 legatus.
541 1360 662 1429 Notum
687 1361 824 1428 iacimus
847 1367 960 1427 tenore
974 1362 1180 1444 presencium
1196 1362 1368 1444 uniuersis,

66 1477 153 1558 quod
177 1476 380 1541 attendentes
404 1474 584 1541 honestatis
608 1480 640 1541 et
663 1472 830 1540 fidelitatis
853 1475 979 1555 merita,
1003 1475 1122 1557 quibus
1146 1474 1240 1542 nobis
1255 1474 1367 1542 fideles

66 1589 170 1655 nostri
203 1589 324 1669 dilecti,
364 1588 471 1654 incole
501 1588 612 1670 oppidi
640 1588 895 1655 Rekiczanensis
930 1595 963 1654 et
993 1588 1219 1655 suburbiorum
1253 1589 1367 1671 ipsius,

64 1704 106 1767 ad
130 1704 190 1769 hec
212 1707 361 1783 tempora
383 1702 485 1786 gratis
516 1702 779 1784 complacuerunt
802 1700 981 1783 affectibus,
1012 1707 1261 1784 pensantesque,
1289 1721 1367 1785 qua·

65 1817 141 1882 liter
170 1816 235 1898 ipsi
267 1819 302 1882 in
334 1816 519 1883 municione
549 1815 694 1882 eiusdem
724 1815 836 1898 oppidi
868 1821 1015 1896 sumptus
1038 1814 1184 1881 fecerunt
1213 1835 1277 1882 non
1300 1835 1366 1881 mo·

63 1929 155 1995 dicos
187 1935 220 1995 et
246 1949 304 2013 per
336 1948 469 2013 guerras
499 1948 538 1996 ac
568 1929 654 2012 ignis
684 1929 838 2011 voragine
868 1929 1013 2012 grauiter
1035 1934 1111 1993 sunt
1134 1928 1258 2010 offensi,
1283 1948 1366 1994 com·

63 2044 227 2109 municato
253 2048 438 2110 nostrorum
460 2042 605 2108 fidelium
628 2041 763 2108 consilio
786 2047 819 2107 et
843 2041 1080 2107 deliberacione
1097 2040 1271 2107 sufficienti
1293 2060 1366 2122 pre-

63 2156 176 2224 habita
205 2175 278 2222 cum
304 2157 352 2223 eis
383 2157 465 2223 hanc
495 2155 638 2239 greciam
663 2154 800 2221 iacimus
831 2159 864 2220 et
886 2171 957 2219 eam
990 2154 1224 2221 inuiolabiliter
1254 2160 1366 2222 tenere

64 2270 294 2353 promittimus,
318 2268 405 2352 quod
427 2269 469 2335 ad
492 2271 559 2335 vite
582 2273 692 2334 nostre
714 2274 859 2349 tempora
882 2268 1005 2335 unllam
1029 2268 1274 2335 deuolucionem
1294 2271 1365 2336 siue

63 2385 97 2449 in
121 2382 355 2449 hereditatibus
386 2385 456 2450 sive
489 2383 522 2448 in
546 2381 703 2463 domibus,
733 2381 910 2464 peccuniis‚
942 2381 1059 2463 bladis,
1090 2382 1285 2449 animalibus
1313 2384 1363 2449 vel

61 2497 158 2563 rebus
192 2496 437 2579 quibuscunque
470 2497 544 2563 aliis
580 2497 770 2578 consistant,
808 2493 1053 2578 quomodolibet
1091 2497 1267 2577 cupiemus,
1306 2497 1364 2562 sed

60 2610 189 2677 licitum
221 2611 284 2677 erit
316 2611 450 2678 cuilibet
484 2612 628 2694 ipsorum
662 2610 797 2676 heredes
829 2614 862 2674 et
899 2628 1018 2692 pueros
1052 2628 1115 2676 non
1153 2609 1285 2675 habenti
1323 2610 1364 2676 de

59 2722 159 2790 rebus
191 2723 259 2790 suis
289 2724 487 2806 quibuslibet
516 2728 745 2790 testamentum
777 2728 810 2788 et
841 2721 1091 2804 disposicionem
1122 2723 1184 2789 sibi
1211 2723 1363 2806 placitam

57 2836 177 2918 facere,
208 2837 242 2902 in
267 2838 334 2903 vita
357 2838 479 2919 pariter
502 2837 590 2903 etin
613 2840 726 2902 morte.
772 2836 870 2919 Sique
900 2836 1019 2918 aliquis
1053 2841 1156 2903 morte
1185 2842 1362 2920 prouentus

58 2950 171 3016 subita
201 2951 359 3017 derebus
392 2953 461 3019 suis
492 2950 743 3032 disposicionem
774 2968 839 3016 uon
862 2949 992 3031 feceret,
1023 2949 1106 3015 bona
1129 2951 1275 3018 eiusdem
1296 2970 1360 3020 non

58 3065 102 3130 ad
127 3082 186 3130 nos
210 3082 268 3130 seu
291 3063 404 3130 fiscum
427 3069 585 3145 nostrum,
611 3063 668 3129 sed
691 3063 733 3128 ad
754 3064 916 3145 proximos
940 3063 1050 3145 oppidi
1074 3064 1220 3129 eiusdem
1239 3070 1272 3129 et
1287 3064 1361 3130 sub

61 3178 229 3244 urbiorum
260 3178 392 3260 incolas,
424 3179 452 3243 si
484 3183 602 3259 extent,
633 3177 714 3243 alias
744 3178 788 3243 ad
818 3177 1029 3261 proximiores
1052 3183 1178 3244 tautum
1208 3178 1359 3244 inbonis

54 3292 180 3359 nostris
210 3292 284 3358 aliis
316 3292 469 3375 degentes
493 3291 593 3357 libere
616 3291 848 3372 deuoluantur3
884 3293 918 3357 in
942 3311 1004 3375 quo
1027 3311 1085 3358 nos
1110 3300 1143 3358 et
1165 3293 1267 3359 nostri
1291 3291 1360 3359 offi-

53 3406 157 3474 ciales
189 3406 314 3472 nullum
344 3405 608 3488 impedimentum
638 3405 793 3472 faciemus
823 3424 883 3471 nec
912 3405 984 3471 fieri
1015 3407 1201 3489 aliqualiter
1227 3408 1359 3488 permit·

53 3527 173 3586 temus.
197 3520 288 3601 Item,
313 3521 460 3602 quamuis
485 3520 573 3601 prius
590 3518 711 3585 iactum
733 3538 798 3585 non
820 3520 1011 3602 reperimus,
1035 3538 1093 3586 nec
1109 3520 1151 3585 nd
1167 3519 1233 3586 vite
1248 3526 1359 3586 nostre

50 3641 201 3715 tempora
230 3632 301 3700 fieri
330 3636 488 3715 volumus,
512 3653 618 3718 ymmo
641 3635 754 3716 pocius
777 3634 975 3715 inhibemus,
1001 3652 1042 3700 ne
1067 3634 1283 3717 purggrauius
1306 3636 1358 3701 vel

50 3748 142 3816 elius
170 3745 318 3813 officialis
343 3758 452 3814 noster
475 3748 590 3813 viduas
614 3749 665 3813 vel
682 3748 841 3830 orphanos
866 3767 923 3813 seu
946 3747 1031 3814 filias
1046 3748 1190 3829 ipsorum
1213 3767 1271 3832 per
1289 3748 1356 3814 vio-

51 3860 195 3929 lenciam
211 3861 244 3925 in
261 3861 502 3926 matrimonium
517 3862 668 3928 seruitori
686 3864 736 3928 vel
753 3863 901 3943 cuiquam
918 3862 1035 3942 tradat,
1052 3880 1112 3927 nec
1134 3880 1193 3928 nos
1209 3862 1242 3928 id
1258 3862 1357 3931 iacie-

49 3993 126 4043 mus
150 3978 206 4038 aut
226 3973 298 4039 fieri
321 3975 551 4055 permittemus.
568 3976 705 4058 Insuper
728 3995 765 4041 ex
790 3976 1026 4058 complacencia
1043 3975 1136 4041 nobis
1153 3994 1211 4058 per
1226 3976 1357 4045 eosdem

52 4093 186 4157 nostros
215 4087 328 4153 fideles
361 4088 503 4154 exhibita
525 4091 742 4172 promittimus
773 4090 814 4155 ad
837 4090 904 4155 vite
926 4094 1037 4155 nostre
1058 4094 1203 4173 tempora
1226 4090 1356 4160 eosdem

50 4202 169 4271 fideles
201 4208 329 4268 nostros
354 4201 488 4269 dilectos
520 4209 685 4270 eteorum
710 4222 913 4270 successores
944 4204 986 4269 ad
1008 4205 1129 4270 nullam
1152 4208 1355 4274 exacciouem

49 4336 113 4385 seu
153 4315 430 4383 contribucionem
469 4317 561 4384 uobis
596 4319 842 4402 impendendam
878 4319 1078 4401 compellere,
1113 4317 1170 4385 sed
1205 4321 1354 4390 censibus

46 4431 175 4499 nostris
198 4435 232 4495 et
253 4430 362 4496 bernis
385 4432 549 4514 regalibus
573 4432 779 4515 generalibus
803 4433 907 4500 solitis
935 4441 967 4500 et
991 4434 1155 4502 consuetis
1178 4437 1352 4517 persolutis

44 4563 106 4613 eos
140 4548 251 4609 tenere
281 4544 427 4626 graciose
460 4546 494 4610 in
525 4547 670 4628 plenaria
699 4548 857 4613 libertate.
906 4547 1029 4615 Harum
1056 4553 1240 4618 nostrarum
1262 4553 1354 4620 testi·

43 4656 159 4726 monio
183 4656 376 4740 litterarum²
404 4660 520 4741 quibus
546 4661 653 4743 sigilla
677 4667 787 4728 nostre
811 4662 850 4728 de
873 4669 962 4730 certa
984 4669 1096 4732 nostra
1113 4666 1255 4733 sciencia
1276 4673 1353 4733 sunt

1143 4812 1193 4866 oo*
