3098 5392
127 467 193 532 214
751 460 828 512 raas.

129 690 288 755 sexagena
307 671 468 751 lignorum
489 668 651 750 wlgariter
671 667 788 734 balken
811 667 974 734 dictorum
989 670 1133 749 quatuor
1155 664 1288 746 denarii,
1308 664 1340 732 de
1355 681 1387 730 sc

132 804 256 868 xagena
278 784 447 865 lignorum,
478 800 540 864 que
562 782 596 846 in
618 782 698 863 wige
722 786 950 863 nuncupantur
972 779 1112 862 sparrin,
1143 779 1209 847 duo
1230 779 1348 859 denarii,
1364 777 1390 842 dc

135 914 294 978 sexagena
316 912 488 976 paruarum
510 894 651 960 trabium
673 893 825 959 denarius
853 911 935 958 vnus
956 893 1061 974 detur,
1084 892 1127 958 de
1149 894 1311 976 sexaginta
1329 910 1391 958 seu·

130 1011 222 1093 genis
235 1007 376 1074 eilindrii
388 1011 525 1088 quatuor
543 1006 678 1087 denarii,
695 1007 736 1071 de
748 1006 917 1088 sexaginta
929 1005 1101 1088 sexagenis
1117 1005 1392 1072 stucschinuibocb

132 1121 266 1200 denarii,
294 1119 334 1184 de
357 1120 524 1201 sexaginta
547 1120 715 1200 sexagenis
738 1118 948 1184 beeherhoicz
970 1123 1043 1184 octo
1065 1117 1204 1185 denarii.
1241 1118 1341 1201 Lapis,
1357 1116 1393 1198 qui

133 1235 167 1300 in
189 1235 259 1301 vloa
290 1232 418 1297 ducitur
446 1232 541 1312 intra,
572 1231 627 1297 det
649 1231 729 1297 duos
753 1231 915 1312 denarios,
945 1231 1030 1313 lapis
1063 1229 1174 1297 dictus
1197 1231 1303 1298 scbaie
1326 1246 1395 1295 mun

134 1348 239 1414 soluat
263 1346 447 1424 denarium;
479 1345 558 1411 item
581 1346 609 1410 si
632 1345 716 1426 lapis
739 1344 869 1410 ducitur
899 1344 933 1409 in
956 1362 1064 1426 curru,
1087 1345 1140 1410 vel
1163 1345 1260 1412 aliter
1280 1343 1395 1431 quanin

136 1478 241 1540 curru
272 1459 362 1525 dabit
384 1458 479 1539 idem,
514 1458 599 1540 quod
628 1457 721 1522 daret
743 1457 860 1523 ductus
883 1476 982 1539 super
1004 1475 1139 1538 aquam;
1170 1459 1212 1525 de
1233 1458 1335 1542 lapide
1351 1455 1396 1522 alii·

133 1574 216 1639 stein
252 1592 349 1638 vnum
383 1572 558 1637 denarium.
604 1571 695 1652 Item,
728 1571 769 1637 de
800 1577 927 1637 carrata
960 1572 1067 1637 mellis
1099 1571 1196 1637 debir
1228 1591 1307 1638 rnus
1331 1571 1396 1637 terte

133 1687 287 1752 Mensura
309 1685 452 1750 sturnicz
474 1684 562 1749 dicta
583 1685 688 1750 mellis
719 1684 754 1749 in
768 1685 937 1750 Boemiam
953 1684 1102 1750 ducenda
1124 1688 1193 1751 tres
1209 1685 1311 1751 sniuet
1329 1684 1397 1750 deu

137 1800 220 1879 ri0s;
246 1818 357 1865 currus
379 1798 485 1864 mellis
508 1798 641 1863 veniens
664 1797 704 1863 de
722 1798 880 1864 Budissin
903 1798 954 1863 vel
977 1797 1018 1863 de
1040 1798 1192 1864 Dreaden
1215 1817 1274 1865 seu
1293 1798 1331 1865 de
1347 1815 1397 1874 quc

135 1930 271 1993 cumque
293 1911 357 1976 alio
379 1912 449 1977 loco
472 1911 716 1991 quatuordecim
737 1911 888 1977 denarios
911 1911 1039 1977 sciuere
1060 1916 1220 1977 teneatur.
1255 1912 1303 1978 De
1320 1925 1398 1978 masa

134 2023 250 2105 stagni,
274 2022 396 2104 plumbi
413 2024 464 2088 vel
481 2023 583 2105 cupri,
608 2041 670 2105 que
693 2024 726 2088 in
749 2024 830 2105 wigo
846 2023 967 2089 dicitur
981 2025 1054 2106 last,
1077 2024 1208 2091 medius
1229 2024 1309 2091 ferto
1324 2024 1398 2099 datu,

133 2137 338 2201 centenarius
361 2136 579 2217 predictorum
602 2138 683 2204 duos
706 2137 760 2202 det
782 2137 945 2218 denarios,
975 2137 1059 2219 lapis
1082 2139 1259 2205 eorundem
1290 2138 1400 2205 medium

134 2249 310 2314 denarium.
354 2249 444 2330 Item,
468 2252 588 2332 patella
618 2251 659 2316 ad
680 2251 880 2316 braxandum
901 2250 989 2317 iacta
1012 2252 1053 2317 de
1075 2252 1223 2335 quaiibct
1253 2253 1329 2333 acie,
1346 2266 1400 2332 qna·

133 2366 207 2426 tuor
229 2361 388 2428 denarios.
433 2362 524 2444 Item,
559 2369 686 2429 centum
709 2364 945 2446 quinquaginta
977 2369 1069 2430 cutes
1098 2364 1213 2431 bonini
1242 2367 1293 2433 vel
1320 2360 1401 2447 equid

140 2473 231 2554 corii,
262 2474 357 2540 ducte
387 2474 427 2540 de
448 2455 583 2542 Boemia
609 2478 659 2542 vel
681 2482 770 2542 trans
801 2476 936 2542 Albeam
958 2478 1010 2543 vei
1032 2477 1074 2544 de
1097 2497 1299 2564 quacumque
1325 2477 1404 2544 abens

133 2592 233 2668 terra,
257 2607 315 2669 pro
339 2588 496 2654 conductu
516 2588 639 2655 dabunt
652 2589 792 2655 mediam
814 2607 964 2672 marcam,
989 2591 1018 2655 si
1040 2594 1150 2657 autern
1168 2592 1277 2659 incola
1291 2587 1404 2660 ciuitatis

137 2700 203 2765 tale
226 2700 350 2766 cerium
371 2701 551 2784 adduxerit,
581 2702 663 2767 nihil
686 2702 784 2768 dabit.
832 2701 969 2768 Centum
991 2707 1081 2769 cums
1103 2703 1225 2771 hircini
1252 2706 1303 2773 vei
1321 2697 1406 2771 bonini

135 2813 214 2879 corii
228 2813 338 2880 decem
351 2814 510 2896 denarios,
527 2820 656 2881 centnm
668 2815 807 2881 cuticule
818 2815 981 2897 agnelline
993 2816 1165 2883 dimidium
1180 2817 1292 2899 lotum,
1306 2821 1407 2885 tantun

135 2944 211 2992 vero
234 2926 360 2993 bircine
382 2928 533 3011 pellicula
555 2932 692 3012 quatuor
711 2928 861 2995 denarios
884 2928 962 2995 dare
977 2929 1113 3011 debent;
1136 2930 1224 2997 cutis
1242 2950 1349 2999 recens
1367 2943 1407 2995 su

136 3039 235 3104 cruda
266 3039 436 3107 dimidium
466 3041 557 3107 dabit
578 3040 755 3106 denarium.
801 3041 892 3123 item,
923 3043 1039 3125 sagina
1061 3042 1221 3110 nobilium
1247 3058 1408 3127 pannorum,

137 3170 199 3233 que
222 3152 256 3216 in
279 3154 360 3235 wigo
382 3154 464 3220 seim
486 3153 615 3236 dieitur,
645 3154 783 3218 alterum
805 3153 975 3219 dimidium
997 3153 1174 3236 fertonem
1205 3176 1288 3223 vnns
1308 3168 1409 3240 pennu

136 3262 254 3329 nobilis
293 3266 458 3333 Boemiam
498 3267 664 3334 ducendus
698 3272 835 3347 quatuor
868 3267 1019 3334 denarios
1052 3267 1160 3350 dabit,
1193 3284 1278 3337 rnns
1309 3282 1409 3354 pennu

135 3375 245 3441 breuis
278 3378 440 3445 Renensis
472 3381 524 3446 vei
546 3380 719 3463 Pcprensis
752 3384 820 3446 tres
850 3380 1011 3463 denarios,
1044 3399 1172 3464 pannus
1201 3383 1238 3449 in
1267 3378 1410 3467 prouincit

136 3486 240 3554 tractus
264 3491 347 3558 (tuos
371 3493 531 3574 denarios,
555 3498 588 3559 et
610 3494 639 3558 si
655 3494 761 3559 incola
777 3494 921 3560 ciuitatis
945 3494 1050 3561 dictos
1072 3514 1197 3579 pannos
1220 3497 1256 3563 in
1270 3496 1410 3564 Boemiuu

138 3600 277 3685 cluserit,
301 3606 392 3672 dabit
413 3607 555 3673 medium
576 3608 777 3688 theloneum3
800 3626 926 3690 pannus
949 3608 983 3673 in
1005 3602 1155 3674 Dreaden
1177 3609 1285 3677 factus
1305 3616 1338 3677 et
1355 3624 1409 3673 rau·

138 3713 225 3779 ditus
248 3738 346 3787 vnum
369 3722 546 3803 dcrrarinm,
569 3740 694 3804 pannus
718 3723 751 3787 in
768 3722 902 3787 ciuitate
923 3721 1058 3804 incisus,
1081 3722 1110 3788 si
1133 3723 1330 3807 deportatur,
1350 3716 1409 3789 rutil

139 3825 194 3889 det
216 3834 249 3893 et
272 3835 375 3899 omnis
398 3852 525 3915 pannus
546 3836 693 3917 precisus
715 3835 795 3900 nihil
819 3834 918 3900 dabit
963 3834 1054 3916 Item,
1085 3842 1213 3902 carrata
1236 3838 1304 3903 riui
1324 3830 1407 3921 gelid,

141 3944 296 4026 vrrgurici,
326 3948 492 4014 aristralici
516 3950 566 4015 vel
589 3949 716 4014 alsatici
738 3966 836 4013 vnum
857 3945 1017 4013 fertonem
1038 3953 1071 4013 et
1092 3949 1174 4016 duos
1197 3968 1337 4033 grossus,
1361 3962 1410 4015 eu·

141 4057 210 4115 ratu
236 4057 301 4123 vini
326 4061 464 4127 aclducta
487 4063 568 4128 duos
592 4080 721 4144 grossos
745 4062 866 4142 soluet;
898 4062 928 4128 si
950 4062 1076 4128 aduena
1097 4062 1235 4130 adducit
1262 4064 1410 4148 propius

142 4162 172 4225 iu
199 4168 342 4254 ciuitate,
365 4174 446 4241 nihil
470 4175 558 4240 dabit
589 4195 646 4257 pro
667 4175 827 4255 thelonea,
858 4174 915 4240 scd
937 4174 1064 4241 ciuibus
1086 4174 1178 4241 dabit
1199 4174 1355 4244 fertonem
1369 4186 1412 4256 prb

141 4294 239 4343 ‹zcrrsu
265 4286 384 4352 cattarii.
431 4287 522 4367 Item,
552 4287 728 4354 boemicalc
751 4289 936 4353 theloneum
969 4288 1010 4353 de
1032 4289 1116 4355 saie:
1153 4288 1221 4373 Sal,
1242 4292 1329 4373 quod
1347 4302 1414 4356 neb·

141 4400 271 4458 sinatur
295 4400 326 4462 in
352 4400 427 4464 l’irn
459 4419 496 4467 ex
519 4419 603 4466 narie
636 4408 669 4466 ct
700 4402 829 4468 ducitur
858 4403 891 4467 in
914 4402 1090 4483 Boemiam,
1120 4402 1161 4467 de
1192 4412 1324 4472 centum
1348 4418 1416 4471 nen·

142 4505 237 4585 sciris,
270 4530 332 4593 quc
355 4516 387 4578 in
411 4515 491 4597 ulgo
515 4516 592 4580 sech
614 4515 743 4591 dicitur,
774 4516 855 4582 duos
878 4534 1009 4598 grossos
1032 4515 1139 4597 dabit;
1161 4519 1252 4601 item,
1276 4521 1308 4586 si
1329 4512 1419 4585 saldt

141 4620 288 4688 curribus
312 4627 352 4690 ad
376 4647 491 4692 nauem
514 4632 659 4709 portatur
682 4636 714 4694 et
737 4649 865 4695 surarum
887 4629 1027 4711 ducitur,
1053 4629 1094 4695 de
1115 4636 1250 4698 centum
1279 4628 1422 4702 mensuris
