3098 5392
217 425 280 492 928
836 424 911 476 1aea.

217 638 354 707 nostros,
368 633 520 699 Boemiae
533 650 636 715 reges,
653 632 693 698 de
707 632 872 697 braxanda
887 633 1045 699 cerevisia
1061 651 1119 699 seu
1135 634 1176 698 de
1191 632 1351 700 habendis
1365 639 1521 718 operariis

217 754 249 813 et
270 747 468 813 mechanicis
492 748 537 813 sit
559 747 728 828 indultum,
753 746 870 829 quibus
893 766 952 829 per
974 752 1177 830 praesentem
1200 749 1446 815 revocationem
1469 770 1520 816 no·

217 866 318 928 stram
339 861 464 927 nullum
479 861 612 943 penitus
630 861 778 926 volumus
795 860 1030 943 praejudicium
1045 880 1202 944 generare
1216 867 1249 928 et
1263 862 1298 928 in
1314 880 1439 944 casum,
1461 883 1521 947 quo

217 992 369 1058 processu
393 974 547 1056 temporis
570 992 609 1040 ex
633 973 803 1055 oblivione,
827 975 1065 1040 inadvertentia
1088 993 1147 1040 seu
1169 976 1211 1040 ad
1233 976 1441 1058 importunas
1464 979 1519 1042 ali-

218 1107 353 1171 quorum
370 1105 481 1169 preces
498 1086 654 1169 praelatis
678 1087 850 1171 oppidanis
865 1089 899 1153 in
917 1086 1057 1154 Cladrub
1069 1088 1196 1169 aliquas
1208 1089 1322 1156 literas
1339 1089 1419 1157 huic
1433 1109 1521 1157 reve

218 1201 339 1269 cationi
362 1207 492 1268 nostrae
507 1202 686 1267 contrarias
709 1201 787 1267 dare
801 1201 911 1268 forsan
927 1203 1137 1284 contingeret,
1164 1203 1223 1269 hos
1239 1203 1366 1269 nullius
1382 1222 1457 1270 esse
1470 1225 1521 1270 vo-

217 1318 323 1381 lumus
347 1316 477 1398 penitus
499 1314 625 1382 roboris
656 1316 708 1380 vel
729 1316 891 1381 momenti.
916 1315 1141 1383 Praesentium
1164 1316 1224 1382 sub
1254 1318 1370 1399 regiae
1393 1323 1520 1385 nostrae

218 1429 400 1496 maiestatis
413 1429 521 1511 sigillo
535 1427 722 1494 testimonio
736 1428 927 1495 litterarum.
944 1429 1066 1494 Datum
1080 1428 1205 1511 Pragae
1216 1446 1302 1496 anno
1314 1430 1442 1497 domini
1452 1431 1519 1496 mil-

220 1545 333 1610 lesimo
356 1543 582 1609 trecentesimo
604 1543 813 1625 nonagesimo
836 1562 930 1623 nouo,
953 1541 1007 1608 die
1031 1547 1121 1608 sexta
1143 1542 1325 1626 Februarii,
1348 1563 1518 1628 regnorum

218 1661 401 1724 nostrorum
424 1674 508 1722 anno
531 1656 685 1723 Boemiae
706 1656 871 1723 tricesimo
896 1660 996 1737 sexto,
1020 1656 1238 1722 Romanorum
1261 1676 1339 1724 vero
1365 1659 1515 1725 vicesimo

217 1771 328 1836 tercio.

773 1900 826 1965 Ad
848 1900 1038 1965 relationem
1060 1898 1514 1980 Sigismundisubcamerarii

892 2012 1081 2080 Wlachnico
1104 2013 1146 2079 de
1168 2011 1411 2096 Weytenmille

321 2152 358 2217 R.
384 2150 548 2219 iohannes
572 2152 612 2218 de
633 2153 802 2235 Bamberg.

322 2340 466 2395 Obsaieno
484 2359 499 2394 v
512 2341 674 2396 lvonfirmaci
692 2341 829 2412 privilegii
840 2345 930 2398 mesta
941 2342 1048 2397 Stiibra
1058 2342 1147 2396 menie
1160 2342 1332 2412 Leopoldal
1352 2344 1378 2398 d.
1391 2360 1409 2396 v
1420 2345 1514 2398 noers-

218 2436 296 2490 dorft
316 2442 347 2491 18
360 2435 491 2491 terrenos
504 2442 572 2492 1668
591 2453 608 2491 a
625 2437 749 2492 ehovane
767 2453 783 2490 v
796 2437 862 2506 orig.
875 2455 892 2490 v
905 2437 1018 2493 archivn
1035 2437 1117 2493 tehot
1135 2439 1233 2493 mista
1246 2467 1282 2481 -
1294 2420 1391 2510 (isaki
1402 2439 1511 2511 plelrlad

217 2531 313 2586 tohoto
327 2533 393 2587 listu
410 2531 455 2586 tte
464 2549 503 2613 >se
515 2550 532 2586 v
544 2531 706 2589 koniirmaci
723 2534 801 2587 krale
819 2533 979 2588 Vladislava
997 2533 1023 2587 d.
1035 2549 1073 2587 na
1085 2532 1195 2588 Bndint
1213 2540 1229 2589 9
1243 2550 1333 2605 srpna
1347 2541 1435 2591 1498:
1454 2537 1514 2602 ‚aba

216 2627 307 2696 iadny
319 2644 335 2680 v
346 2628 420 2683 adali
433 2628 520 2696 jedne
538 2629 602 2683 mile
621 2628 656 2683 od
675 2628 859 2697 kralovslrych
876 2631 948 2684 mest
967 2626 1064 2684 naiich
1076 2628 1141 2683 trhu
1152 2629 1316 2686 tehodneho
1335 2632 1456 2699 ποιῆθ’,
1473 2631 1512 2685 ob-

218 2725 318 2778 saiene
336 2740 353 2777 v
371 2725 458 2778 ternio
477 2724 626 2793 maiestttu
644 2724 732 2780 eisaie
750 2723 895 2794 Leopolda
912 2724 932 2779 L

786 2992 850 3073 (ils.
876 3007 947 3072 718.

537 3194 633 3274 1399,
656 3195 700 3264 26
724 3197 858 3264 uinora.
880 3193 937 3263 Na
961 3193 1200 3264 Kilvoklatt.

215 3387 380 3452 Krciloona
404 3369 486 3469 Zofie
501 3390 665 3471 potererp'e
687 3387 762 3469 iiaty
784 3385 873 3453 irruite
894 3388 985 3454 Janc
1007 3409 1028 3451 a
1050 3385 1195 3452 mantela
1216 3387 1311 3453 socho
1334 3387 1426 3455 crae
1455 3389 1507 3453 Vri·

216 3499 307 3565 clavo
330 3501 352 3565 Ι
355 3501 388 3575 V,
419 3499 554 3584 tterp‘ma'
581 3501 739 3584 obyvatelc'
769 3505 848 3567 mest
875 3503 1036 3567 Tratnooa
1066 3523 1087 3566 a
1108 3501 1249 3567 Krriioai
1270 3502 1396 3578 Deera,
1424 3500 1512 3586 jckol

259 3612 355 3696 ejici
378 3611 493 3679 olcrs'kat
515 3615 627 3696 optati
648 3615 713 3697 sylv·
734 3615 951 3696 cprdoomoci
973 3612 1143 3699 lrajslp'cl
1168 3614 1294 3680 undae
1319 3638 1341 3681 a
1364 3615 1472 3681 smodi.

319 3804 476 3888 Zophia¹)
512 3807 565 3872 dei
587 3809 697 3890 gracia
719 3807 935 3874 Romanorum
969 3814 1002 3874 et
1024 3807 1156 3874 Boemie
1188 3807 1277 3890 regis
1310 3809 1510 3877 conthoralis

216 3921 366 4001 princeps
389 3918 570 4001 Bauariel)
594 3920 715 3986 Notum
735 3920 872 3988 facimus
887 3927 1000 3987 tenore
1016 3920 1220 4003 presencium
1235 3921 1412 4004 uniuersis,
1435 3919 1510 4004 quod

215 4032 349 4112 nobiles,
380 4032 510 4111 milites,
542 4033 686 4113 clientes,
721 4034 836 4099 vasalli
870 4052 993 4100 necnon
1027 4033 1117 4099 ciues
1151 4032 1325 4100 ciuitatum
1358 4033 1458 4101 Curia
1485 4041 1509 4098 et

215 4147 366 4211 Trutnow
397 4164 572 4228 omnesque
601 4148 706 4213 incole
735 4149 894 4214 territorii
918 4167 975 4213 sen
999 4147 1170 4214 districtus
1192 4147 1461 4229 Trutnovviensis
1480 4146 1510 4212 fi·

216 4259 303 4324 deles
327 4260 429 4325 nostri
453 4260 574 4341 dilecti,
605 4259 794 4327 accedentes
828 4268 971 4328 nostram
1002 4261 1205 4345 presenciam
1225 4259 1323 4327 nobis
1354 4263 1511 4329 humiliter

216 4390 287 4436 cum
311 4372 471 4438 instancia
495 4373 727 4455 supplicarunt,
762 4379 921 4455 quatenus
944 4376 1027 4457 ipsis
1050 4381 1083 4441 et
1104 4375 1249 4458 ipsorum
1272 4376 1509 4444 successoribus

216 4483 385 4565 legittimis
409 4485 569 4567 quoddam
593 4487 801 4569 priuilegium
830 4506 885 4553 seu
910 4489 1053 4555 litteram
1075 4486 1307 4556 ratificacionis
1332 4509 1392 4556 seu
1417 4496 1450 4558 st
1470 4491 1510 4555 in·

216 4598 405 4664 nouacionis
429 4618 487 4681 per
503 4600 745 4665 serenissimum
768 4602 946 4684 principem
967 4609 999 4668 et
1016 4603 1181 4669 dominum
1203 4602 1445 4688 Wenceslaum‚
1466 4602 1510 4669 dei
