3098 5392
51 459 117 525 Ε
656 463 731 516 1860.

46 668 147 747 niuno
167 669 275 732 animo
297 672 330 733 et
352 673 443 750 gnta
463 669 675 736 meditatione
694 673 780 737 intre
796 673 936 754 pectoris
958 678 1072 741 nosne
1094 676 1234 743 archana
1256 696 1314 760 pen·

51 782 133 845 saris
145 779 306 861 ideb‘nsu,
327 783 430 864 m
446 784 619 865 plurimum
639 789 672 850 et
686 786 827 868 acceptis
850 787 1009 870 serviciis,
1032 807 1098 872 que
1112 787 1225 858 fideles
1237 791 1314 857 nosti

46 895 169 960 dilecti
199 896 314 962 Petrus
342 896 503 980 quondm
523 897 646 964 llatbie
667 898 708 964 de
728 899 824 982 Egra,
852 901 951 984 judex
974 901 1139 986 sacensis,
1171 909 1205 971 et
1231 904 1314 986 Agnes

48 1010 247 1076 einch-sniis
269 1030 338 1077 m
359 1017 506 1093 prompte
525 1016 559 1077 et
580 1012 703 1078 utiliter
731 1014 818 1081 omui
846 1015 1075 1096 possibilitatis
1106 1035 1168 1084 sue
1198 1017 1314 1083 valencia

51 1124 240 1190 reltsitudini
262 1136 371 1191 nostre
391 1124 557 1191 diffidere
577 1125 808 1208 impenderunt,
839 1127 930 1210 ipsis,
961 1129 1138 1197 heredibus
1162 1135 1196 1197 et
1215 1149 1314 1197 succes·

50 1238 178 1305 surinus
198 1259 312 1306 esrum
325 1241 360 1305 in
374 1257 614 1322 mcompmsnm
634 1239 844 1307 seruiciorum
858 1241 1043 1310 huiusmodi
1054 1243 1217 1327 judicium
1231 1250 1314 1311 nostu

49 1354 196 1418 unimus
216 1354 367 1419 &emis
391 1372 464 1419 eum
491 1359 629 1437 quatuor
655 1355 809 1435 macellis,
837 1355 996 1438 theloneo,
1025 1356 1159 1440 honore,
1189 1358 1314 1435 dominio,

49 1466 199 1533 mure
226 1480 258 1533 et
279 1469 397 1534 ceteris
425 1469 495 1533 suis
519 1466 657 1550 jurssnus,
686 1467 880 1534 utilitatibus
910 1473 944 1535 et
972 1471 1194 1554 prouectibus,
1221 1472 1314 1540 obuen-

50 1582 209 1648 cionem-t
231 1581 445 1648 mbmutis
466 1584 499 1645 et
520 1579 729 1661 pertinenciis
744 1581 913 1663 uniuersis,
936 1583 970 1648 in
984 1583 1230 1670 quibuscunque
1241 1585 1313 1651 rebus

52 1698 231 1763 studeant
257 1715 315 1762 seu
336 1712 524 1780 quoeunque
548 1692 701 1760 roeabulo
732 1699 964 1779 nuncupentur,
987 1703 1020 1763 et
1042 1716 1196 1781 expresse
1222 1697 1312 1782 quouis

44 1812 130 1893 jure.
162 1831 227 1894 quo
258 1809 500 1894 predecessores
532 1807 676 1888 ipsorum
709 1812 742 1873 et
773 1809 962 1876 nominatim
993 1811 1158 1894 quondam
1186 1811 1311 1879 Wilricus

50 1927 157 2008 ipsum
179 1924 341 2008 justitium
367 1928 500 1989 suenus
528 1920 672 1985 tenuisse
698 1926 883 2003 noscuntur,
917 1927 950 1988 et
982 1925 1169 2005 specialiter
1200 1924 1310 1992 auotori-

51 2052 152 2106 estem
172 2054 204 2106 et
227 2041 392 2106 licenciam
413 2037 455 2102 de
476 2033 648 2101 homicidio
666 2035 835 2117 judicandi
861 2041 894 2102 et
922 2037 1152 2104 nichilominus
1178 2039 1309 2122 Judiciun

52 2153 230 2220 Judeorum
255 2153 383 2233 ibidem,
404 2151 446 2215 de
467 2147 690 2215 munificencia
711 2155 821 2215 nostra
842 2151 933 2232 regie
953 2154 987 2216 et
1007 2150 1049 2217 de
1071 2153 1206 2234 speciali
1226 2157 1309 2218 nostre

47 2269 225 2349 neeesse
246 2268 356 2351 gratia
373 2263 496 2343 damus,
520 2261 712 2328 conferimus
735 2262 913 2329 liberaliter
927 2267 960 2330 et
974 2263 1135 2332 donamus
1150 2265 1309 2348 regendum,

48 2382 237 2449 &tendunt
268 2379 449 2458 tenendum,
480 2373 700 2442 utilruendum
722 2395 779 2459 per
801 2377 889 2459 ipsos
912 2381 945 2443 et
961 2377 1036 2460 jure
1057 2378 1251 2446 hereditario
1269 2378 1310 2441 in·

45 2508 234 2580 peqetunm
256 2491 485 2577 puusidendnm
512 2489 622 2569 libere,
651 2487 784 2571 pacifice
806 2494 839 2556 et
859 2491 977 2574 quiete,
1006 2490 1212 2559 absoluentes
1233 2495 1310 2558 otte

45 2629 123 2677 utils
143 2608 344 2693 pueseneium
359 2605 551 2670 anctoritate
564 2602 655 2684 regia
669 2601 842 2669 liberantes
859 2604 989 2670 eosdem
1002 2603 1145 2688 Petrum,
1167 2606 1311 2688 Agnetent

44 2724 178 2791 lendes
207 2729 238 2789 st
269 2736 472 2786 successores
505 2718 649 2799 ipsorum
678 2715 718 2782 ab
748 2717 834 2784 omni
868 2718 1047 2800 exaccione,
1082 2719 1313 2795 contribuoione,

43 2837 250 2922 inpetus-ione.
274 2833 446 2900 vexacione
469 2836 502 2897 et
526 2830 698 2897 cuiuslibet
719 2831 854 2898 ulterius
873 2831 1000 2914 generis
1015 2831 1163 2915 dacione,
1187 2833 1216 2898 si
1237 2848 1314 2916 quun

43 2952 84 3019 sb
106 2953 165 3021 eis
195 2950 280 3016 sicut
302 2946 342 3013 ab
364 2946 438 3011 aliis
462 2944 630 3012 ciuitatum
652 2945 809 3026 regalium
838 2945 918 3011 dicti
947 2945 1039 3028 regni
1068 2946 1173 3013 nostri
1203 2943 1314 3014 Boeuie

37 3065 213 3153 judicibus
240 3062 370 3129 eulmine
389 3058 480 3142 regio
502 3058 553 3124 rel
576 3076 765 3140 quocunque
786 3058 850 3124 alio
873 3058 959 3141 erigi
981 3060 1033 3125 vel
1054 3060 1180 3143 requiri
1201 3060 1311 3128 contin·

41 3182 134 3265 ptuit.
159 3180 192 3246 iu
214 3192 332 3260 genere
352 3172 404 3238 rel
427 3172 461 3237 in
484 3171 592 3254 specie
612 3189 804 3255 quocunque
824 3176 968 3254 tempore
987 3189 1188 3241 successuro.
1211 3175 1314 3241 Dentes

40 3305 71 3365 st
103 3290 315 3363 suspendentes
345 3287 447 3353 eciam
477 3284 681 3368 presentibus
715 3284 837 3352 eisdem
858 3284 964 3367 Petro,
996 3285 1127 3369 Agneti,
1161 3286 1314 3355 heredibus

41 3412 248 3497 ipscuuuuqus
270 3399 511 3470 succcessoribus
534 3399 621 3465 dicta
638 3398 765 3481 judicia
787 3418 860 3465 cum
885 3399 953 3465 suis
975 3399 1189 3482 pertinenciis
1220 3421 1314 3486 prono

41 3524 170 3595 rustecus
194 3515 364 3595 seruiendi,
392 3511 565 3595 obligandi,
596 3511 809 3594 permutandi,
839 3512 976 3593 locandi,
1009 3512 1164 3598 donandi,
1194 3512 1312 3600 legundi

41 3640 73 3711 iu
96 3637 197 3709 cliuus
220 3652 278 3701 sou
301 3630 383 3698 elius
406 3625 621 3694 transterendi
645 3630 677 3692 et
700 3625 843 3709 deipsis
866 3631 899 3692 et
921 3625 1063 3710 qualibet
1082 3628 1228 3712 ipsorum
1240 3633 1314 3713 pnrtc

40 3758 129 3825 lutto
150 3767 246 3818 scrutur
271 3744 435 3831 prleciturn,
459 3745 491 3807 et
513 3745 609 3823 prout
631 3738 693 3804 sibi
717 3738 829 3805 utilius
853 3738 1004 3822 expedire
1025 3739 1199 3824 videbitur,
1225 3740 1314 3825 dispe

40 3868 146 3941 spensti,
182 3865 308 3950 [illucent
331 3864 364 3926 et
387 3851 601 3922 omnimodam
622 3852 814 3919 facultatem.
859 3852 1039 3920 Policemur
1064 3855 1180 3940 itaque
1207 3858 1314 3924 sinent

40 3984 156 4073 spirito
180 3984 213 4047 ot
237 3973 443 4060 speculemus,
466 3988 539 4036 eum
562 3987 620 4034 seu
642 3986 706 4049 eos,
738 3967 779 4032 ed
808 3986 902 4051 quern
925 3986 982 4034 seu
1003 3968 1044 4035 ad
1069 3988 1151 4052 qnos
1173 3972 1256 4038 dieta
1272 3970 1314 4055 ju·

38 4099 123 4173 ulicis
146 4112 218 4163 curu
241 4091 310 4156 sitis
335 4083 544 4172 putinenciis
567 4083 601 4148 in
623 4086 691 4147 toto
716 4080 767 4146 vel
796 4080 830 4146 in
859 4087 951 4164 perte
979 4084 1191 4164 peruenerint
1217 4085 1249 4151 in
1274 4083 1313 4149 ru·

37 4220 153 4289 toruus.
184 4207 270 4275 clun
296 4204 367 4287 ipss
389 4198 577 4284 generosius
601 4213 792 4261 conseruare
814 4201 847 4261 et
868 4196 902 4260 in
924 4196 1012 4263 nullo
1026 4198 1160 4280 penitus
1175 4196 1310 4282 impedio

38 4350 94 4401 m„
119 4322 183 4411 ,pp
212 4339 268 4405 prosu
291 4316 474 4402 ‹purcuupinm
497 4310 656 4393 impediri.
683 4308 874 4375 Mandantes
896 4308 1029 4376 firmiter
1051 4316 1086 4378 et
1107 4313 1251 4379 districte
1269 4325 1306 4376 ca·

38 4445 174 4535 pilutus,
198 4432 391 4502 structoris
416 4427 501 4511 (sic),
533 4423 768 4490 subcamerario
796 4427 829 4487 et
850 4423 1047 4505 quibuslibet
1081 4422 1305 4494 officialibnsot

36 4551 352 4631 licetstudiosius
378 4543 452 4611 ollis
484 4539 646 4606 uniuersis
669 4541 702 4602 et
724 4536 861 4619 singulis
888 4537 1007 4603 nostris
1030 4537 1170 4621 dilectis,
1200 4549 1303 4623 pressu

35 4670 120 4755 tibus
143 4673 175 4739 ot
198 4663 327 4743 bituris,
350 4660 570 4738 utriuscunque
591 4654 695 4718 status
711 4651 762 4717 vel
778 4650 975 4718 condicionis
997 4653 1150 4739 existant,
1173 4657 1303 4739 quatenu
