3098 5392
133 445 198 512 354
755 445 831 494 1341.

134 655 290 733 volumus,
325 654 396 718 sine
430 652 657 735 impedimento
691 659 724 719 et
754 653 972 720 diminucione
1004 650 1150 737 qualibet
1179 651 1312 735 pacifice
1339 670 1427 726 asso

133 774 281 851 quantur,
313 766 465 832 studeant
487 766 660 833 efficaciter
690 773 723 833 et
750 766 973 834 fauorabiliter
1003 784 1204 849 promouere,
1235 770 1416 837 waifarium

132 879 289 946 iacientes
312 879 570 961 indignacionem
594 885 736 946 nostram
758 880 986 963 grauissimam
1007 897 1044 945 se
1063 880 1217 947 nouerint
1232 881 1405 949 incursuros.

133 991 260 1058 Harum
283 997 341 1057 etc.

235 1170 334 1239 roam,
352 1173 463 1227 Summa
481 1172 616 1227 Gerhardi
634 1172 657 1227 d.
675 1178 727 1228 230
746 1189 783 1228 na
801 1179 849 1227 str.
867 1177 927 1226 276.
946 1203 980 1213 -
996 1171 1050 1227 Dle
1067 1171 1150 1228 schoa
1174 1173 1393 1244 pramene(d2t1

136 1285 173 1323 na
191 1276 239 1323 str.
258 1273 322 1335 277)
349 1269 470 1323 stbdoval
494 1268 518 1323 si
541 1269 602 1323 krail
625 1270 679 1325 Jan
703 1269 868 1323 uiednssrtm
897 1269 1044 1336 „Vaccaeis
1069 1269 1213 1339 prouincia
1239 1300 1280 1336 -,
1301 1266 1394 1339 quodid

132 1365 232 1420 vestris
260 1364 430 1419 districtibus
455 1365 482 1419 in
507 1366 619 1434 angelto
639 1366 705 1421 salis
724 1382 832 1421 amere
849 1372 945 1421 nostre
969 1365 1096 1420 instituto
1115 1365 1207 1421 minna
1225 1365 1295 1421 inste
1311 1381 1350 1436 per
1362 1361 1393 1415 dc·

131 1459 279 1514 ducciones
305 1460 371 1514 salis
395 1459 552 1515 huiusmodi
576 1460 611 1514 de
635 1461 792 1515 ciuitatibus
819 1461 966 1515 Budeuich
991 1469 1019 1515 et
1037 1460 1203 1532 Wytignow,
1230 1462 1258 1516 in
1283 1461 1394 1531 quibusct

131 1557 273 1625 angeltum
300 1557 384 1626 recipi
408 1562 452 1610 est
475 1555 640 1622 discussum,
663 1557 778 1612 iniurias
803 1563 831 1612 et
848 1556 1045 1627 impedimenta
1062 1573 1119 1611 non
1136 1556 1246 1613 modica
1261 1557 1394 1628 paciannr“‚

132 1657 240 1724 aproto
249 1652 301 1720 jim
313 1652 461 1720 numeru,
481 1658 634 1722 „qnatenus
653 1652 767 1707 iniurias
786 1669 818 1707 ac
836 1651 1033 1723 impedimenta
1049 1651 1209 1708 huiusmodi
1225 1653 1255 1707 in
1268 1646 1393 1721 recipiendo

131 1747 286 1802 retractetis
312 1753 340 1801 et
363 1747 491 1818 personis
515 1763 567 1816 per
590 1747 738 1802 Borsutam
763 1753 792 1801 et
813 1747 987 1814 Henslinum,
1013 1747 1091 1803 ciues
1119 1747 1302 1814 chutaenses‚
1324 1744 1393 1800 idclcs

131 1849 251 1910 nostros,
269 1859 353 1912 snper
371 1859 404 1897 eo
423 1843 580 1898 constitutis
605 1841 741 1897 aduersus
758 1842 820 1909 hos,
844 1843 891 1912 qui
909 1843 951 1897 sal
968 1841 1004 1897 ad
1022 1858 1072 1898 vos
1090 1843 1120 1897 in
1138 1843 1200 1898 Usk
1218 1841 1363 1898 deduxerint
1375 1844 1393 1892 et

131 1940 211 2009 signa
228 1938 322 1992 debita
340 1954 395 1992 non
418 1938 575 2004 habuerint,
602 1954 652 2008 per
680 1938 880 1993 arrestsciones
909 1946 937 1993 et
963 1938 1162 2008 occupationes
1188 1948 1393 2008 personarunt

130 2052 221 2090 rerum
239 2033 389 2089 eorundem
407 2034 544 2088 iusticiam
563 2034 716 2089 exhibeatis
735 2034 855 2090 debitam
874 2041 902 2090 et
920 2035 1005 2090 eciam
1023 2034 1191 2105 expeditam,
1209 2052 1259 2107 pro
1277 2051 1325 2104 qno
1337 2029 1392 2088 robis

132 2131 276 2201 oportunis
296 2130 466 2198 temporibus
484 2130 609 2185 volumus
627 2131 822 2200 complacere!

698 2396 762 2479 bis.
786 2413 859 2479 asc.

632 2585 713 2674 [Asi
745 2605 778 2654 r.
807 2583 919 2673 itali

132 2755 305 2841 Moracsky‘
335 2757 501 2823 markrabi
527 2761 627 2826 Κανά
659 2759 851 2825 osoublosu
880 2764 1013 2825 sotcem
1043 2761 1133 2843 cuy'an
1161 2756 1283 2825 habeta
1306 2757 1395 2825 Jaoem

132 2870 276 2952 numme
296 2870 440 2951 rycbtcir's'
461 2894 483 2937 a
504 2870 664 2938 kondcltim
685 2894 726 2936 m.
743 2873 917 2948 Jaromdr'e‚
940 2871 1002 2953 uby
1021 2871 1148 2938 tractato·
1169 2876 1214 2954 ty,
1236 2859 1396 2953 tdopotiai

130 3003 164 3047 sc
179 2981 249 3065 jicb
270 2985 445 3048 nar'ieeaim
466 3006 510 3048 na
527 2984 683 3066 prospe'cb
696 2983 808 3067 pokoje
829 2984 997 3069 aydany'm,
1020 3006 1042 3051 a
1063 2984 1125 3068 aba
1140 2983 1296 3067 pobdndit'
1313 2973 1394 3046 kind·

125 3094 285 3176 pociddai
305 3096 318 3159 ι’
341 3100 375 3177 ty
396 3099 549 3178 medicum,
580 3096 664 3162 iteri
682 3098 851 3164 mancam
871 3096 958 3163 aonii
976 3117 1010 3162 se
1031 3096 1102 3162 dost·
1121 3098 1269 3182 stipulae,
1296 3096 1396 3179 bomo·

470 3209 555 3293 jctck
576 3213 648 3293 cviij
667 3211 833 3276 ucarocoii
847 3210 931 3292 pr'od
952 3207 1076 3275 ikodou.

233 3392 372 3460 Karolus
403 3394 545 3460 marchio
576 3395 724 3460 Morauie
745 3399 804 3460 etc.
836 3393 964 3460 Vos..
995 3393 1139 3476 jndicem
1171 3398 1267 3459 et..
1297 3392 1398 3476 juratos

128 3503 351 3588 Jermyrenses
374 3506 465 3571 nobis
478 3508 612 3574 dilectos
635 3509 720 3574 scire
734 3507 893 3587 volumus,
916 3505 1011 3590 quod,
1029 3507 1113 3572 sicut
1127 3505 1261 3572 inclitus
1277 3504 1398 3572 dominu

128 3619 255 3700 genitor
285 3624 395 3685 noster
424 3620 625 3702 karissimus,
659 3621 808 3686 dominus
837 3637 894 3684 rex
923 3618 1066 3699 Boemie‚
1099 3618 1192 3684 robis
1224 3613 1399 3698 scribitis

128 3731 281 3812 intellico,
321 3731 407 3813 quod
445 3732 574 3812 quidam
611 3731 775 3798 maleficus
812 3736 927 3812 querat
959 3749 979 3796 a
1012 3729 1206 3811 quibusdam
1243 3729 1399 3797 conciuinn

129 3849 308 3910 vestrorum
341 3846 495 3928 pecunias
527 3865 585 3928 per
614 3846 718 3911 minas
748 3845 889 3911 incendii
919 3850 1120 3926 extorquere,
1154 3844 1246 3910 vobis
1280 3844 1398 3910 adinstar

128 3957 231 4038 ipsius
255 3959 411 4039 genitoris
434 3960 536 4025 nostri
567 3960 764 4041 precipimus
794 3964 828 4024 et
856 3958 1045 4023 mandamus
1075 3958 1231 4039 volentes,
1267 3963 1399 4041 quaeras

128 4070 233 4134 eidem
255 4070 399 4137 malefico
431 4077 562 4154 treugas
593 4072 693 4153 pecie,
724 4072 765 4135 ad
795 4089 852 4136 vos
875 4077 909 4136 et
930 4089 950 4136 a
971 4070 1062 4137 vobis
1084 4071 1301 4151 inuiolabiles‚
1332 4081 1399 4147 rapt

127 4183 216 4247 tendi
247 4202 305 4265 per
335 4183 470 4250 formam
494 4186 585 4265 iuris,
621 4187 649 4250 si
682 4185 759 4268 quid
788 4185 931 4251 accionis
961 4184 1025 4250 sibi
1053 4184 1212 4250 aduersus
1243 4181 1398 4268 quempian

127 4295 285 4361 dictorum
308 4297 428 4362 ciuium
452 4299 613 4378 competit,
638 4296 829 4363 concedatis.
877 4299 964 4377 Quas
988 4297 1017 4361 si
1040 4297 1281 4379 contempserit,
1308 4299 1398 4362 edunt

127 4409 233 4490 ipsum
256 4411 367 4474 statim
396 4411 646 4493 proscripcionis
678 4411 806 4477 vinculo
840 4410 1013 4491 innodetis,
1045 4409 1256 4493 precipiendo
1291 4401 1397 4477 cuilibet

127 4528 236 4587 nostro
271 4524 400 4589 nomine
430 4524 489 4590 sub
511 4542 619 4590 rerum
642 4542 772 4589 suarum
796 4523 975 4605 dispendiis
998 4528 1032 4588 et
1051 4541 1200 4606 persone,
1231 4543 1274 4589 ne
1294 4514 1398 4607 quirin

126 4636 234 4717 aliquo
265 4654 301 4700 se
329 4655 387 4719 pro
417 4637 528 4703 eodem
561 4635 706 4703 malefico
736 4637 777 4702 de
807 4642 913 4704 cetero
946 4638 1140 4719 interponat,
1172 4643 1232 4703 aut
1257 4627 1398 4720 judicis
