3150 5378
746 460 822 513 lm.

690 669 769 760 ¹Cis.
793 686 867 752 452.

535 837 633 917 1372,
655 838 699 906 10
721 855 847 925 srpna
871 840 906 908 V
924 838 1056 908 Praze.

145 1005 243 1075 Cisar'
263 1011 363 1077 Κανά
377 1012 398 1075 I
404 1011 436 1087 V,
457 1009 564 1095 colpe,
586 1011 648 1095 aby
668 1014 900 1099 comoedosti
919 1012 940 1078 lc
964 1017 1066 1079 mdslu
1087 1014 1195 1079 Moatu
1210 1009 1445 1095 pstobsejto'ca

141 1123 236 1187 robii
255 1122 354 1205 drokp
375 1124 446 1190 brol
459 1122 555 1191 tollito
569 1123 642 1191 krail
656 1147 678 1191 c
693 1127 844 1203 adeone,
860 1127 1006 1211 poaolujc
1022 1127 1199 1191 millandm
1213 1123 1317 1190 loboto
1331 1127 1443 1200 mdctc,

143 1235 209 1317 ady
230 1234 339 1319 droky,
361 1235 496 1322 btergmi
508 1240 585 1321 Jsou
606 1243 700 1305 rodae
727 1238 955 1306 dccboocnstoaa
981 1239 1123 1322 pouinni,
1156 1236 1253 1305 orobli
1280 1235 1444 1321 cykoupiti

478 1350 626 1419 obientes
647 1352 969 1420 desoteroadcobodbo
991 1353 1116 1419 obsessa.

250 1508 389 1576 Karolus
401 1515 535 1594 quartus
557 1510 671 1578 diuina
692 1512 823 1580 fauente
845 1513 1020 1579 clemencia
1034 1512 1252 1579 Romanorum
1267 1511 1443 1593 imperator

144 1639 274 1705 semper
295 1629 454 1706 augustus
476 1630 510 1690 et
530 1625 664 1691 Boemie
685 1643 750 1691 rex.
774 1625 945 1692 Vniuersis
961 1630 994 1691 et
1009 1625 1147 1707 singulis
1168 1624 1348 1705 abbatibus,
1371 1641 1444 1707 pre·

143 1736 261 1818 positis
293 1737 602 1819 sanctimonialibus,
632 1738 852 1820 hospitalariis
872 1738 1035 1822 prioribus
1058 1742 1091 1804 et
1112 1738 1260 1821 personis
1291 1736 1442 1804 ecclesia-

144 1850 237 1916 sticis
259 1856 293 1915 et
312 1851 478 1934 religiosis
501 1869 763 1935 quorumcunque
784 1852 934 1919 ordinum
956 1870 1080 1919 necnon
1100 1852 1228 1919 clericis
1243 1850 1444 1919 secularibus
1530 1883 1533 1887 ¹

142 1964 399 2049 quibuscunque,
423 1965 479 2047 qui
501 1984 627 2047 census,
649 1964 797 2032 redditus
820 1970 854 2032 et
875 1970 1052 2047 prouentus
1075 1965 1230 2032 annuales
1252 1965 1287 2031 in
1310 1965 1444 2030 ciuitate

142 2077 251 2143 Bruxs
286 2080 357 2144 siue
379 2079 534 2145 Ponteusi
565 2080 702 2162 eiusque
731 2078 826 2146 bonis
848 2078 967 2144 babere
996 2084 1182 2160 noscuntur,
1216 2078 1343 2144 deuotis
1374 2078 1442 2144 suis

142 2190 284 2273 dilectis,
307 2194 450 2274 graciam
471 2212 563 2260 suam
585 2200 619 2259 et
640 2211 734 2260 omne
754 2192 882 2260 bonum.
918 2193 1038 2260 Deuoti
1062 2194 1188 2260 dilectit
1213 2190 1443 2260 condicionem

141 2304 232 2371 dicte
267 2312 378 2373 nostre
410 2308 555 2374 ciuitatis
587 2306 759 2374 Pontensis
796 2307 940 2374 volentes
973 2307 1081 2375 facere
1114 2307 1282 2374 meliorem
1315 2305 1442 2373 ciuibus

141 2419 272 2500 ibidem,
294 2418 443 2487 fidelibus
458 2421 579 2487 nostris
594 2420 732 2502 dilectis,
755 2420 964 2502 iniunximus,
994 2425 1030 2487 vt
1045 2420 1215 2488 uniuersos
1238 2425 1272 2487 et
1293 2420 1439 2503 singulos

142 2549 272 2613 census,
294 2530 441 2598 redditus
463 2537 498 2598 et
519 2538 705 2614 prouentus,
738 2551 819 2617 qnos
842 2551 899 2599 vos
922 2538 956 2599 et
978 2532 1116 2617 quilibet
1137 2537 1281 2600 restrum
1304 2533 1338 2599 in
1361 2532 1442 2600 ciui·

140 2651 211 2713 tate
233 2646 346 2712 eadem
377 2646 496 2713 babere
518 2646 698 2727 noscimini,
731 2645 802 2713 siue
832 2664 929 2729 super
958 2645 1163 2728 molendinis,
1196 2646 1352 2729 macellis,
1386 2645 1443 2712 do·

142 2759 261 2839 mibus,
295 2759 375 2825 ortis
398 2778 455 2826 seu
480 2758 575 2825 bonis
606 2759 682 2840 siut,
704 2759 756 2825 vel
777 2758 860 2825 alias
881 2759 1063 2842 ubicunque
1084 2759 1173 2825 intus
1194 2764 1228 2826 et
1249 2765 1342 2826 extra
1362 2759 1444 2826 ciui·

140 2881 242 2941 tatem
269 2875 374 2957 ipssm
391 2874 483 2954 sitos,
505 2891 563 2955 pro
586 2890 621 2938 se
639 2875 673 2937 et
687 2870 775 2937 dicta
789 2870 923 2937 ciuitate
938 2889 958 2937 a
972 2870 1063 2937 vobis
1085 2876 1120 2937 et
1141 2871 1284 2954 quolibet
1298 2875 1441 2939 vestrum

141 3007 338 3071 comparare,
361 3004 468 3053 emere
490 2990 523 3052 et
545 2986 695 3053 exciuere
717 2984 862 3051 debeant
898 2987 1102 3068 Quapropter
1124 2984 1215 3051 vobis
1238 2985 1386 3052 omnibus
1408 2990 1442 3052 et

141 3102 276 3168 cuilibet
297 3106 440 3167 vestrum
455 3099 659 3182 presentibus
676 3098 800 3166 seriose
813 3098 1014 3180 mandamus,
1037 3098 1166 3165 omniuo
1182 3098 1337 3182 volentes,
1362 3117 1440 3181 qua·

140 3223 235 3282 tenus
258 3215 404 3297 singulos
427 3232 553 3295 census,
576 3211 722 3279 redditus
745 3217 778 3279 et
799 3218 976 3296 prouentus
999 3211 1185 3279 huiusmodi
1199 3211 1297 3279 dictis
1312 3212 1440 3278 ciuibus

141 3330 277 3396 indilate
299 3334 333 3394 ot
359 3329 430 3394 sine
458 3327 637 3394 reniteucia
660 3325 812 3408 qualibet,
843 3324 948 3392 dando
979 3325 1061 3408 ipsis
1096 3343 1287 3408 sexagenum
1322 3344 1439 3393 census

140 3444 241 3509 annui
267 3462 327 3524 pro
350 3442 470 3521 decem,
494 3439 634 3508 vendere
658 3439 813 3506 debeatis.
847 3438 909 3504 Est
937 3438 1024 3505 enim
1046 3438 1240 3506 intencionis
1262 3444 1382 3522 nostre,
1405 3444 1441 3505 vt

140 3576 234 3624 nemo
257 3562 366 3641 preter
389 3556 596 3623 serenitatem
618 3558 761 3620 nostram
776 3551 914 3619 indicta
933 3553 1068 3619 ciuitate
1083 3552 1202 3619 eteius
1218 3552 1438 3636 pertinenciis,

139 3671 268 3739 ciuibus
290 3670 447 3736 duntaxat
468 3669 621 3751 exceptis,
652 3686 779 3748 census,
808 3667 956 3734 redditus
979 3671 1012 3733 et
1033 3672 1211 3751 prouentus
1242 3665 1361 3734 babere
1383 3666 1438 3734 de-

139 3785 214 3852 beat
236 3785 456 3869 quouismodo.
488 3784 608 3849 Datum
631 3782 735 3865 Prage
757 3781 812 3847 die
834 3781 864 3847 X
887 3781 1037 3864 Augusti,
1060 3799 1232 3865 regnorum
1254 3786 1438 3849 nostrorum

138 3919 223 3966 auno
245 3899 463 3965 Romanorum
485 3897 639 3963 vicesimo
662 3896 809 3978 septimo,
842 3896 976 3963 Boemie
999 3896 1154 3964 vicesimo
1177 3901 1277 3978 sexto,
1308 3896 1437 3980 imperii

138 4030 213 4080 vero
235 4012 360 4080 decimo
383 4017 505 4078 octauo.

845 4099 907 4165 Per
929 4096 1094 4165 dominum
1116 4096 1157 4163 de
1178 4096 1313 4164 Koldicz

756 4209 910 4280 Nicolaus
934 4211 1170 4278 Camericeusis
1192 4211 1385 4294 prepositus.

240 4365 347 4439 Kopitl
373 4367 508 4438 privilegii
534 4365 681 4423 varchiru
699 4383 733 4421 m.
752 4366 846 4422 blostu
874 4382 910 4421 na
935 4366 952 4420 l.
974 4372 1006 4421 18
1018 4385 1043 4420 a.
1071 4394 1104 4407 -
1132 4362 1314 4434 Schlesingor,
1343 4364 1433 4420 Stadt·

134 4464 205 4522 bucb
230 4482 283 4520 ron
310 4465 386 4518 Brdx
413 4465 435 4519 d.
465 4472 524 4519 101.
556 4495 590 4505 -
623 4463 809 4534 Vpotrrzeni
836 4463 914 4517 krutle
931 4460 1118 4533 'Fordinanda
1144 4460 1158 4515 1
1183 4461 1319 4532 privilegii
1348 4463 1436 4517 mesta

132 4563 230 4618 Mostu
248 4560 274 4614 d.
295 4576 331 4614 na
349 4559 434 4614 hrode
452 4559 600 4614 Praislsdm
613 4564 647 4616 30
658 4559 761 4614 bienna
774 4563 842 4612 tots
860 4558 937 4628 (kap.
956 4557 1097 4612 varchiru
1114 4573 1149 4613 m.
1161 4556 1267 4626 Mostu)
1285 4557 1434 4627 narracuje

131 4674 164 4713 se
182 4658 275 4712 mbstu
296 4658 340 4710 tei
367 4655 430 4720 ,list
455 4657 545 4710 eisaie
569 4655 655 4710 Karia
680 4673 717 4710 na
734 4653 878 4726 vyplacent
895 4652 1078 4710 duoclroduov
1104 4672 1119 4707 z
1141 4654 1275 4727 maanycb
1300 4654 1435 4710 lrrdmuor
