3098 5392
678 457 754 509 1887·
1296 455 1360 523 789

59 673 183 732 starum
215 666 324 747 aliqua
346 669 520 747 consurgat
542 662 700 745 dubietas,
730 666 765 730 in
788 664 872 731 facto
896 665 1153 747 appellacionum
1174 665 1361 733 huiusmodi

58 784 146 847 hunc
169 782 316 845 volumus
339 784 372 844 ot
394 780 596 845 decernimus
620 780 766 845 ordinem
788 778 965 859 obseruari,
989 784 1024 843 vt
1045 797 1109 845 non
1130 780 1229 847 liceat
1251 782 1360 864 alicui,

59 897 293 977 cuiuscumque
315 892 526 974 condicionis,
551 898 665 974 status,
689 893 808 975 gradis
832 912 889 958 seu
906 892 1075 976 dignitatis
1096 895 1225 976 existat,
1248 914 1361 977 aqua·

59 1027 199 1090 cumque
226 1005 403 1073 diffinitiua
433 1006 609 1088 sentencia,
640 1007 674 1071 in
704 1007 873 1089 presencia
904 1006 1009 1072 nostri
1027 1007 1167 1089 predicti
1197 1006 1361 1074 subcame-

58 1123 141 1187 rarii
174 1140 231 1188 seu
256 1120 379 1203 judicis
410 1120 500 1187 curie
522 1121 575 1186 vel
597 1120 731 1187 alterins
762 1122 907 1203 ipsorum
929 1139 987 1203 per
1013 1119 1152 1204 judices,
1178 1120 1306 1203 juratos
1330 1126 1363 1186 et

60 1235 213 1302 scabinos
243 1235 284 1299 ad
313 1234 374 1299 hoc
404 1233 575 1315 deputatos
606 1251 704 1314 super
726 1232 980 1315 quibuscumque
1011 1234 1129 1314 causis,
1161 1233 1274 1299 litibus
1304 1252 1362 1298 seu

61 1348 294 1415 controuersiis
328 1347 404 1426 lata,
439 1347 481 1411 ad
502 1363 734 1429 quemcumque
763 1344 907 1427 judicem
937 1363 995 1411 seu
1019 1345 1148 1428 judices
1179 1350 1271 1412 entra
1298 1351 1363 1411 ter·

62 1464 169 1529 minos
202 1461 294 1543 regni
317 1460 420 1525 nostri
450 1459 593 1539 Boemie,
627 1459 743 1541 quouis
767 1459 928 1538 exquisito
951 1459 1092 1540 ingenio,
1125 1458 1365 1541 quomodolibet

60 1577 236 1659 appellare.
260 1576 297 1640 In
321 1593 384 1657 qua
407 1573 538 1656 quidem
551 1572 773 1655 appellatione
794 1573 905 1638 taliter
920 1573 1070 1638 duximus
1086 1571 1362 1655 distinguendum,

60 1697 99 1754 vt
120 1689 275 1756 uidelicet
297 1690 336 1768 is,
361 1689 416 1769 qui
439 1687 480 1752 ad
502 1688 554 1753 ius
577 1685 856 1769 Magdeburgense
880 1686 1045 1768 appellare
1062 1686 1210 1766 voluerit,
1234 1687 1268 1751 in
1284 1687 1365 1753 ciui·

61 1809 132 1868 tate
154 1807 265 1866 nostra
287 1799 545 1865 Lutomoricensi
569 1804 601 1863 ot
624 1817 688 1863 non
711 1798 790 1864 alibi
804 1797 991 1863 huiusmodi
1005 1817 1096 1863 suam
1112 1800 1365 1881 appellationem

62 1917 217 1999 prosequi
240 1913 356 1979 debeat
380 1911 516 1994 justicia
548 1911 721 1989 mediante,
752 1910 805 1975 vbi
829 1911 940 1976 taliter
961 1911 1138 1993 appellanti
1161 1912 1311 1994 expedita
1333 1918 1366 1978 et

62 2028 230 2094 sufficiens
253 2026 384 2092 debebit
413 2025 545 2091 iusticia
574 2024 762 2089 ministrari.
798 2024 826 2087 Α
850 2024 950 2089 simili
973 2023 1075 2088 eciam
1099 2024 1139 2104 is,
1170 2025 1226 2105 qui
1249 2026 1366 2090 adius

61 2141 345 2223 Nurembergense
371 2139 536 2221 appellare
558 2137 707 2217 voluerit,
731 2136 772 2201 ad
795 2137 964 2203 ciuitatem
995 2144 1137 2203 nostram
1161 2139 1365 2220 Progensem,

64 2256 120 2320 vbi
144 2255 224 2319 talia
246 2255 318 2319 iura
348 2252 536 2331 redduntur,
568 2251 733 2333 appellare
762 2250 892 2316 debebit
921 2256 954 2316 ot
984 2250 1104 2317 ibidem
1134 2256 1167 2316 et
1195 2271 1258 2317 non
1289 2250 1366 2317 alibi

63 2367 252 2435 huiusmodi
274 2367 530 2449 appellationem
554 2383 646 2430 suam
669 2365 833 2447 prosequi,
857 2370 892 2429 vt
913 2364 1084 2449 prefertur.
1110 2363 1231 2431 Verum
1253 2365 1282 2430 si
1304 2365 1363 2431 ali-

64 2482 141 2564 quis
174 2480 215 2545 ad
249 2480 453 2545 audientiam
487 2484 631 2544 nostram
665 2480 867 2560 personalem
905 2479 1070 2560 appellare
1106 2478 1304 2559 decreuerit,
1339 2479 1368 2544 is

63 2594 209 2661 faciendi
231 2595 291 2659 boc
321 2593 428 2675 ipsum
452 2594 486 2658 in
517 2597 651 2674 vtroque
682 2592 802 2657 iunium
834 2593 1051 2674 predictorum
1075 2571 1206 2658 habebit
1234 2592 1369 2658 liberam

64 2708 262 2773 facultatem.
295 2707 513 2772 Decornontos
536 2725 661 2771 exnunc
684 2711 781 2786 prout
802 2709 930 2786 extunc,
960 2707 1052 2788 regia
1082 2707 1276 2771 auctoritate
1298 2722 1369 2787 pre-

65 2822 165 2900 dicta,
181 2827 248 2885 tam
262 2821 499 2902 appollaciones
513 2838 610 2901 quam
625 2819 690 2884 alia
704 2818 780 2884 inde
796 2825 917 2900 secuta,
935 2820 963 2886 si
980 2838 1042 2903 que
1059 2826 1171 2885 contra
1187 2826 1370 2902 presentem

66 2935 309 3001 ordinacionem
340 2939 483 2999 nostram
514 2938 704 3014 attemptate
728 2951 785 2998 sou
808 2938 1000 3014 attemptata
1030 2933 1153 2999 luerint
1182 2951 1239 3015 per
1261 2951 1370 3017 quem

65 3049 165 3130 piam,
198 3048 308 3113 irritas
333 3054 366 3112 ot
395 3047 497 3127 irrita,
528 3047 688 3112 invalidas
712 3053 745 3111 et
767 3047 919 3128 invalida,
944 3048 1131 3128 nulliusque
1154 3047 1223 3113 lore
1244 3045 1370 3113 roboris

67 3165 120 3228 vel
144 3163 306 3228 momenti.
353 3162 545 3227 Mandamns
568 3162 669 3243 igitur
693 3161 854 3226 uniuersis
878 3167 911 3227 et
933 3162 1071 3244 singulis
1095 3160 1269 3242 iudicibus,
1304 3178 1370 3225 ma·

66 3277 182 3359 gistris
205 3276 336 3355 ciuium,
360 3274 556 3353 consulibus,
576 3274 696 3356 juratis
719 3280 752 3339 et
775 3275 1059 3340 communitatibus
1084 3275 1257 3340 ciuitatum
1278 3274 1371 3355 regni

67 3390 172 3455 nostri
189 3389 322 3454 Boemie
338 3386 475 3454 firmiter
491 3393 523 3454 et
539 3388 696 3468 districte,
720 3393 878 3471 quatenus
894 3387 935 3452 ad
951 3388 1112 3470 prefatum
1127 3386 1371 3470 Sigismundum

66 3502 182 3583 Hulor,
205 3508 361 3583 tanquam
384 3506 531 3565 nostrum
554 3505 587 3564 et
608 3500 700 3582 regni
725 3500 859 3566 Boemie
881 3501 1165 3582 subcamerarium,
1189 3505 1373 3583 respectum

66 3617 190 3683 habere
220 3621 253 3680 et
283 3613 459 3680 secundum
490 3620 672 3695 presentem
696 3614 936 3680 ordinacionem
969 3621 1112 3680 nostram
1143 3633 1268 3682 necnon
1299 3633 1373 3680 cou-

68 3729 276 3796 suetudinem
308 3729 341 3793 in
371 3747 471 3809 regno
502 3727 649 3809 predicto
680 3728 802 3793 dudum
837 3728 1041 3794 obseruatum
1076 3746 1202 3811 causas,
1235 3729 1311 3794 lites
1341 3731 1375 3792 et

68 3842 258 3924 questiones
280 3839 394 3904 audire
416 3845 449 3904 ot
470 3840 600 3905 easdem
622 3840 786 3905 medianto
808 3841 940 3906 iusticia
964 3843 1045 3907 iuris
1069 3842 1183 3908 ordine
1201 3841 1373 3908 obseruate

68 3954 211 4021 debeant
240 3953 391 4019 diffinire.
437 3953 520 4018 Nam
545 3954 573 4018 si
598 3971 690 4019 secus
715 3960 826 4019 contra
849 3957 1007 4037 premissa
1038 3955 1205 4037 quidpiam
1229 3954 1302 4038 quis
1325 3957 1373 4019 at·

68 4073 231 4150 temptare
253 4068 497 4150 presumpserit,
521 4067 781 4149 indignacionem
804 4074 947 4133 nostram
964 4069 1194 4149 grauissimam
1210 4074 1242 4134 et
1257 4085 1375 4151 penam

68 4203 129 4267 pro
153 4188 263 4248 nostro
287 4180 494 4263 infligendam
518 4180 652 4247 arbitrio
669 4200 704 4246 so
720 4182 848 4246 nouerit
869 4182 1143 4248 irremissibiliter
1159 4183 1373 4250 incursurum

68 4296 280 4363 Presencium
301 4301 362 4362 etc.

175 4456 228 4514 Dle
245 4457 345 4530 rnlrop.
364 4456 476 4513 archien
487 4457 686 4513 Tieboridrdho
705 4455 734 4511 O.
754 4463 769 4511 3
789 4462 837 4512 str.
853 4464 901 4514 102
920 4458 1050 4528 Palaclry,
1067 4445 1143 4515 Uber
1160 4458 1376 4517 Formalbdcher

67 4556 96 4613 11
115 4563 164 4612 str.
184 4562 249 4625 1263
268 4556 340 4610 kdei
359 4572 393 4610 za
409 4559 458 4609 tim
477 4555 623 4623 nasleduje
644 4555 705 4623 jiuy
723 4555 771 4609 list
789 4555 830 4610 kr.
849 4554 970 4610 Vrtclava
987 4554 1026 4610 lv
1043 4554 1070 4611 d.
1088 4556 1199 4612 vPrcza
1212 4561 1228 4609 ⁷
1241 4558 1377 4627 liatopoda

67 4658 149 4722 1387,
168 4654 276 4723 lrterym
296 4652 420 4707 melitana
437 4651 596 4707 Praislceho
614 4651 764 4719 Sigmunda
781 4651 898 4707 Hullera
915 4653 1082 4723 natanovuje
1100 4652 1292 4724 podkomoilm
1311 4654 1375 4710 1(τέ-
