3098 5392
702 494 777 547 ¹⁴0⁷·
895 504 900 515 ·
1286 490 1379 561 1osa

56 704 149 787 jura,
176 702 310 784 indulta,
336 704 513 784 libertates,
536 707 674 787 gracias,
698 704 894 770 donaciones
918 709 952 769 ct
967 705 1192 771 concessiones
1215 705 1263 770 eis
1286 724 1306 769 a
1325 722 1375 770 se-

62 818 252 885 renissimis
276 825 309 883 et
332 818 516 883 illustribus
539 819 701 898 quondam
725 818 801 884 diue
823 817 1062 883 recordacionis
1085 817 1217 901 regibus
1234 824 1267 883 et
1280 818 1369 900 prin·

61 932 205 1013 cipibus,
237 932 520 1012 predecessoribus
543 933 674 1012 nostris,
706 950 829 997 necnon
860 931 993 996 anobis
1018 949 1171 997 concessa
1201 950 1259 998 sen
1283 932 1368 1013 data,

63 1062 251 1124 concessas,
274 1044 375 1111 lactas
400 1063 457 1110 sen
481 1045 574 1109 datas
604 1046 773 1125 innouare,
809 1043 997 1125 approbare,
1021 1042 1182 1111 ratificarc
1204 1051 1237 1110 et
1259 1043 1372 1112 confir-

60 1177 155 1224 mare
187 1158 367 1240 preciosius
398 1158 614 1240 dignaremur.
662 1159 728 1225 Nos
760 1176 848 1238 uero,
879 1159 933 1240 qni
965 1163 1041 1222 uota
1067 1159 1284 1240 quorumlibet
1316 1178 1372 1225 no·

61 1278 207 1337 strorum
238 1270 379 1336 fidelium
405 1272 616 1337 racionabilis
639 1274 822 1354 petencinnr
851 1271 1024 1336 clementer
1047 1272 1300 1352 complectimur,
1322 1279 1371 1335 at·

59 1385 238 1450 tendentes
269 1386 371 1450 eciam
403 1390 495 1465 grata
526 1391 559 1450 et
587 1384 698 1451 fidelia
730 1386 895 1467 obsequia,
928 1385 1045 1467 quibus
1075 1384 1254 1466 supradicti
1278 1386 1367 1450 ciues

61 1498 171 1563 nostri
205 1497 341 1578 prefatis
373 1498 658 1579 predecessoribus
689 1500 810 1564 nostris
847 1505 880 1561 ct.
909 1496 1001 1562 nobis
1036 1497 1235 1578 complacere
1260 1497 1372 1562 studu-

61 1618 163 1676 erunt
196 1611 351 1676 hactenus
386 1619 419 1677 at
453 1614 485 1676 in
516 1611 660 1676 loturum
691 1617 781 1676 tanto
811 1611 932 1675 lorcius
963 1609 1124 1675 debebunt
1157 1615 1191 1674 et
1211 1616 1372 1691 poterunt,

59 1724 194 1807 quando
228 1724 430 1790 uberioribus
462 1724 574 1789 latiore
604 1733 634 1789 et
659 1726 767 1805 gracia
794 1742 813 1786 a
836 1730 945 1789 nostra
970 1722 1162 1787 celsitudine
1185 1740 1221 1787 se
1243 1723 1371 1805 conspi-

62 1840 160 1902 ciunt
193 1838 345 1918 prosequi
381 1843 413 1901 et
443 1836 625 1902 laborosius
661 1838 831 1916 consolari,
866 1834 905 1900 ad
938 1835 1090 1901 humilem
1127 1842 1160 1899 ct
1193 1837 1372 1918 supplicem

59 1952 225 2016 dictorum
260 1950 381 2015 ciuium
416 1956 598 2015 nostrorum
630 1949 801 2031 peticionis
834 1949 1025 2013 instanciam
1058 1966 1120 2012 non
1149 1965 1206 2028 per
1228 1966 1370 2015 errorem

60 2072 97 2128 et
130 2063 313 2143 inprouida,
349 2062 406 2126 sed
439 2063 546 2127 animo
578 2061 765 2139 deliberate,
801 2078 879 2126 sano
906 2060 1049 2125 fidelium
1074 2066 1255 2127 nostrorum
1279 2078 1368 2128 acce-

60 2176 162 2241 dente
186 2176 321 2240 consilio
346 2176 453 2239 omnia
483 2184 516 2239 et.
538 2175 666 2256 singula
690 2175 873 2257 priuilegia,
904 2175 1039 2254 litteras,
1068 2174 1143 2256 jura
1174 2180 1207 2239 ct
1228 2174 1366 2256 indulta,

67 2290 247 2367 libertates
284 2290 420 2370 graciae,
452 2288 646 2353 donaciones
677 2294 709 2352 ct
739 2289 973 2366 concessiones,
1002 2287 1179 2369 aprefatis
1202 2288 1371 2368 predeces-

65 2402 198 2467 soribus
230 2403 360 2479 nostris,
384 2421 508 2466 necnon
539 2400 672 2464 arrolnis
695 2418 849 2465 concessa
871 2419 928 2464 seu
952 2400 1036 2479 data,
1065 2418 1243 2480 concessas
1267 2400 1369 2467 lactas

62 2535 123 2580 seu
156 2515 259 2594 datas,
292 2516 358 2579 acsi
392 2515 433 2579 dc
457 2514 553 2578 uerbo
585 2512 625 2577 ad
649 2513 783 2578 uerburn
814 2512 1017 2594 presentibus
1040 2512 1146 2577 forent
1167 2514 1289 2578 inserta
1311 2532 1369 2579 seu

64 2629 199 2707 inserte,
231 2629 314 2693 sicut
347 2629 419 2706 rite,
445 2628 534 2708 juste
565 2632 597 2690 et
620 2627 861 2691 racionabiliter
884 2634 1121 2708 processerunt,
1144 2625 1368 2707 approbamus,

62 2739 262 2805 ratificamus
286 2747 317 2805 et
341 2740 382 2804 de
404 2740 495 2822 regia
516 2748 626 2805 nostre
648 2741 820 2820 potestatis
846 2739 1046 2819 plenitudine
1066 2738 1272 2820 presentibus
1295 2759 1367 2821 gra-

64 2856 188 2921 ciosins
213 2854 446 2919 confirmamus.
494 2854 711 2917 discernentes
736 2860 765 2915 ot
791 2871 942 2932 expirasse
965 2852 1109 2916 volentos
1133 2853 1244 2918 eadam
1267 2854 1368 2934 prini-

63 2968 153 3048 legia
177 2969 248 3031 siue
270 2968 396 3032 litteras
421 2974 450 3030 et
476 2967 583 3030 omnia
607 2968 640 3029 in
660 2967 742 3045 ipsis
759 2973 908 3029 contenta
925 2966 958 3028 in
976 2965 1123 3030 omnibus
1143 2967 1211 3030 suis
1228 2967 1366 3047 punctis,

60 3080 231 3159 clausulis,
255 3080 430 3145 sentenciis
454 3085 486 3143 et
509 3080 656 3143 articulis
680 3098 804 3143 exnunc
828 3079 960 3143 inantea
983 3078 1150 3159 perpetuis
1168 3077 1366 3159 temporibus

62 3193 266 3260 inuiolabilis
291 3193 436 3258 obtinere
458 3193 582 3257 roboris
606 3192 799 3257 firmitatem.
842 3193 1034 3257 blandarrtes
1059 3194 1222 3257 uniuersis
1246 3198 1278 3256 et
1300 3193 1365 3257 sin·

60 3308 149 3390 gulis
181 3304 373 3372 officialibus
395 3309 525 3383 nostris,
549 3314 581 3370 ot
605 3310 771 3388 signanter
795 3306 1033 3371 subcamerario
1061 3307 1152 3388 regni
1177 3307 1281 3371 nostri
1302 3305 1365 3372 Βο-

60 3421 170 3487 bemie
193 3426 224 3484 et
248 3438 373 3485 cantero
396 3421 541 3499 notariis,
575 3421 628 3499 qui
653 3426 727 3483 sunt
751 3420 801 3483 rel
827 3438 883 3499 pro
907 3427 1050 3498 tempore
1073 3418 1203 3498 fuerint,
1229 3415 1364 3484 firmiter

59 3542 95 3599 ct
118 3533 277 3612 districte,
302 3541 462 3614 qnatenus
486 3533 548 3613 ipsi
574 3533 715 3613 prefatos
740 3534 829 3596 cinos
854 3538 981 3597 nostros
1006 3530 1215 3596 Gurimensos
1239 3533 1273 3595 in
1292 3550 1364 3613 pre

58 3647 161 3713 dictis
193 3647 337 3728 ipsorum
368 3647 551 3728 priuilegiis
575 3654 604 3711 ct
630 3648 749 3710 litteris
778 3653 809 3709 et
833 3648 866 3709 in
890 3646 1012 3710 eisdem
1036 3646 1195 3710 contentis
1219 3665 1281 3711 non
1304 3646 1363 3710 im·

58 3760 198 3844 pediant
220 3778 279 3824 nec
303 3760 452 3839 bnpcdiri
480 3778 537 3840 per
560 3760 742 3839 qnempiam
766 3759 944 3838 parciantur,
980 3758 1037 3822 sed
1060 3759 1172 3839 pocius
1195 3759 1281 3824 circa
1303 3759 1363 3825 hoc

55 3877 303 3951 manuteneant,
337 3879 508 3954 protegant
538 3881 570 3935 et
593 3872 777 3951 (intendant,
810 3879 902 3952 prout
927 3890 1059 3952 grauem
1082 3878 1191 3936 nostre
1212 3872 1363 3952 indigna-

54 3987 166 4057 cionis
190 3985 345 4052 offensam
367 3987 528 4050 noluerint
551 3987 658 4050 acrius
682 3986 814 4050 euitare.
850 3986 1056 4050 Prosencium
1073 3985 1132 4050 snb
1148 3986 1238 4067 regio
1252 3991 1363 4051 nostra

52 4101 244 4169 maiestatis
275 4100 384 4181 sigillo
415 4100 600 4165 testimonio
627 4101 818 4163 litterarum.
866 4101 985 4163 Datum
1008 4100 1112 4181 Prage
1134 4119 1217 4165 anno
1240 4099 1361 4164 domini

49 4213 233 4283 millesimo
267 4213 584 4294 quadringentesimo
616 4213 763 4293 septimo,
788 4212 841 4276 die
864 4214 1018 4277 vicesima
1044 4214 1157 4295 quinta
1179 4212 1361 4293 Februarii,

47 4344 234 4411 regnorum
257 4331 439 4391 nostrorum
463 4345 548 4390 antro
564 4325 717 4389 llolrenrie
733 4325 979 4405 qrradragosinro
997 4331 1121 4406 alsamo,
1144 4326 1360 4392 Romanorum

48 4461 137 4509 vcro
160 4440 327 4505 tricesimo
350 4441 463 4521 pariano.

167 4642 239 4725 Kop.
258 4672 289 4710 ze
307 4654 372 4708 XVI
385 4656 478 4709 stoleti
498 4658 542 4722 (Α)
563 4655 669 4707 virnize
689 4656 811 4721 parndtni
829 4671 862 4706 rn.
883 4653 1014 4706 iioniinn'·
1033 4671 1047 4705 z
1066 4669 1087 4706 r.
1103 4659 1169 4707 labb
1188 4668 1225 4707 na
1241 4652 1259 4706 l.
1274 4659 1357 4707 1150.
