3098 5392
677 414 753 477 rior.
1305 426 1368 493 931

67 634 162 699 anilis
197 633 336 716 singulis
373 593 472 716 super
502 633 625 699 eisdem
656 633 804 699 terminis
837 633 960 716 absque
986 637 1095 698 nostro
1129 636 1162 698 et
1185 631 1370 700 officialium

66 752 251 814 nostrorum
277 746 511 827 impedimento
537 745 682 830 quolibet
703 745 817 812 tollere
843 744 961 811 debeat
983 750 1016 812 et
1038 744 1156 812 leuare.
1201 746 1373 813 Incusum

67 879 155 941 vero,
188 879 250 942 quo
281 860 386 926 eidem
415 858 545 925 Andree
567 858 714 942 predicta
736 859 875 941 pecunia
906 877 1006 941 super
1029 859 1175 926 terminis
1198 859 1372 926 antedictis

66 980 101 1039 et
123 973 208 1040 inira
231 980 303 1042 octo
326 975 398 1040 dies
420 973 539 1040 deinde
562 979 735 1057 sequentes
762 991 821 1057 per
841 973 1035 1056 magistrum
1061 973 1192 1056 ciuium,
1223 975 1373 1041 consules

61 1088 191 1170 juratos
225 1093 259 1154 et
288 1087 550 1154 communitatem
581 1084 754 1171 [ciuitatis]
789 1085 995 1154 coloniensis
1028 1086 1175 1170 predicte
1207 1088 1371 1170 persoluta

65 1220 131 1266 non
154 1200 265 1282 luerit,
289 1205 407 1268 extunc
422 1201 589 1284 predictus
605 1199 753 1267 Andreas
770 1200 859 1282 ipsos
882 1205 915 1266 et
929 1199 1013 1267 bona
1028 1200 1173 1283 ipsorum
1188 1200 1372 1282 rbicnnque

65 1319 196 1395 reperta
229 1318 391 1381 arrestare
421 1314 543 1398 poterit
577 1319 611 1381 et
640 1313 752 1380 mem
786 1332 845 1395 per
875 1332 972 1379 vnum
998 1312 1142 1381 mensem
1178 1313 1370 1381 indistracta

65 1433 179 1493 tenere
201 1426 339 1493 debebit.
384 1426 506 1510 Elapso
529 1445 605 1494 vero
632 1446 695 1493 vno
718 1445 829 1493 mense
859 1445 878 1492 a
901 1427 956 1493 die
977 1427 1208 1494 arrestacionis
1241 1446 1370 1510 compn-

64 1540 164 1605 tando
187 1546 220 1606 et
242 1540 381 1623 pecnnia
405 1540 552 1623 predicta
571 1539 713 1607 nondum
729 1541 895 1622 persoluto
909 1540 1077 1622 predictus
1093 1539 1241 1607 Andreas
1256 1541 1370 1608 huius-

64 1654 153 1718 modi
177 1653 271 1734 bona,
295 1654 386 1721 sieut
407 1654 615 1737 premittitur,
638 1659 799 1721 arrestata
820 1672 893 1721 cum
914 1654 998 1721 bono
1020 1653 1208 1721 testimonio
1230 1655 1370 1722 vendere

65 1773 99 1832 et
114 1768 257 1833 alienare
276 1768 397 1849 poterit
422 1768 570 1850 personis
594 1767 850 1851 quibuscunque,
876 1767 923 1833 sic
945 1772 1064 1850 mmen,
1087 1768 1172 1850 quod
1190 1768 1367 1852 residuum,

64 1881 150 1963 quod
183 1881 345 1963 supererit
375 1883 460 1947 vltra
490 1900 646 1948 summam
676 1883 815 1963 pecunie
843 1899 902 1964 per
923 1881 1067 1963 prelatos
1091 1881 1180 1948 ciues
1206 1883 1290 1949 solui
1313 1882 1367 1951 de

63 1994 176 2070 bitom,
199 1996 260 2076 eis,
284 2012 419 2076 quorum
441 1993 525 2061 bona
547 1999 706 2060 arrestata
728 1993 859 2075 luerint,
889 1993 1064 2060 restituere
1087 1994 1204 2061 debeat
1224 1995 1367 2078 integru-
1492 2036 1494 2041 .

65 2108 143 2173 liter
165 2107 261 2174 etad
283 2109 423 2190 plenum.
461 2106 649 2174 Inhibemue
671 2107 772 2190 igitur
795 2105 1037 2173 subcamemrio
1062 2107 1155 2190 regni
1178 2108 1281 2174 nostri
1304 2108 1367 2176 Bo·

63 2221 171 2287 hemis
192 2220 379 2304 eeterIsqne
401 2222 522 2288 nostris
545 2219 750 2303 officialibus,
773 2221 913 2288 subditis
929 2226 963 2287 et
976 2220 1136 2304 fidelibus,
1159 2221 1366 2304 presentibus

63 2341 98 2401 et
119 2335 249 2416 futuris,
271 2332 408 2400 firmiter
430 2340 463 2401 et
484 2334 642 2416 districte,
666 2352 707 2400 nc
729 2333 890 2416 prefatum
913 2335 1083 2400 Andream
1103 2334 1141 2400 in
1156 2337 1367 2418 percepcione

61 2448 250 2514 huiusmodi
280 2452 408 2514 eentum
442 2453 475 2514 et
507 2447 714 2530 septuaginta
746 2466 981 2530 sexagenorum
1012 2448 1191 2530 impediant
1224 2465 1282 2515 seu
1308 2449 1366 2515 im·

62 2561 169 2644 pediri
198 2580 256 2644 per
278 2563 419 2643 aliquem
442 2560 683 2643 quomodolibet
704 2561 883 2643 paciantur.
918 2560 1114 2627 Mandantes
1136 2561 1365 2628 nichilominus

61 2676 220 2757 magistro
255 2676 387 2757 ciuium,
422 2673 620 2756 consulibus,
650 2675 769 2757 juratis
804 2680 838 2739 et
871 2674 1093 2740 communitati
1136 2674 1224 2740 dicte
1256 2679 1367 2741 nostre

60 2786 209 2854 ciuitatis
232 2786 438 2853 coloniensis
461 2792 574 2853 tenore
596 2787 799 2869 presencium
822 2785 959 2852 firmiter
972 2791 1008 2851 et
1023 2785 1181 2869 districte,
1206 2792 1365 2870 quatenus

60 2901 187 2984 prelato
211 2901 343 2967 Andree
373 2900 512 2983 singulis
535 2901 630 2966 annis
660 2899 702 2966 ad
724 2905 836 2965 nostre
858 2899 1036 2965 voluntatis
1068 2900 1305 2982 beneplacitum
1332 2906 1366 2967 et

60 3015 218 3096 quamdiu
240 3015 274 3079 iu
298 3014 449 3098 obsequis
471 3014 592 3080 nostris
616 3013 888 3096 perseuerauerit,
912 3012 1020 3079 dIctas
1043 3019 1171 3079 centum
1187 3031 1364 3096 sexagenus

60 3147 138 3194 cum
168 3129 374 3211 septuaginta
405 3129 575 3211 sexagenis
606 3146 793 3210 grossorum
822 3145 920 3210 super
953 3125 1050 3193 dlutis
1081 3126 1231 3192 terminis
1258 3128 1363 3194 sancti

59 3240 150 3307 Galli
173 3244 205 3305 et
228 3240 332 3307 suncti
357 3240 490 3323 Georgii
512 3243 583 3307 sine
606 3240 865 3307 contradictione
895 3246 929 3307 et
957 3240 1136 3306 renitencia
1165 3240 1366 3323 quibuslibet

57 3354 142 3419 dent
164 3353 368 3436 integraliter
390 3359 424 3421 et
445 3356 642 3437 persoluant
675 3357 746 3435 Quo
769 3353 854 3421 lacto
877 3353 966 3437 ipsos
982 3355 1022 3419 de
1037 3352 1223 3420 huiusmodi
1239 3373 1364 3420 summu

58 3472 191 3535 centum
219 3473 253 3533 et
284 3468 491 3551 septuaginta
523 3486 754 3550 sexagenorum
783 3468 917 3550 tociens,
950 3467 1103 3550 quociens
1126 3466 1231 3533 eidem
1253 3484 1361 3550 perso·

57 3583 132 3648 luta
161 3580 270 3663 fuerit,
302 3585 423 3663 nostro,
458 3581 613 3647 heredum
643 3588 675 3647 et
706 3599 929 3649 successorum
962 3586 1146 3649 nostrorum
1178 3579 1362 3647 nominibus

62 3696 188 3778 quittos
211 3695 378 3762 reddimus
401 3696 546 3762 totaliter
568 3701 601 3761 et
624 3696 756 3762 solutos.
791 3695 999 3762 Presencium
1022 3699 1081 3759 etc.
1115 3694 1236 3760 Datum
1258 3693 1362 3777 Prage

56 3827 146 3874 anno
166 3808 288 3874 domini
304 3805 467 3875 MOCCC⁰
488 3807 603 3889 primo,
621 3808 675 3873 die
696 3807 749 3873 IV.
767 3806 858 3890 Julii,
882 3825 1055 3890 regnorum
1070 3811 1254 3875 nostrorum
1275 3826 1360 3874 anno

56 3923 196 3987 Boemie
219 3920 388 3986 XXXVIII
411 3920 498 4003 (sic),
521 3921 740 3987 Romanorum
763 3939 838 3986 vero
862 3919 974 3988 XXV⁰.

164 4137 235 4206 Kop.
249 4134 411 4206 vrnlropise
423 4138 471 4190 eis.
485 4135 557 4192 univ.
571 4135 715 4204 knihoruy
726 4135 849 4190 Prudske
864 4136 1037 4208 „copiarium
1051 4136 1116 4209 dipl
1128 4135 1358 4193 Praemislueum‘

54 4235 131 4304 sign.
142 4233 181 4288 VI
194 4235 219 4287 Α
233 4239 257 4287 7.
275 4249 313 4288 na
328 4232 346 4288 l.
361 4237 421 4286 eea
434 4248 468 4286 zu
480 4232 605 4302 utpisem
627 4231 754 4296 „Andree
772 4231 807 4286 de
825 4232 906 4288 Duba
924 4249 1009 4304 snper
1027 4235 1048 4289 C
1067 4240 1095 4289 et
1111 4231 1187 4288 LXX
1204 4248 1360 4301 sexagenas

54 4333 86 4387 in
107 4330 220 4386 ciuitate
240 4325 398 4384 Coloniensi
418 4331 483 4381 etc.“
