3098 5392
726 463 801 515 ue
836 420 840 430 ’
1360 463 1425 532 ooo

152 691 194 755 aab
210 691 348 777 crycbty
369 694 498 779 cumqe
523 694 659 762 oedddal
679 695 798 762 vestio
822 696 927 779 place,
958 696 1039 783 ecfla'
1059 694 1142 782 jeip
1163 696 1216 779 byl
1236 696 1362 781 umbos
1384 698 1422 764 do

153 800 255 888 toucy
269 804 434 910 krdlovskd
448 807 564 874 deindo
581 809 762 875 Medionem
773 809 878 876 ncilclf
889 810 979 877 soliti
993 809 1065 876 sobd
1077 807 1249 876 messuro
1267 810 1423 894 rycbto'de,

301 942 324 986 a
344 920 449 1006 couno
470 920 575 987 romb
599 921 693 989 oernd
714 925 895 1007 ostcpovaci
917 923 955 989 do
977 924 1086 1007 cludo
1107 921 1245 990 bosco.

232 1079 372 1147 Karolus
395 1079 448 1146 dei
470 1081 579 1162 gracia
600 1081 817 1148 Romanorum
839 1100 895 1148 rex
919 1101 1046 1165 semper
1067 1087 1225 1166 augustus
1244 1088 1277 1149 et
1291 1083 1423 1150 Boemie
1521 1145 1525 1154 .

154 1206 202 1255 rer.
220 1192 338 1258 Notum
359 1192 496 1259 facimus
520 1193 691 1275 uniuersis,
715 1194 801 1278 quod
823 1195 1026 1263 attendentes
1048 1197 1241 1278 multiplicia
1255 1196 1421 1263 fidelitatis

157 1302 292 1389 obsequia,
315 1306 432 1390 quibua
454 1305 565 1373 fideles
587 1309 691 1374 nostri
714 1308 803 1375 ciues
818 1310 993 1375 'lustenses
1016 1308 1202 1376 celsitudini
1223 1314 1334 1375 nostre
1347 1308 1422 1375 hac-

156 1419 226 1483 tenus
246 1426 392 1502 prompta
415 1420 634 1486 sollicitudine
648 1421 840 1504 placuerunt
861 1428 894 1488 et
916 1441 951 1487 se
973 1427 1125 1504 poterunt
1140 1424 1173 1489 in
1189 1421 1333 1488 futurum
1349 1441 1422 1488 con·

157 1529 255 1598 linuato
277 1533 462 1599 sedulitatis
485 1533 592 1600 studio
614 1533 750 1599 reddere
775 1535 948 1616 gratiores,
977 1540 1012 1600 vt
1040 1536 1153 1602 eadem
1174 1541 1284 1602 nostra
1305 1537 1422 1602 ciuitas

157 1639 275 1712 felicibus
298 1647 506 1714 incrementis
520 1646 668 1730 proficiat
682 1652 716 1713 et
729 1648 849 1714 nostris
873 1648 1037 1731 obsequiis
1052 1668 1091 1715 eo
1105 1648 1229 1716 firmius
1245 1654 1278 1716 et
1292 1649 1421 1716 auidius

158 1751 275 1826 inherere
296 1760 458 1843 disponat,
481 1779 543 1844 quo
567 1779 603 1827 se
625 1760 744 1826 viderit
765 1762 960 1841 specialibus
987 1763 1089 1827 nostri
1112 1762 1234 1829 fauoris
1255 1760 1421 1828 beneficiis

159 1873 311 1947 socialiter
348 1878 562 1957 prosecutam,
600 1873 745 1940 adinstar
779 1875 865 1942 clare
896 1877 1049 1942 memorie
1082 1877 1219 1942 illustris
1253 1875 1420 1956 lobannis,

159 1987 287 2060 quondam
309 1986 443 2054 Boemie
465 1988 561 2071 regis,
584 1987 741 2069 genitoris
763 1989 867 2054 nostri
888 1987 1064 2071 karissimi,
1094 1988 1305 2069 decernimus,
1336 1987 1422 2070 quod

158 2096 236 2165 nullus
258 2102 508 2183 capitaneorum,
533 2101 781 2168 camerariorum
800 2102 851 2168 vel
866 2107 1026 2169 rectorum
1048 2101 1192 2168 ciuitatis
1215 2101 1256 2167 de
1276 2101 1422 2185 predicta

159 2205 262 2279 tibtote
284 2219 318 2278 et
339 2214 411 2279 eius
428 2213 553 2298 judicio
575 2213 780 2299 quidcunque
802 2216 885 2281 vltra
907 2234 1038 2281 censum
1064 2220 1252 2281 consuetum
1274 2215 1367 2282 nobis
1390 2220 1423 2282 et

156 2329 237 2392 nono
258 2345 384 2393 camere
406 2326 476 2393 dari
500 2328 630 2393 solitum
653 2328 782 2410 exigere
808 2329 859 2394 vel
881 2329 1045 2411 postulare
1067 2334 1232 2411 presumat
1253 2333 1310 2394 aut
1331 2329 1420 2411 ipsos

156 2432 218 2503 ciues
238 2442 288 2506 rel
311 2441 448 2507 alterurn
470 2460 508 2507 ex
531 2443 579 2507 eis
601 2442 643 2507 ad
665 2442 724 2507 hoc
747 2447 854 2508 artare
877 2443 927 2508 vel
950 2442 1140 2524 compellere
1171 2442 1286 2526 quouis
1315 2441 1420 2523 modo,

154 2547 198 2615 nisi
216 2553 253 2618 ds
274 2554 366 2636 regio
384 2554 561 2621 voluntatis
578 2554 706 2621 decreto
721 2554 811 2621 aliud
827 2555 1012 2621 duxerimus
1028 2555 1242 2622 statuendum.
1266 2554 1418 2623 Volentes

152 2663 238 2748 eiam,
276 2667 362 2749 quod
400 2669 489 2734 ciues
526 2668 611 2734 inter
646 2686 681 2733 se
713 2673 746 2733 et
780 2687 819 2734 er
852 2688 887 2734 se
922 2669 1004 2751 ipsis
1042 2670 1162 2752 eligere
1198 2669 1324 2751 possint
1362 2670 1421 2736 ali-

150 2788 221 2854 quem
252 2780 418 2847 conciuem
455 2780 615 2863 ipsorum,
640 2771 759 2846 'virum
795 2780 971 2865 ydoneum,
1013 2782 1065 2848 cui
1103 2783 1302 2849 committant
1332 2782 1420 2866 juli-

147 2887 211 2958 clm
238 2894 393 2974 ciuitatis,
417 2895 472 2976 qui
505 2894 598 2961 nobis
631 2899 664 2960 et
696 2894 936 2962 successoribus
959 2895 1079 2961 nostris
1112 2896 1163 2961 rel
1196 2896 1237 2976 ei,
1275 2896 1330 2978 qui
1364 2915 1421 2978 pro

143 3003 269 3090 tempore
290 3007 447 3090 prefuerit
468 3008 619 3091 regimini
642 3009 796 3091 ciuitatis,
827 3028 958 3075 censum
982 3028 1106 3076 camere
1127 3014 1236 3076 nostro
1258 3028 1347 3076 more
1369 3029 1419 3077 so·

140 3115 183 3186 lito
204 3122 299 3187 annis
323 3122 460 3205 singulis
483 3122 656 3204 persoluat,
680 3122 782 3190 donec
804 3124 885 3188 illud
908 3123 1092 3189 duxerimus
1114 3122 1339 3189 reuocandum.
1367 3124 1419 3188 In-

136 3229 272 3301 hibentee
296 3235 451 3317 districte,
474 3255 515 3301 ne
538 3237 611 3319 quis
635 3237 755 3303 ciuium
775 3236 919 3303 ciusdem
934 3237 1077 3303 ciuitatis
1101 3242 1211 3303 nostre
1232 3237 1266 3302 in
1289 3236 1419 3319 dispen-

134 3346 212 3414 dium
234 3367 415 3432 pauperum
437 3354 470 3414 et
492 3350 649 3417 iacturam
671 3370 707 3416 se
729 3352 902 3433 specialem
932 3370 989 3434 pro
1018 3351 1093 3417 aliis
1117 3351 1206 3417 curie
1227 3350 1419 3417 familiarem

131 3464 310 3543 constituat,
325 3462 367 3528 ad
382 3464 452 3543 hoc,
470 3463 555 3546 quod
570 3462 801 3531 familiaritatis
816 3465 919 3548 tytulo
935 3465 1089 3530 audacius
1106 3466 1221 3530 ceteris
1236 3463 1419 3531 hominibus

127 3581 289 3657 presumat
311 3577 453 3643 iacturas
482 3578 535 3643 uel
562 3576 732 3661 dispendis
755 3580 899 3660 irrogare
928 3577 987 3644 sub
1017 3597 1100 3661 pena
1130 3583 1240 3645 nostre
1271 3577 1418 3661 indigna·

126 3691 235 3771 cionis,
270 3709 367 3774 quam
396 3691 452 3775 qui
484 3709 577 3757 secus
606 3690 728 3771 iecerit,
758 3709 793 3756 se
824 3697 1018 3773 congnoscat
1040 3692 1184 3775 grauiter
1205 3693 1416 3757 incursurum.

121 3802 331 3870 Presenoium
352 3805 538 3872 testimonio
561 3805 735 3871 literarum.
771 3805 890 3870 Datum
912 3824 995 3872 anno
1018 3805 1139 3872 domini
1162 3804 1332 3871 millesimo
1354 3811 1418 3872 tre

121 3918 298 3984 centesimo
310 3917 556 3999 quadragesimo
573 3924 696 3999 octauo,
721 3917 902 3984 indiccione
917 3919 1030 4000 prima,
1047 3916 1109 3983 ΧΙο
1119 3918 1273 3985 kalendas
1285 3919 1417 4000 Aprilis,

117 4051 296 4116 regnorum
318 4036 502 4098 nostrorum
524 4050 608 4098 anno
631 4032 779 4098 secundo.

893 4118 956 4203 [Ns
979 4119 1064 4186 ohbu
1087 4117 1253 4202 upraroz]
1276 4120 1312 4186 R.

223 4274 298 4344 Orig.
327 4288 404 4344 perg.
430 4273 576 4329 varchiru
603 4259 730 4329 (ieakeho
758 4289 854 4328 musea
879 4272 956 4327 N⁰2
985 4273 1079 4342 (statii
1105 4273 1127 4328 d.
1153 4278 1207 4342 26).
1243 4273 1418 4329 Suilomlrem

114 4370 201 4426 reike
223 4369 316 4440 peleti
341 4368 490 4424 kralorske
510 4385 546 4424 na
563 4385 638 4440 perg.
658 4370 783 4440 proulku
808 4368 949 4426 zareiene.
969 4369 1012 4424 Na
1029 4370 1100 4424 rubu
1121 4370 1211 4424 ruirou
1229 4370 1298 4425 XVI
1316 4371 1419 4426 atoletf:

114 4467 172 4530 ,N0
191 4473 216 4532 2,
243 4466 297 4537 aby
320 4467 403 4520 mimo
427 4465 486 4535 plat
511 4465 639 4520 komomf
657 4485 672 4520 r
691 4465 780 4535 itdny
804 4469 862 4521 rice
885 4466 1053 4536 potahovsni
1077 4466 1193 4535 nebyli.“
1213 4496 1246 4506 —
1264 4466 1365 4534 Pelzel,
1383 4466 1418 4521 K.

113 4561 187 4618 liarl
204 4560 258 4615 der
275 4561 377 4616 Vierte.
405 4560 631 4616 Urkundenbuoh
649 4560 687 4615 Νθ
704 4561 761 4616 XL.
781 4592 813 4600 -
832 4546 925 4631 Ooaky
941 4561 1058 4632 pieklad
1084 4562 1181 4618 tohoto
1198 4563 1265 4619 liatu
1282 4564 1370 4619 chora
1388 4580 1418 4618 se

113 4678 128 4712 v
147 4658 237 4712 knizc
256 4656 423 4727 privilegiis
442 4673 464 4711 r.
485 4661 552 4711 1527
571 4674 586 4711 v
604 4656 716 4712 archiru
737 4658 825 4712 mesta
848 4656 988 4712 Domailio
1006 4674 1042 4713 na
1058 4658 1076 4712 l.
1094 4664 1111 4713 8
1130 4659 1163 4727 (t.
1181 4658 1207 4712 A
1226 4661 1269 4727 10)
1288 4676 1321 4714 za
1338 4660 1414 4729 napi·
