3098 5392
668 460 743 510 roeo.
1297 460 1361 528 589

54 681 87 721 ac
104 664 304 719 inuictissimus
323 664 452 734 princeps
472 671 500 718 et
518 665 655 733 dominus,
681 666 809 721 dominus
834 664 954 721 Karolus
974 671 1099 736 quartus,
1130 665 1225 721 diuina
1248 668 1363 724 fauente

54 762 204 817 clementia
221 763 406 817 Romanorum
430 763 581 832 imperator
599 778 709 833 semper
727 768 861 833 augustus
881 769 910 817 et
926 763 1039 818 Boemie
1057 777 1109 816 rex
1126 763 1251 832 illustris,
1270 765 1361 820 auimo

54 858 218 924 deliberato,
237 876 305 914 sano
315 858 479 928 principum,
497 859 633 913 baronum
651 866 680 914 et
697 874 841 933 procerum
862 858 921 913 eius
941 857 1091 913 accedente
1103 860 1228 928 consilio,
1240 859 1275 915 de
1287 869 1363 917 certa

55 956 100 1009 sui
118 955 238 1010 sciencia
257 955 435 1010 serenissime
453 955 571 1025 principi
591 962 619 1009 et
637 953 756 1022 domine,
774 954 885 1009 domine
900 954 1053 1023 Elisabeth,
1073 955 1259 1010 Romanorum
1278 957 1361 1026 impe·

54 1051 149 1108 ratrici
173 1067 285 1121 semper
308 1057 427 1120 auguste
446 1058 475 1104 et
491 1033 605 1105 Boemie
629 1049 723 1118 regine
744 1050 852 1117 illustri,
875 1049 996 1119 legitime
1022 1066 1074 1105 sue
1098 1049 1229 1118 consorti,
1253 1049 1362 1108 domine

55 1153 152 1201 nostre
171 1147 304 1217 graciose,
321 1147 460 1202 ciuitatem
479 1152 603 1200 nostram
625 1143 777 1216 predictam
801 1163 862 1200 cum
881 1146 963 1200 certis
984 1145 1044 1200 aliis
1064 1146 1232 1216 ciuitatibus,
1256 1164 1310 1218 que
1332 1149 1361 1202 in

55 1243 157 1298 litteris
185 1243 307 1297 eiusdem
334 1243 437 1297 domiui
462 1243 551 1297 nostri
575 1249 776 1312 expressantur
800 1241 961 1297 distinccius
987 1257 1047 1296 cum
1075 1241 1202 1297 omuibus
1223 1244 1361 1312 censibus,

55 1338 219 1406 redditibus,
236 1339 380 1406 fructibus,
399 1339 572 1405 utilitatibus,
587 1338 709 1407 judiciis,
733 1337 860 1393 dominiis
880 1345 908 1392 et
925 1339 1064 1392 uniuersis
1090 1338 1270 1408 pertinenciis
1295 1340 1362 1408 suis,

55 1438 83 1492 in
111 1437 323 1507 quibuscunque
350 1436 433 1490 rebus
461 1434 625 1503 consistant,
654 1435 752 1504 quibus
782 1435 866 1489 eciam
894 1434 1052 1489 nominibus
1080 1434 1192 1489 valeant
1218 1436 1362 1507 appellari,

56 1534 131 1587 nullo
151 1533 264 1602 penitus
283 1538 407 1602 excepto,
435 1532 463 1585 in
488 1547 592 1595 verum,
618 1532 721 1586 iustum
745 1538 773 1586 et
795 1530 951 1585 ordinatum
975 1529 1145 1598 dotalicium,
1170 1532 1240 1586 sicut
1264 1530 1361 1588 dotali-

56 1630 161 1684 ciorum
180 1628 341 1697 reginalium
357 1627 422 1696 jura
440 1625 605 1696 deposcunt,
624 1627 659 1681 ad
676 1632 804 1695 tempora
822 1626 877 1679 rite
895 1625 984 1696 ipsius
998 1626 1110 1680 domine
1125 1634 1220 1683 nostre
1238 1629 1360 1698 predicte

56 1725 141 1792 dedit,
160 1724 277 1778 contulit
294 1729 322 1777 et
340 1722 455 1776 donauit
473 1722 525 1776 sub
544 1720 633 1775 modis
647 1728 674 1776 et
686 1720 894 1776 condicionibus
913 1720 1112 1791 infrascriptis:
1131 1721 1267 1792 uidelicet,
1285 1724 1359 1795 quod

56 1820 155 1876 eadem
176 1819 353 1874 serenissima
379 1818 509 1888 princeps
528 1824 556 1873 et
574 1817 686 1873 domina
707 1823 804 1871 nostra
829 1823 857 1871 et
880 1832 932 1872 nos
957 1833 1017 1871 cum
1044 1833 1077 1872 es
1101 1817 1227 1873 similiter
1250 1820 1360 1876 domino

56 1922 154 1972 nostro
173 1916 233 1984 regi
250 1914 372 1982 Boemie,
391 1915 437 1984 qui
456 1931 507 1985 pro
523 1921 649 1984 tempore
667 1912 758 1979 fuerit,
777 1919 837 1968 tota
848 1913 985 1984 potencia,
1004 1914 1078 1969 omni
1096 1912 1152 1969 fide
1171 1921 1199 1970 et
1217 1915 1361 1986 diligencia

54 2013 195 2066 aduersus
221 2011 359 2081 quoslibet
379 2010 525 2064 inuasores
543 2009 621 2078 regni
645 2014 673 2062 et
697 2023 799 2063 corone
816 2009 927 2063 Boemie
951 2015 978 2062 et
1002 2009 1031 2063 in
1052 2010 1244 2079 procurandis,
1261 2028 1356 2068 mauu-

55 2109 187 2165 teuendis
208 2126 239 2163 ac
257 2107 436 2163 defensandis
446 2107 566 2175 juribus,
584 2105 743 2172 commodis,
761 2104 931 2175 profectibus
945 2111 973 2161 et
984 2107 1136 2162 honoribus
1150 2106 1272 2161 eiusdem
1284 2109 1362 2178 regni

55 2212 83 2260 et
102 2222 207 2259 corone
225 2205 329 2274 pariter
353 2202 503 2258 debeamus
522 2203 655 2257 assistere
672 2218 705 2256 ac
724 2202 778 2271 ipsi
797 2202 855 2270 regi
872 2202 993 2268 Boemie,
1017 2202 1128 2257 domiuo
1154 2209 1260 2270 nostro,
1277 2204 1361 2261 nullis

55 2317 186 2370 umquam
206 2299 377 2370 temporibus
402 2298 560 2365 aduersari;
588 2297 718 2367 quodque
744 2295 872 2351 dominus
897 2303 994 2352 noster
1017 2313 1067 2351 rex
1090 2297 1210 2367 Boemie,
1238 2301 1285 2369 qui
1310 2317 1361 2371 pro

55 2404 184 2466 tempore
194 2396 284 2462 fuerit,
303 2396 438 2465 prefatam
458 2391 663 2450 serenissimam
676 2393 839 2464 principem,
852 2393 991 2449 dominam
1004 2395 1156 2464 Elisabeth,
1175 2396 1361 2451 Romanorum

55 2492 260 2562 imperatricem
280 2500 307 2546 et
325 2492 436 2546 Boemie
454 2492 586 2561 reginam,
604 2490 744 2545 dominam
757 2496 889 2557 nostram,
908 2497 1037 2545 teneatur
1056 2497 1083 2544 et
1101 2491 1201 2546 debeat
1219 2492 1248 2558 in
1266 2492 1361 2546 huius-

56 2588 134 2644 modi
153 2605 205 2643 euo
224 2587 353 2643 dotalicio
366 2595 421 2642 tam
434 2589 462 2643 in
478 2588 591 2642 ciuitate
605 2592 710 2655 nostra,
729 2604 811 2656 quam
823 2587 852 2641 in
865 2587 932 2642 locis
946 2587 1016 2654 aliis,
1034 2587 1080 2641 rbi
1093 2587 1145 2642 boc
1156 2587 1234 2641 iuxta
1246 2587 1361 2643 formam

56 2687 214 2740 litterarum
228 2684 331 2738 domini
344 2685 432 2739 nostri
444 2684 561 2754 predicti
574 2682 627 2737 sibi
639 2683 743 2750 datum,
761 2683 889 2738 collatum
903 2690 931 2737 et
944 2682 1115 2752 assignatum
1128 2683 1187 2738 fore
1200 2683 1360 2751 dinoscitur,

57 2789 117 2836 toto
138 2787 263 2850 tempore
282 2780 337 2834 rite
357 2780 445 2850 ipsius
464 2779 573 2833 domine
590 2784 685 2833 nostre
697 2778 825 2849 benigno,
843 2777 987 2848 magnifico
1001 2783 1029 2832 et
1041 2778 1187 2834 fauorabili
1205 2780 1359 2849 patrocinio

57 2877 214 2943 defensare,
232 2892 321 2945 neque
341 2876 431 2929 eidem
450 2875 560 2929 domine
578 2881 673 2929 nostre
695 2874 823 2929 iniuriam
846 2881 894 2928 aut
912 2874 1073 2929 violenciam
1092 2875 1121 2929 in
1139 2892 1172 2930 eo
1191 2876 1291 2943 facere,
1310 2892 1361 2932 seu

57 2975 172 3028 facienti
191 2974 356 3039 consentire,
375 2978 422 3026 aut
441 2971 507 3026 dare
525 2971 570 3024 uel
590 2972 739 3026 concedere
759 2987 871 3040 operam
891 2972 935 3024 uel
954 2970 1086 3025 fauorem,
1105 2970 1148 3025 Sic
1167 2976 1267 3038 tamen,
1285 2972 1359 3043 quod

59 3088 123 3124 mox
151 3069 281 3122 defuncta
309 3067 468 3137 supradicta
496 3067 674 3121 serenissima
701 3066 812 3121 domina
842 3073 938 3122 nostra
969 3083 1063 3121 omnes
1094 3066 1230 3135 ciuitates,
1261 3074 1360 3137 castra,

59 3165 194 3229 redditus,
221 3170 373 3233 prouentus
401 3169 428 3216 et
452 3163 622 3231 pertinencie
650 3164 714 3217 talis
742 3163 872 3230 dotalicii,
900 3170 927 3217 vt
954 3163 1131 3233 premittitur,
1159 3162 1194 3218 ad
1221 3163 1360 3218 dominum

59 3269 186 3315 nostrum
206 3277 295 3329 regem
314 3261 434 3325 Boemie,
459 3259 505 3328 qui
528 3276 578 3328 pro
606 3266 730 3329 tempore
749 3260 840 3328 fuerit,
867 3261 972 3329 absque
996 3259 1192 3329 impedimento
1218 3278 1268 3315 seu
1292 3260 1362 3314 diffi-

60 3358 164 3411 cultate
191 3356 313 3424 qualibet
336 3356 421 3409 libere
443 3361 625 3411 reuertentur.
662 3356 743 3424 Sique
770 3364 834 3425 post
858 3357 960 3409 obitum
979 3355 1081 3425 prefati
1099 3356 1269 3411 serenissimi
1288 3357 1361 3427 prin-

60 3454 140 3522 cipis,
159 3450 263 3504 domini
282 3452 370 3505 nostri
389 3452 563 3520 imperatoris
584 3458 611 3504 et
629 3452 741 3505 Boemie
760 3452 842 3519 regis,
861 3467 940 3520 quem
955 3450 1033 3504 Deus
1049 3452 1224 3522 omnipotens
1242 3453 1362 3522 benigna

60 3549 103 3602 sui
123 3547 315 3601 misericordia
339 3548 366 3600 in
390 3547 510 3615 longera
534 3547 652 3601 sanitate
674 3546 812 3601 custodire
831 3545 967 3615 dignetur,
994 3546 1102 3617 prefata
1120 3547 1231 3601 domina
1255 3554 1360 3614 nostra,

60 3644 226 3714 imperatrix
245 3651 272 3697 et
289 3643 400 3696 Boemie
425 3644 520 3711 regina
541 3643 575 3697 ad
595 3642 730 3697 secundas
756 3643 870 3712 nupcias
894 3646 1063 3710 conuolaret,
1087 3648 1196 3710 extunc,
1223 3642 1287 3696 dum
1311 3659 1361 3697 rex

59 3741 183 3806 Boemie,
203 3740 250 3809 qui
269 3756 319 3810 pro
340 3746 464 3809 tempore
482 3740 572 3805 buerit,
591 3739 679 3793 eidem
695 3739 804 3794 domine
816 3746 910 3795 uostre
923 3758 973 3794 sex
986 3740 1060 3794 milia
1073 3755 1273 3808 sexagenorum
1286 3755 1362 3808 gros·

59 3853 156 3892 sorum
175 3837 351 3906 pragensium
371 3838 475 3891 usualis
494 3843 522 3890 et
540 3838 674 3891 currentis
699 3843 809 3892 monete
827 3839 994 3907 persoluerit
1017 3838 1046 3891 in
1070 3843 1169 3908 parata
1186 3836 1303 3906 pecunia
1320 3836 1361 3892 in·

58 3933 204 4003 tegraliter
222 3940 250 3987 et
268 3932 411 4002 complete,
437 3934 528 3987 statim
548 3933 582 3986 ad
602 3934 692 4002 ipsum
718 3950 817 4003 regem,
845 3936 891 4003 qui
915 3951 966 4004 pro
989 3940 1113 4002 tempore
1136 3932 1227 3999 fuerit,
1253 3947 1360 3987 necnon

56 4045 176 4099 regnum
195 4035 223 4082 et
241 4044 370 4082 coronam
388 4029 501 4082 Boemie
520 4037 675 4099 respectum
694 4030 795 4084 habere
814 4030 983 4097 debebimus,
1002 4030 1073 4084 sicut
1087 4029 1171 4083 eciam
1183 4028 1361 4099 promisimus

58 4133 88 4180 et
107 4132 243 4178 tenemur.
280 4123 401 4193 Ideoque
420 4123 454 4178 ad
474 4123 632 4178 mandatum
658 4125 795 4194 singulare
821 4123 972 4194 supradicti
995 4124 1164 4179 serenissimi
1183 4123 1316 4195 principis
1335 4131 1364 4180 et

56 4220 166 4276 domiui
185 4220 283 4286 nostri,
302 4219 477 4289 imperatoris
504 4226 531 4273 et
554 4219 665 4275 Boemie
689 4221 771 4288 regis,
796 4221 886 4274 auimo
911 4219 1073 4288 deliberato,
1101 4236 1169 4276 sano
1196 4220 1362 4290 precedente

56 4316 189 4382 consilio,
209 4315 243 4369 de
263 4316 355 4382 verbo,
375 4316 444 4369 scitu
464 4322 490 4369 et
510 4333 643 4385 expressa
664 4316 804 4368 voluntate
831 4315 918 4369 tocius
943 4315 1130 4370 uniuersitatis
1154 4321 1258 4383 nostre,
1282 4317 1362 4372 nobis

56 4416 95 4469 ob
118 4414 171 4468 hoc
190 4413 294 4483 pluries
313 4413 347 4466 ad
366 4413 509 4466 consilinm
530 4412 697 4477 conuocatis,
720 4429 803 4481 super
828 4413 954 4467 omnibus
979 4413 1150 4481 expressatis
1175 4412 1304 4483 superius
1328 4412 1361 4467 de

56 4511 147 4565 verbo
171 4509 205 4563 ad
224 4509 345 4574 verbum,
363 4517 446 4578 prout
462 4525 595 4577 expressa
608 4517 672 4562 sunt
690 4516 717 4563 et
737 4508 807 4563 sicut
825 4510 853 4563 in
871 4509 970 4563 litteris
989 4508 1111 4563 eiusdem
1130 4509 1233 4564 domiui
1245 4509 1361 4565 clariore

57 4607 254 4675 distinguntur
272 4607 381 4673 noticia,
399 4607 505 4675 prefate
518 4606 627 4659 domiue
641 4613 734 4660 nostre
751 4605 890 4660 fidelitatis
903 4606 1057 4676 homagium
1070 4604 1183 4661 fecimus
1197 4611 1225 4660 et
1235 4606 1359 4673 facimus,

56 4702 242 4775 promisimus
262 4709 289 4755 et
307 4703 502 4771 promittimus,
525 4702 676 4755 iurauimus
696 4710 723 4755 et
740 4702 862 4757 iuramus
881 4718 923 4770 ea,
942 4702 1012 4756 sicut
1036 4718 1171 4773 expressa
1195 4709 1269 4770 sunt,
1290 4709 1360 4772 rata,
