3098 5392
685 389 759 439 asse.
1290 390 1354 455 329

52 596 143 663 sonis
174 596 370 679 presumatis
400 595 605 679 aliquomodo
640 599 821 678 molestare,
855 599 952 664 immo
993 597 1215 665 molestatores
1244 616 1355 666 eorum

54 730 111 791 por
133 711 385 777 inclamacioncs
409 728 467 776 seu
490 711 578 776 leves
597 711 705 793 jactus
739 711 882 794 lapidum
905 712 976 777 sive
998 712 1057 776 luti
1081 713 1171 794 gravi
1193 731 1276 794 pena
1300 731 1353 795 pe·

58 826 203 890 ouuiaria
225 825 380 908 puniatis,
403 842 500 906 quam
521 844 586 891 non
606 825 760 891 habentes
776 825 910 903 solvere,
933 826 1036 905 aliter,
1061 826 1146 890 sicut
1161 826 1355 892 conveniens

58 936 161 1018 tuerit,
186 939 408 1023 compescatis.
454 937 521 1004 Eos
544 956 620 1004 vero
646 938 801 1020 singulos,
833 938 889 1018 qui
919 956 1033 1003 manus
1063 936 1221 1002 violentas
1252 956 1356 1019 usque

61 1051 96 1114 ad
119 1049 312 1116 effusionem
335 1050 504 1133 sanguinis
527 1051 560 1115 in
583 1050 723 1133 aliquem
754 1050 925 1133 injecerint
946 1049 1133 1129 Judeorum,
1163 1068 1260 1115 mauu
1289 1053 1355 1133 pri·

64 1166 125 1229 rari
148 1165 301 1230 volumus
325 1170 358 1230 et
379 1165 577 1231 mandamus.
602 1165 664 1245 Qui
688 1182 763 1230 vero
786 1163 928 1230 Judeum
950 1165 982 1229 in
1006 1169 1189 1245 contemptu
1211 1165 1354 1231 mandati

65 1275 245 1359 hujusmodi
275 1277 440 1357 occiderit,
474 1278 648 1359 occidatur,
675 1283 708 1343 ct
730 1278 770 1343 dc
799 1295 990 1360 quacunque
1011 1278 1143 1359 querela
1165 1296 1354 1343 excessuum

64 1395 274 1469 protectorum
293 1409 360 1469 ros,
380 1390 480 1474 judex
502 1396 536 1457 et
553 1390 664 1473 jurati,
688 1388 793 1455 ludeo
809 1408 872 1455 non
888 1388 1116 1455 satisfeceritis
1136 1389 1354 1470 conquerenti,

60 1507 240 1568 asserentes
270 1501 429 1583 fortassis,
461 1502 556 1585 quod,
588 1501 807 1568 demonstrata
837 1501 928 1567 vobis
961 1502 1177 1569 molestatoris
1208 1520 1354 1585 persona,

60 1613 195 1682 libenter
218 1616 327 1680 velitis
349 1616 384 1680 in
406 1634 480 1682 eum
498 1615 623 1697 justum
642 1614 803 1696 judicium
823 1631 981 1693 exercere,
1005 1613 1180 1679 decadem
1203 1613 1356 1695 querella,

57 1730 177 1810 sciatis,
201 1748 260 1795 vos
283 1728 376 1796 nobis
400 1730 510 1811 utique
532 1747 604 1794 cum
627 1747 710 1810 pena
732 1727 842 1794 debita
863 1744 1084 1808 responsuros.
1128 1727 1357 1793 Demonstrata

58 1859 130 1908 sero
153 1841 247 1907 vobis
270 1860 328 1925 per
349 1842 489 1926 aliquem
510 1839 689 1906 iudeorum
718 1839 927 1922 probabiliter
961 1839 1176 1906 molestatoris
1207 1859 1354 1922 persona,

58 1956 192 2021 eundem
215 1975 274 2037 per
291 1955 510 2037 juramentum
532 1954 699 2036 proprium
729 1970 934 2035 nequaquam
955 1952 988 2017 in
1011 1953 1072 2018 hac
1093 1959 1185 2035 parte
1208 1953 1354 2020 volumus

61 2068 238 2150 expurgari.
263 2069 385 2134 Datum
406 2085 451 2133 oc.

157 2239 206 2293 Dr.
231 2238 360 2293 Thendor
383 2237 489 2304 iacobi,
513 2236 606 2292 Codex
630 2237 788 2309 epistolaris
813 2236 949 2292 Johannis
973 2236 1356 2306 regisBohemiaed.1tlza

65 2335 192 2402 ulpisem:
224 2334 292 2402 ,llic
311 2333 431 2390 marchio
449 2332 559 2389 nomine
576 2333 648 2402 regis
667 2332 780 2388 mandat
798 2332 834 2388 ad
851 2332 997 2399 civitatem,
1015 2331 1089 2402 quod
1107 2332 1213 2388 Judeos
1231 2333 1260 2387 in
1277 2335 1354 2403 pacis

66 2431 269 2486 conservacione
288 2430 420 2486 custodiri
439 2433 611 2500 procurent¹¹
631 2461 663 2470 -
682 2429 791 2498 Strnad,
810 2428 903 2484 Listal
922 2429 990 2484 kral.
1009 2446 1043 2483 m.
1061 2429 1145 2483 Plzne
1163 2430 1185 2485 d.
1204 2433 1244 2483 48.

621 2696 685 2780 ers.
711 2715 784 2780 soc.

375 2866 472 2948 1339,
495 2867 538 2937 25
560 2867 698 2936 dubna.
724 2868 758 2937 V
779 2865 1035 2936 Norimberee.

69 3040 138 3106 lircil
159 3043 240 3115 ιῙαη,
264 3041 361 3125 clleje
377 3043 503 3124 pomocl
517 3041 657 3124 piispeti
678 3042 744 3108 odoi
764 3045 866 3107 mesta
885 3043 1012 3107 Hradce
1033 3042 1099 3106 aad
1115 3043 1241 3122 Labem,
1264 3041 1353 3107 ilerd

63 3156 200 3231 potorem
224 3154 318 3220 relmr'
350 3157 487 3238 olrpdla,
518 3155 630 3239 domja
652 3157 686 3238 jt
709 3157 791 3237 dipr's‘
811 3156 888 3238 lciny
909 3157 976 3222 lesa
998 3156 1075 3221 title
1096 3160 1197 3221 mesta
1218 3154 1354 3229 testatio,

66 3268 115 3349 cip
128 3269 273 3334 mersans
286 3269 300 3332 ι’
311 3267 415 3354 sarcir*
429 3267 525 3333 molli
550 3269 623 3334 sobe
648 3269 763 3334 ditetur
785 3269 886 3334 stolio
909 3269 974 3334 lesa
990 3269 1083 3350 ‹lomy
1097 3270 1149 3334 sci
1163 3269 1352 3352 opracoeoti.

159 3443 327 3510 lohannes
360 3444 412 3510 dei
436 3445 545 3525 gracia
567 3445 699 3510 Boemie
728 3464 794 3524 rex,
824 3443 1115 3527 Lucemburgcnsis
1142 3462 1258 3510 comcs.
1304 3443 1356 3509 Ad

64 3559 283 3624 rniuersorum
305 3556 459 3622 noticiam
480 3562 592 3623 tenore
614 3559 817 3639 presencium
840 3559 987 3623 volumus
1011 3557 1173 3637 deuenire,
1195 3557 1280 3639 quod
1296 3575 1355 3622 uos

60 3670 282 3737 reformacioui
316 3670 460 3736 ciuitatis
490 3677 599 3737 nostre
631 3672 831 3752 Greczensis,
863 3690 924 3754 que
957 3671 1020 3736 heu
1053 3670 1209 3754 proximis
1241 3669 1354 3735 diebus

58 3784 221 3864 preteritis
246 3801 303 3864 per
325 3784 411 3865 ignis
432 3785 617 3866 voraginem
635 3785 778 3850 totaliter
793 3789 843 3848 est
858 3789 1056 3867 consumpta,
1080 3803 1119 3848 ex
1133 3782 1355 3865 compassione

56 3897 224 3962 intendere
247 3896 425 3979 cupientes,
456 3897 665 3977 uolentesque
688 3897 814 3962 ciuitati
838 3896 941 3961 eidem
975 3896 1205 3978 premissorum
1235 3895 1354 3960 iutuitu

53 4009 200 4090 graciam
221 4008 329 4073 lacere
352 4008 533 4089 specialem,
558 4008 682 4073 ciuitati
706 4008 770 4089 ipsi
794 4013 826 4072 ct
849 4008 919 4073 eius
943 4008 1069 4073 ciuibus
1092 4013 1230 4090 quatuor
1245 4007 1354 4074 laneos

53 4123 140 4188 silue
163 4140 221 4186 seu
245 4122 385 4186 nemoris
409 4121 599 4185 Greezensis
623 4121 656 4184 in
678 4122 747 4185 loco
772 4120 834 4201 ipsi
858 4121 985 4185 ciuitati
1011 4121 1171 4187 adiaceuti
1196 4125 1228 4185 et
1249 4121 1354 4185 cidem

51 4236 140 4301 silue
161 4233 270 4298 minus
294 4234 408 4299 nociuo
432 4231 545 4296 damus
569 4232 609 4296 de
632 4232 722 4313 regia
737 4231 961 4299 munificencia
977 4239 1010 4297 ct
1026 4234 1191 4312 donamus,
1223 4233 1354 4298 cosdem

49 4350 167 4413 laneos
193 4347 276 4411 silue
298 4346 462 4428 sepedicto
485 4347 610 4411 ciuitati
626 4352 780 4427 perpetuo
795 4348 952 4426 unientes
977 4352 1011 4411 vt.
1033 4348 1121 4412 ciues
1145 4347 1208 4429 ipsi
1231 4352 1264 4412 et
1287 4348 1353 4429 ple-

46 4464 158 4527 banus
183 4460 329 4526 ciuitatis
352 4460 507 4538 eiusdem,
530 4461 584 4541 qui
607 4478 665 4540 pro
689 4464 831 4540 tempore
850 4460 980 4531 fuerint,
1004 4461 1113 4526 domos
1137 4465 1170 4524 ct
1191 4461 1265 4539 alia,
1290 4479 1352 4541 que

47 4574 290 4641 reformatione
309 4573 517 4654 indiguerint,
539 4573 714 4638 reformare
737 4578 769 4637 et
791 4575 962 4638 utilitatem
985 4593 1094 4638 eorum
1117 4591 1289 4654 procurare
1312 4573 1352 4637 de
