3150 5378
659 389 735 440 1611.
1294 389 1359 455 223

159 597 198 662 In
224 597 355 662 1161111116
385 597 507 663 1161111111
531 615 632 663 amen.
678 597 746 663 Nos
769 597 933 664 lohannes
965 598 1017 663 dei
1039 599 1149 680 gracia
1171 599 1304 665 Boemie
1328 606 1361 667 et

62 710 193 776 Polonie
215 729 274 788 rex
289 710 629 794 acLucemburgensis
649 729 765 792 comes,
783 717 895 778 notum
916 710 1052 777 facimus
1075 716 1141 777 tam
1156 712 1359 794 presentibus

61 844 154 908 quam
168 824 301 904 futuris,
314 824 355 890 ad
371 826 1041 908 666661666116611616611611111,1111661616,
1055 825 1140 908 quod
1151 827 1361 907 persuasione

58 939 137 1019 iuris
164 938 327 1003 naturalis
357 942 390 1002 et
411 937 563 1020 equitatis
586 938 748 1003 instancia
777 937 818 1002 ad
840 937 901 1002 1166
922 937 1145 1020 principaliter
1167 938 1359 1020 inducimur,

59 1060 86 1116 11
108 1056 301 1118 nostrorum
324 1051 445 1117 ciuium
463 1052 548 1134 jura,
577 1050 744 1118 libertates
764 1057 796 1116 et
811 1052 938 1134 gracias
960 1051 1140 1116 litterarum
1162 1052 1359 1134 testimonio,

59 1182 195 1246 quarum
218 1164 415 1246 protestacio
431 1163 553 1243 efficax,
577 1163 674 1228 velud
689 1164 829 1230 bumana
850 1164 1011 1245 fragilitas
1034 1181 1108 1229 cum
1123 1164 1261 1230 decursu
1279 1169 1358 1231 16111-

60 1281 144 1360 poris
168 1297 238 1343 non
260 1277 389 1358 labitur,
421 1277 478 1343 sed
509 1277 568 1342 sub
591 1278 694 1360 prime
715 1277 910 1344 intensionis
934 1277 1071 1343 veritate
1099 1283 1275 1359 permanet,
1307 1297 1359 1345 ro-

58 1391 170 1458 borare
195 1396 231 1456 et
252 1391 435 1473 patefacere
456 1390 630 1457 debeamus
640 1389 665 1474 ¹)
690 1392 820 1472 clarius,
844 1411 884 1457 ne
901 1410 960 1474 per
981 1391 1066 1457 bona
1088 1392 1359 1459 calumniantium

61 1506 224 1570 maliciam
246 1503 328 1585 ipsis
361 1504 395 1568 in
418 1504 541 1569 eisdem
571 1505 676 1586 possit
696 1506 937 1587 quomodolibet
958 1505 1117 1587 derogari.
1163 1505 1216 1570 Sic
1240 1506 1359 1571 etenim

61 1617 168 1684 fideles
191 1623 324 1683 nostros
339 1617 474 1684 dilectos
497 1618 586 1684 ciues
609 1624 642 1683 et
657 1619 780 1684 incolas
803 1619 947 1685 ciuitatis
970 1623 1080 1684 nostre
1099 1618 1260 1684 Lunensis
1284 1619 1358 1684 snb·

62 1731 177 1796 notatis
196 1729 338 1812 juribus,
372 1729 488 1812 quibus
519 1729 560 1795 ab
581 1731 715 1812 antiquo
737 1731 832 1814 potiti
864 1736 949 1812 sunt,
983 1736 1078 1813 prout
1107 1749 1146 1797 611
1175 1731 1358 1798 litterarum

66 1852 170 1910 tenore
194 1849 379 1909 nostrorum
400 1842 664 1925 predecessorum
686 1843 869 1924 didicimus,
892 1861 973 1926 quas
996 1843 1068 1925 ipsa
1091 1843 1209 1909 ciuitas
1231 1844 1359 1926 pridem

67 1957 182 2036 babuit,
213 1956 271 2021 sed
293 1974 379 2020 nunc
409 1957 498 2021 ciues
520 1955 666 2022 eiusdem
687 1955 899 2038 perdiderunt
928 1955 1117 2038 improuide,
1148 1957 1246 2038 potiri
1268 1959 1358 2024 volu-

69 2090 140 2150 nns,
164 2070 315 2152 ipsisque
334 2070 367 2135 in
383 2070 550 2136 auxiliaris
572 2070 787 2136 releuacionis
810 2068 1000 2149 subsidium,
1024 2075 1058 2134 vt
1072 2069 1165 2136 nobis
1188 2089 1226 2136 eo
1241 2071 1358 2137 melius

72 2185 184 2249 seruire
209 2184 347 2265 valeant,
370 2184 428 2249 has
452 2185 608 2266 speciales
631 2185 759 2266 gracias
789 2185 938 2250 duximus
962 2184 1141 2266 graciosius
1163 2183 1355 2250 iaciendum.

10 2346 12 2355 .
73 2295 215 2376 Primum,
238 2297 324 2378 quod
348 2296 484 2378 quilibet
505 2298 617 2363 laneus
637 2300 701 2380 ipsi
724 2297 852 2364 ciuitati
874 2301 1149 2366 commensuratus
1172 2298 1359 2379 octuaginta

74 2418 197 2490 quatuor
215 2410 395 2476 strichones
418 2411 551 2477 seminis
575 2411 691 2494 capiat,
715 2415 748 2477 et
762 2411 804 2477 de
818 2411 962 2494 quolibet
975 2412 1068 2479 laneo
1092 2413 1222 2477 nomine
1238 2430 1354 2477 census

72 2526 154 2589 annui
185 2524 355 2589 dumtaxat
383 2524 490 2590 media
521 2543 629 2590 marca
662 2525 746 2591 leuis
775 2526 937 2608 ponderis,
961 2523 1113 2592 videlicet
1145 2525 1262 2608 viginti
1284 2531 1356 2590 octo

71 2637 161 2716 cossi
182 2655 370 2719 pragenses,
393 2637 491 2702 semel
515 2637 548 2702 in
571 2655 664 2718 anno,
688 2643 766 2721 puta
789 2639 822 2704 in
845 2638 928 2704 festo
951 2638 1054 2703 sancti
1078 2638 1222 2718 Martini,
1245 2643 1358 2703 nostre

70 2767 182 2815 amere
207 2749 345 2815 debeant
367 2751 538 2831 assignari.
562 2750 660 2817 Ibata
681 2770 757 2818 vero
781 2752 909 2832 singula
931 2751 995 2832 ipsi
1019 2751 1145 2816 ciuitati
1168 2750 1355 2816 adiacencia

10 2890 14 2919 r
68 2864 126 2928 sine
149 2880 251 2928 censn
274 2861 375 2927 libera
397 2868 615 2943 permaneant,
638 2864 847 2946 ipsorumque
869 2863 1112 2944 possessoribus
1134 2864 1230 2945 plena
1244 2868 1354 2929 ancto-

66 2978 136 3041 ritas
160 2980 324 3058 competat
346 2976 469 3041 eisdem
490 2977 593 3058 pratis
617 2978 672 3056 vti,
697 2981 729 3043 et
752 2995 790 3041 ea
812 2978 845 3041 in
861 2978 1005 3058 ipsorum
1027 2996 1104 3041 vsus
1128 2981 1160 3040 et
1182 2976 1355 3042 militatem

64 3094 247 3154 conuertere
277 3107 468 3169 procorum
490 3088 690 3170 beneplacito
715 3089 898 3154 voluntatis.
945 3089 1066 3154 Damus
1102 3089 1204 3154 eciam
1228 3091 1355 3154 vnlner-

62 3203 149 3268 sitati
172 3202 260 3267 dicte
295 3203 438 3267 ciuitatis
471 3223 528 3284 pro
551 3203 710 3269 communi
735 3203 874 3268 utilitate
903 3204 1045 3269 omnium
1068 3203 1247 3269 incolarum
1271 3203 1357 3268 elus-

62 3315 131 3380 dem
155 3315 221 3379 duo
244 3334 373 3396 pascua,
398 3315 548 3381 videlicet
570 3335 722 3397 pascuam
737 3334 885 3397 magnam
909 3312 993 3402 [sic],
1017 3334 1113 3398 quam
1135 3315 1252 3382 flumen
1268 3317 1357 3398 Egra
1400 3318 1405 3331 '

59 3429 168 3507 ambit,
204 3428 289 3492 inter
322 3430 427 3510 ipsam
449 3430 614 3494 ciuitatem
648 3435 680 3494 et
703 3429 812 3494 villam
834 3429 1093 3495 Dobromierzicn
1124 3430 1292 3511 iacentem,
1324 3436 1358 3496 et

57 3542 155 3607 aliam
179 3560 333 3623 pascuam
355 3542 510 3607 minorem
532 3542 637 3606 eidem
659 3559 779 3623 pascue
801 3543 993 3624 contiguam,
1017 3542 1212 3608 comediam
1232 3549 1356 3625 partem

55 3674 250 3737 pascuorum
281 3661 392 3720 contra
423 3656 530 3719 villam
554 3655 724 3720 Leneesicz
758 3661 791 3720 61
812 3675 907 3738 agros
929 3654 1091 3738 Kugem2)
1116 3657 1262 3738 sitorum,
1292 3675 1356 3740 que

53 3766 208 3850 equidem
231 3768 357 3849 singula
379 3768 539 3850 adipeam
563 3769 728 3834 ciuitatem
751 3775 905 3850 perpetuo
929 3770 1143 3851 pertinebunt.
1168 3771 1235 3852 Ipsi
1251 3772 1356 3836 eciam

51 3884 146 3947 ciues
169 3881 322 3946 maccella
342 3883 494 3962 carnium,
518 3901 669 3965 scampna
691 3901 832 3965 pannum
854 3888 887 3947 et
910 3883 1020 3949 stubas
1043 3884 1205 3949 balneolas
1232 3883 1355 3967 absque

49 3994 177 4078 regalis
201 4013 316 4060 census
339 3995 503 4062 solucione
525 3997 557 4060 in
581 3995 793 4061 hereditatem
815 3995 959 4078 quilibet,
995 3998 1205 4078 quantumin
1228 3997 1352 4063 eisdem

50 4109 176 4175 habere
198 4108 385 4190 dinoscitur,
409 4109 509 4175 libere
531 4109 741 4191 possidebunt
768 4113 801 4173 et
822 4109 1005 4174 molendina
1028 4110 1188 4191 similiter,
1220 4110 1261 4175 de
1283 4112 1355 4193 qni·

52 4224 117 4288 bns
143 4228 251 4286 tamen
274 4221 366 4288 nobis
389 4223 429 4287 de
451 4230 522 4289 rota
544 4224 687 4305 qualibet
706 4223 949 4304 quatuordecim
970 4225 1075 4305 grossi
1098 4224 1192 4289 annis
1216 4224 1354 4304 singulis

54 4337 189 4402 soluere
222 4334 423 4400 tenebuntur,
470 4336 562 4402 Licet
595 4343 627 4402 et
656 4336 767 4402 licebit
801 4337 903 4402 eciam
934 4337 1014 4419 ipsis
1038 4337 1164 4402 ciuibus
1198 4337 1232 4401 iu
1256 4355 1355 4418 regno

51 4455 171 4516 nostro
194 4447 390 4529 areligiosis
406 4456 437 4514 et
454 4450 652 4515 secularibus
676 4451 873 4532 quibuslibet
895 4450 978 4516 bona
1001 4468 1186 4531 comparare
1205 4455 1237 4514 et
1253 4468 1358 4517 emere

49 4565 92 4631 de
118 4568 235 4628 nostra
257 4561 393 4627 licencia
408 4562 552 4645 speciali,
576 4581 638 4644 que
660 4564 736 4630 dum
758 4572 866 4646 empta
888 4562 1009 4629 fuerint
1031 4569 1064 4629 et
1086 4563 1261 4629 secundnm
1284 4583 1359 4631 con-
