3098 5392
747 423 822 474 nsas.
1365 422 1428 489 75p

122 655 146 697 a
170 631 193 695 k
214 632 282 697 obsi
304 629 512 714 Budcjoetcte'
527 629 708 712 pr‘imdr'cnc‘
737 630 809 712 byly
829 631 1000 711 vgorhday
1023 650 1045 692 a
1067 629 1128 710 obp
1150 650 1167 694 c
1189 627 1286 694 tdcltto
1309 627 1427 713 nor’dcb

144 743 299 826 pozcmlod
321 742 495 810 addentes
517 765 550 810 sc
571 744 682 808 roardi
703 742 805 807 addat
821 743 918 823 ploty
941 764 962 807 a
982 739 1087 823 ccasty
1109 740 1129 805 lc
1151 741 1218 807 obri
1239 740 1405 824 nedovaly.

233 961 444 1029 wenceslaus
477 962 530 1027 dei
563 961 673 1045 gracia
702 961 919 1028 Romanorum
953 980 1010 1027 rex
1044 978 1171 1042 semper
1206 963 1364 1043 augustus
1397 963 1430 1025 et

125 1076 264 1141 Boemie
289 1096 357 1142 rex.
380 1075 501 1142 Notum
523 1075 661 1143 facimus
684 1081 796 1142 tenore
818 1075 1021 1158 presencium
1044 1075 1216 1154 uniuersis,
1239 1074 1333 1156 quod,
1357 1092 1429 1139 cum

124 1210 193 1256 uon
217 1209 275 1273 per
298 1209 440 1258 errorem
462 1196 520 1256 aut
541 1190 733 1273 improuide,
768 1190 825 1256 sed
859 1189 967 1256 auimo
998 1188 1175 1256 deliberato
1209 1193 1242 1252 et
1271 1187 1312 1253 de
1343 1191 1431 1253 certa

127 1309 244 1371 nostra
267 1305 410 1371 sciencia
432 1305 549 1371 deuoto
572 1310 682 1370 nostro
705 1304 824 1369 dilecto
839 1303 1039 1382 Bohuucoui,
1063 1301 1201 1383 plebano
1218 1301 1252 1366 iu
1267 1300 1429 1380 Budweis,

127 1418 338 1499 indulsimus,
364 1423 398 1483 ct
418 1423 531 1485 tenore
550 1418 755 1501 presencium
785 1416 974 1499 generosius
997 1415 1213 1497 indulgemus,
1242 1419 1276 1479 vt
1298 1414 1369 1497 ipse
1391 1413 1431 1478 de

129 1533 223 1615 agris
247 1531 464 1614 infrascriptis
495 1536 528 1598 et
550 1531 737 1614 specialiter
759 1529 799 1595 ad
824 1530 966 1597 sedecim
984 1528 1103 1612 jugera
1126 1546 1162 1595 se
1184 1527 1431 1595 extendentibus

128 1644 420 1711 commutacionem
453 1643 517 1709 rite
558 1643 666 1709 facere
700 1643 807 1708 valeat
840 1647 938 1725 atque
970 1643 1088 1726 possit:
1135 1642 1238 1725 primo
1280 1641 1433 1708 videlicet

127 1777 247 1841 agrum
270 1763 303 1823 et
318 1756 455 1822 ecclesie
476 1755 689 1822 hereditatem
712 1774 812 1838 prope
834 1748 1010 1823 ecclesiam
1029 1756 1132 1823 sancti
1155 1755 1315 1838 Procopii,
1338 1773 1433 1839 quem

128 1889 248 1954 agrum
269 1869 425 1935 hacteuus
456 1873 528 1935 octo
562 1869 703 1934 ortulani
738 1873 814 1933 sunt
846 1869 935 1936 soliti
965 1869 1144 1952 possidere,
1179 1888 1236 1952 pro
1272 1887 1351 1952 agro
1374 1887 1432 1935 suo

128 1986 219 2052 dicto
244 1983 423 2066 vulgariter
444 1981 607 2067 scheibyu,
631 1983 694 2048 sito
717 2001 756 2047 ex
779 1984 927 2065 opposito
952 1983 1013 2064 vie,
1038 2002 1102 2066 qua
1124 1983 1191 2049 itur
1212 1984 1246 2049 iu
1268 1983 1434 2066 antiquam
1460 2002 1463 2006 ’

131 2098 313 2178 ciuitatem,
345 2101 378 2162 et
400 2095 460 2162 sub
483 2094 635 2162 oneribus
658 2095 763 2178 ipsius
787 2095 941 2177 ciuitatis,
968 2113 1064 2178 quem
1095 2096 1198 2162 eciam
1227 2115 1340 2180 agrum
1362 2100 1434 2163 octo
1502 2182 1504 2187 Ι

133 2212 279 2279 ortulani
302 2215 335 2276 et
355 2215 493 2294 quatuor
515 2209 661 2276 homines
696 2227 769 2275 cum
798 2208 923 2276 horreis
956 2215 988 2275 et
1018 2210 1121 2292 pratis
1154 2216 1264 2277 tenere
1287 2210 1434 2276 consueti

129 2330 221 2392 suut.
243 2325 326 2390 Item
347 2329 476 2407 pratum
505 2323 610 2406 ipsius
633 2321 770 2388 ecclesie
800 2322 860 2389 sub
892 2324 971 2389 villa
992 2322 1122 2389 Ladaus
1155 2323 1189 2389 iu
1211 2324 1321 2390 littore
1342 2322 1435 2389 fluuii

129 2440 239 2505 hlalcz
262 2439 361 2504 situm
394 2442 428 2503 et
449 2438 590 2504 locatum
611 2455 670 2520 pro
693 2440 786 2519 prato
809 2455 868 2502 suo
889 2437 1031 2520 proprio,
1056 2455 1095 2503 ex
1118 2437 1268 2519 opposito
1289 2437 1435 2505 eiusdem

135 2571 225 2635 aque
259 2552 363 2617 hlalcz
394 2551 467 2632 sito,
500 2551 603 2617 eciam
633 2549 693 2616 sub
712 2549 862 2616 oneribus
896 2551 1041 2616 ciuitatis
1071 2556 1104 2617 et
1134 2551 1319 2634 contiguum
1348 2551 1437 2633 agris

132 2664 274 2733 ecclesie
297 2664 499 2747 supradicte;
535 2663 589 2729 vbi
619 2682 694 2730 vero
717 2663 789 2746 agri
818 2662 956 2745 predicti
979 2682 1019 2730 ex
1041 2669 1176 2749 utraque
1208 2669 1301 2747 parte
1322 2665 1364 2730 ad
1387 2684 1438 2731 se

130 2779 241 2845 decim
258 2779 375 2861 jugera
398 2795 433 2843 se
463 2796 527 2844 nou
558 2775 777 2856 extenderent,
812 2775 941 2842 debebit
974 2782 1008 2843 et
1038 2778 1158 2860 poterit
1186 2778 1343 2862 plebanus
1365 2796 1437 2860 pre·
1506 2820 1509 2825 -

130 2893 243 2958 dictus
265 2892 306 2957 de
328 2891 416 2973 agris
440 2890 577 2957 ecclesie
599 2895 633 2954 et
653 2889 890 2956 hereditatibus
921 2909 979 2973 pro
1012 2892 1100 2975 agris
1123 2892 1268 2958 ciuitatis
1293 2897 1326 2958 et
1347 2893 1438 2958 here·

131 3004 295 3071 dilatibus
319 3004 360 3069 sd
383 3003 524 3069 sedecim
551 3004 703 3087 jugerum
734 3022 773 3069 ex
795 3003 923 3069 indultu
947 3008 1057 3070 nostro
1080 3005 1225 3088 predicto
1253 3006 1343 3072 licite
1365 3024 1436 3088 per·

132 3124 272 3198 mutare,
304 3118 471 3200 signanter
499 3117 585 3201 quod
607 3116 678 3199 agri
708 3121 741 3181 et
763 3116 961 3183 hereditates
993 3117 1121 3200 pridem
1143 3119 1280 3186 ecclesie
1302 3138 1360 3202 pro
1383 3119 1438 3185 he-

131 3231 332 3300 reditatibus
367 3237 400 3296 et
432 3232 520 3314 agris
559 3231 704 3297 ciuitatis
742 3232 917 3313 permutati
955 3232 1108 3299 oneribus
1151 3237 1184 3298 et
1220 3232 1440 3300 soluciouibus

134 3347 336 3425 subiaceant,
368 3344 532 3410 hereditas
555 3362 683 3427 quoque
715 3349 748 3408 et
770 3344 840 3427 agri
865 3345 912 3411 sic
935 3345 1002 3411 iam
1032 3347 1169 3412 ecclesie
1200 3347 1353 3429 applicati
1376 3347 1441 3429 ipsi

134 3460 276 3527 ecclesie
305 3458 503 3542 peramplius
535 3459 722 3524 descruiaut
752 3464 784 3524 et
814 3459 916 3525 libere
947 3460 1137 3527 subiaceant
1165 3462 1331 3543 perpetuis
1362 3466 1441 3527 tem·

139 3572 274 3658 poribus
292 3571 451 3653 affuturis,
475 3573 640 3655 predictus
657 3573 759 3639 eciam
774 3572 931 3655 plebanus
954 3575 1118 3656 predictos
1137 3593 1233 3659 agros
1251 3593 1323 3640 cum
1339 3575 1441 3657 pratis

136 3706 197 3770 pro
221 3687 309 3768 agris
334 3693 367 3752 et
389 3687 492 3769 pratis
517 3686 662 3752 ciuitatis
685 3687 877 3769 permutatis
900 3688 1048 3769 vendere,
1073 3688 1217 3772 obligare
1241 3708 1299 3756 seu
1321 3694 1443 3755 testare

136 3806 246 3883 potest
268 3801 359 3865 iuxta
382 3819 441 3866 sue
464 3800 701 3881 beneplacitum
732 3800 917 3867 voluntatis.
955 3803 1164 3885 Requirimus
1187 3803 1288 3885 igitur
1310 3820 1443 3868 reuera·

136 3915 237 3981 bilem
253 3914 450 3996 Pragensem
478 3913 766 3996 archiepiscopum,
789 3915 967 3996 apostolice
986 3915 1074 3982 sedis
1091 3916 1241 3998 legatum,
1264 3916 1443 4000 principem

138 4035 172 4095 et
210 4028 365 4093 deuotum
406 4032 552 4093 nostrum
590 4020 753 4109 dilectum,
788 4033 948 4108 quatenus
981 4031 1257 4111 permutaciouem
1293 4048 1444 4112 agrorum

138 4140 326 4207 huiusmodi
348 4139 501 4222 ratificat,
524 4159 619 4223 agros
642 4159 768 4225 quoque
791 4143 838 4207 sic
862 4143 999 4208 ecclesie
1022 4146 1193 4226 deputatos
1220 4144 1284 4226 ipsi
1307 4144 1445 4210 ecclesie

138 4256 282 4338 applicet
311 4255 531 4322 ecclesiastico
568 4255 643 4338 jure
673 4256 869 4338 peramplius
900 4257 1139 4339 possidendum.
1185 4257 1370 4325 Iuhibemus
1413 4262 1446 4324 et

135 4370 254 4452 judici,
285 4368 471 4435 consulibus
495 4374 527 4435 et
545 4369 664 4451 juratis
689 4370 834 4436 ciuitatis
858 4370 1014 4452 predicte,
1046 4390 1087 4437 ne
1109 4373 1383 4453 permutacionem
1406 4372 1445 4437 de
1470 4369 1471 4373 ’

140 4483 234 4550 bouis
267 4483 451 4549 huiusmodi
483 4483 643 4565 impedire
673 4490 862 4565 presumant
892 4484 1139 4567 quomodolibet,
1171 4492 1267 4567 prount
1297 4486 1446 4569 indigua-

143 4600 271 4664 ciouem
295 4604 439 4663 nostram
462 4598 626 4663 volueriut
650 4599 782 4663 euitare.
818 4598 1026 4664 Preseucium
1056 4599 1115 4666 sub
1137 4603 1227 4685 regie
1248 4606 1359 4669 nostre
1380 4621 1446 4668 ma-
