3098 5392
128 410 193 475 362
738 409 812 468 1341·

127 616 266 682 koodido
287 613 538 698 apioovcrndc
562 637 598 681 ce
619 619 716 682 nosce
743 636 777 683 sc
804 616 959 698 suddenly,
995 608 1154 696 scbvalojc
1181 611 1332 677 mom
1362 631 1373 675 c

123 730 285 812 pr'clodcni
304 729 461 811 piooodrd
497 751 542 794 aa
565 730 741 811 picdmdstr'
775 751 797 794 a
833 729 985 812 aaiieujc,
1018 729 1080 811 obp
1115 724 1241 792 venam·
1277 723 1373 789 coam

129 865 150 907 a
158 842 359 925 piooodrm'ci
373 864 409 907 vc
422 845 506 906 esem
528 863 544 907 s
560 846 688 907 mestcm
703 843 799 924 trpdli
814 865 835 907 α
850 839 944 908 toiiko
962 840 1174 908 kmc'diamim
1187 835 1373 904 Demodoci

678 956 767 1020 zr'crct
786 955 871 1021 meli.

170 1196 173 1206 ,
233 1129 302 1195 Nos
314 1128 478 1194 Johannes
502 1129 555 1194 dei
578 1131 687 1211 gracia
709 1131 842 1196 Boemie
863 1151 920 1196 rex
942 1150 980 1196 ac
1002 1128 1295 1211 Lucemburgensis
1312 1147 1373 1193 con

129 1249 240 1310 notum
264 1243 401 1309 facimus
413 1243 584 1323 uniuersis,
608 1243 702 1323 quod,
723 1245 800 1326 quia
819 1244 935 1309 ciuitas
951 1248 1062 1308 nostra
1077 1242 1110 1306 in
1125 1242 1209 1307 Tust
1231 1260 1251 1306 a
1272 1248 1373 1323 tempo

130 1377 193 1440 quo
216 1376 286 1421 eam
309 1356 415 1423 felicis
445 1355 682 1421 recordacionis
714 1356 873 1437 quondam
904 1356 1052 1421 dominus
1082 1353 1256 1434 Henricus‚
1291 1355 1373 1419 illust

128 1469 192 1534 dux
215 1468 364 1549 Bouario,
397 1486 495 1550 gener
517 1473 627 1534 noster
650 1468 847 1547 carissimus,
878 1470 912 1533 in
943 1487 1001 1534 sus
1031 1474 1192 1549 potestate
1221 1469 1337 1548 tenuit
1370 1489 1373 1549 p

128 1582 316 1664 voraginem
340 1582 435 1663 ignis,
459 1581 544 1647 sicut
565 1579 728 1663 fidedigna
750 1582 871 1647 ciuium
902 1582 988 1647 dicte
1017 1581 1163 1648 ciuitatis
1193 1580 1373 1647 informacic

128 1695 341 1776 percepimus,
366 1693 504 1774 dampna
528 1693 667 1774 plurima
690 1697 740 1757 est
761 1711 915 1775 perpessa
942 1713 981 1759 ex
1004 1712 1051 1774 eo,
1075 1692 1160 1776 quod
1183 1693 1299 1760 domus
1321 1692 1373 1757 tab

129 1827 202 1872 rum
226 1811 259 1871 et
279 1806 484 1870 braxatornm
507 1806 540 1870 iu
564 1805 635 1887 ipsa
658 1805 792 1871 ciuitate
814 1809 891 1872 tunc
912 1804 1044 1871 fuerunt
1062 1806 1169 1888 posite
1184 1806 1372 1884 etlocste‚n

129 1925 288 1984 maturam
311 1919 562 2000 prouidenciam‚
585 1937 681 2001 quam
704 1920 768 2001 ipsi
792 1920 880 1984 ciues
903 1920 1079 1985 Tustenses
1102 1923 1216 1985 contra
1239 1918 1316 1984 dicti
1336 1918 1373 1998 ign

128 2033 273 2115 pericula
302 2031 455 2096 adhibere
486 2035 688 2112 consuerunt,
723 2033 893 2112 presertim
924 2032 957 2096 in
988 2049 1036 2111 eo,
1070 2031 1156 2114 quod
1179 2030 1291 2097 domos
1312 2029 1371 2094 brar

130 2151 236 2210 torum
259 2143 401 2227 prefatas
425 2150 514 2209 extra
543 2163 651 2210 muros
683 2146 829 2211 ciuitatis
859 2145 977 2211 ibidem
1007 2145 1207 2224 locauerunt,
1240 2149 1351 2226 gratam

130 2265 295 2340 acceptam
317 2262 514 2341 reputantes,
538 2259 685 2324 volumus
709 2264 742 2322 et
763 2258 822 2323 hoc
845 2257 950 2324 edicto
973 2262 1128 2340 perpetue
1146 2257 1286 2321 valituro
1301 2270 1373 2320 sanor

129 2391 210 2452 mus,
234 2378 269 2436 vt
292 2373 435 2437 uniuersi
458 2370 541 2437 fabri
564 2377 596 2436 et
617 2372 803 2436 braxatores
834 2377 925 2437 extra
947 2373 1051 2454 ipsam
1079 2370 1248 2435 ciuitatem
1278 2374 1310 2433 et
1332 2369 1373 2431 iub

129 2504 237 2550 muros
261 2485 406 2551 eiusdem
428 2484 608 2550 residentes
632 2484 672 2550 ad
695 2485 856 2549 neminem
878 2485 988 2565 alium,
1011 2483 1075 2549 uisi
1090 2482 1132 2547 ad
1147 2483 1238 2549 ciues
1261 2478 1373 2563 sepedic

129 2598 272 2663 ciuitatis
295 2602 405 2662 nostre
427 2597 597 2662 Tustensis
620 2597 750 2662 inantea
772 2602 954 2678 respectum
980 2596 1097 2662 habere
1128 2601 1162 2660 et
1192 2595 1234 2661 ad
1264 2591 1373 2660 coutrib

130 2711 238 2776 ciones
262 2729 333 2775 cnm
356 2711 438 2791 ipsis
461 2709 588 2775 ciuibus
610 2708 774 2775 faciendas
801 2725 859 2791 pro
882 2708 1033 2776 oneribus
1063 2708 1262 2792 quibuslibet
1290 2722 1373 2788 suppo

127 2823 236 2888 taudis
270 2823 407 2888 debeant
437 2822 477 2887 de
507 2824 576 2887 suis
607 2822 753 2888 domibus
784 2823 824 2887 de
855 2829 960 2889 cetero
988 2822 1134 2905 obligari,
1168 2821 1348 2887 mandantes

131 2938 346 3019 precipientes
381 2935 516 3000 firmiter
549 2941 581 3000 et
616 2954 767 3017 expresse
800 2938 961 3002 uniuersis
994 2941 1027 3002 et
1060 2935 1198 3018 singuiis
1234 2929 1373 3000 officialib

128 3051 249 3116 nostris
272 3069 329 3131 per
342 3049 516 3130 Boemiam,
540 3068 578 3114 ac
600 3049 784 3130 specialiter
806 3050 1009 3132 burcgrauiis
1024 3048 1249 3129 TustensibuS,
1272 3053 1331 3112 tam
1344 3060 1373 3125 pr

130 3163 276 3228 sentibus
297 3181 393 3246 quam
423 3161 552 3242 futuris,
579 3167 737 3242 quatenus
768 3165 908 3244 graciam
938 3167 1082 3227 nostram
1110 3161 1296 3227 huiusmodi
1323 3158 1373 3223 dict

130 3275 256 3340 ciuibus
286 3280 398 3340 tenore
432 3275 632 3356 presencium
663 3274 881 3340 confirmatam
912 3295 974 3341 non
1003 3275 1142 3341 debeant
1170 3275 1220 3340 eis
1250 3273 1373 3354 infringe

129 3395 186 3453 aut
215 3389 305 3454 illam
336 3390 417 3469 ipsis
448 3388 507 3452 sub
538 3388 669 3453 obtentu
700 3391 801 3453 nostri
832 3389 954 3455 fauoris
977 3389 1041 3455 vllo
1063 3406 1204 3469 vnqucm
1226 3393 1358 3470 tempore

134 3504 242 3582 aliquo
266 3502 395 3566 violare.
421 3498 552 3579 Harum,
577 3501 694 3580 quibus
717 3507 861 3567 nostrum
882 3503 987 3567 maius
1010 3501 1155 3583 sigillum
1177 3501 1212 3565 in
1235 3504 1373 3583 perpetuu

130 3615 351 3681 testimonium
362 3614 608 3695 appendendum
623 3613 782 3695 duximus,
802 3615 972 3680 euidencia
986 3615 1162 3680 literarum.
1187 3614 1306 3679 Datum
1319 3612 1373 3686 Pro

130 3747 214 3793 anuo
237 3727 358 3792 domini
380 3726 551 3791 millesimo
574 3726 800 3792 trecentesimo
823 3726 1070 3809 quadragesimo
1093 3727 1210 3809 primo.

232 3915 304 3984 Orig.
331 3931 405 3984 perg.
425 3934 440 3969 v
459 3916 570 3969 archiva
597 3932 630 3969 m.
655 3915 794 3969 Domailic
812 3915 868 3969 Μ
895 3919 979 3983 (stare
998 3915 1021 3970 d.
1040 3922 1065 3982 4,
1089 3915 1195 3971 rrohn
1213 3916 1235 3970 d.
1255 3916 1305 3984 26).
1335 3905 1373 3964 re

133 4013 255 4064 utriena.
273 4010 316 4064 Na
334 4012 402 4064 rubo
421 4011 511 4064 rnkou
529 4010 593 4063 XVI
612 4010 716 4065 stoleti:
744 4010 831 4080 „[list]
849 4011 927 4064 krale
945 4011 1027 4077 Jaua,
1046 4011 1098 4082 aby
1116 4011 1248 4082 pivovtry
1267 4028 1284 4065 a
1301 4008 1373 4063 nova

128 4122 161 4159 za
179 4109 292 4160 meatem
311 4107 397 4176 byly.“
419 4139 450 4145 -
470 4107 493 4159 V
512 4107 593 4159 knize
612 4105 748 4175 privilegii
766 4124 780 4158 z
799 4124 820 4160 r.
842 4111 908 4160 152?
926 4123 963 4161 us
981 4107 997 4160 l.
1017 4114 1033 4161 2
1052 4126 1077 4162 r.
1096 4105 1130 4175 (d.
1149 4107 1173 4159 A
1193 4111 1222 4172 3)
1238 4124 1253 4159 v
1267 4104 1373 4162 achima

130 4201 268 4255 Domadlic
283 4203 313 4269 je
331 4203 415 4270 desky
439 4201 554 4271 pieklad
579 4201 676 4255 tohoto
695 4202 761 4255 listu
779 4218 813 4255 za
831 4204 970 4273 utpisem:
998 4202 1087 4267 „Ticti
1104 4203 1185 4256 kailo
1203 4203 1276 4256 Jana
1292 4199 1373 4266 major

130 4297 263 4350 ozdhubd
282 4301 369 4351 aresta
387 4298 482 4351 toboto
503 4298 583 4350 skrze
602 4297 682 4362 cheri,
702 4300 815 4366 protoie
834 4298 956 4351 kovrtiirv
969 4314 986 4352 a
998 4296 1181 4352 sladovnssrdr
1197 4297 1309 4352 domovd
1320 4288 1373 4350 tebd

131 4392 183 4461 byli
203 4409 218 4444 v
238 4395 323 4447 mesre
342 4395 471 4447 stavdni.“
494 4425 525 4433 -
544 4395 646 4459 Emler,
664 4395 785 4463 Regests
803 4394 849 4447 lv.
868 4395 890 4448 d.
909 4400 968 4448 851.
988 4424 1019 4434 -
1037 4393 1139 4461 Petrei,
1163 4394 1200 4449 K.
1218 4393 1292 4449 Karl.
1308 4387 1372 4445 derl

131 4486 214 4539 Urkb.
233 4487 272 4539 Νο
289 4488 359 4542 XLI.
378 4520 409 4526 -
430 4488 542 4543 Vdvoda
565 4487 797 4558 Doluobavorsky
821 4488 946 4543 Jindiich
964 4489 1065 4543 zemdel
1085 4496 1098 4543 1
1119 4491 1177 4543 acri
1199 4495 1272 4545 1³³9.
1307 4482 1373 4556 (nun

131 4581 182 4634 Die
202 4581 338 4651 Regestcn
358 4586 390 4638 K.
409 4585 492 4639 Karls
510 4585 556 4638 IV.
576 4584 597 4638 d.
617 4587 695 4654 80b.)
