3150 5378
734 411 810 465 1862.

682 603 788 687 *bs
816 620 888 688 aaa.

521 776 620 855 1352,
643 775 687 845 10
711 792 837 862 srpna.
859 776 892 845 V
908 773 1039 845 Prane.

132 933 216 998 Kroil
230 934 329 999 Κανά
344 934 398 997 IV
411 934 606 1017 ustonovuje,
628 934 662 1000 be
676 936 746 1008 teo,
769 931 848 998 tuos
861 934 943 1017 maii
955 954 1000 998 ou
1014 930 1140 998 monach
1163 952 1187 997 a
1200 930 1312 1017 js'ay‘cb
1323 949 1398 996 oeru-

130 1046 278 1113 oc‘tosteob
299 1070 318 1112 o
339 1050 437 1113 misti
448 1047 564 1114 In'oltod
576 1048 672 1114 aoebo
694 1047 844 1113 oobuodu
869 1048 954 1113 odor
976 1050 1078 1113 ηιέεία
1091 1045 1218 1113 mauce
1231 1046 1319 1112 rodni
1330 1045 1400 1128 pluit

131 1161 298 1243 pojistony,
313 1162 379 1244 jesi
400 1159 505 1227 anicla
520 1160 697 1244 pibptootc'
718 1159 889 1227 kobeootm
905 1158 1081 1242 potr'ebdm,
1095 1157 1176 1242 Jolro
1199 1179 1233 1226 se
1250 1164 1281 1225 to
1294 1181 1312 1222 s
1327 1160 1400 1222 Proro

134 1272 211 1357 deje,
241 1294 264 1338 o
283 1275 318 1339 sie
338 1274 486 1340 ulostotcs'
514 1275 711 1341 mnwoo’tostt
739 1272 851 1341 molseo
879 1271 1021 1340 tokooe‘to
1042 1275 1133 1341 rodrot‘
1146 1274 1245 1357 ploty
1265 1266 1399 1354 aesopo

581 1389 752 1472 splocootm
773 1386 874 1471 leopos
893 1408 977 1470 ceap.

238 1562 377 1629 Karolus
400 1564 453 1630 dei
476 1566 584 1646 gracia
606 1566 822 1631 Romanorum
843 1583 900 1630 rex
924 1580 1051 1646 semper
1072 1568 1232 1646 augustus
1248 1569 1281 1629 et
1296 1556 1400 1628 Bosnic

134 1694 198 1741 rex.
243 1675 363 1744 Notum
387 1677 523 1743 facimus
546 1683 657 1744 tenore
679 1678 881 1760 presencium
903 1676 1074 1757 uniuersis,
1110 1676 1197 1759 quod
1219 1695 1278 1743 nos
1298 1676 1402 1760 propter

134 1808 300 1856 commune
320 1791 438 1856 bonum
454 1796 487 1857 et
501 1791 673 1857 vtilitatem
696 1791 879 1858 euidentem
901 1791 1042 1858 omnium
1064 1789 1244 1856 incolarum
1258 1794 1292 1856 et
1305 1787 1401 1856 oinium

135 1903 279 1970 ciuitatis
301 1909 410 1970 nostre
434 1901 566 1971 colonie
589 1923 685 1987 super
708 1905 842 1971 Albeam
863 1904 954 1988 regio
980 1903 1085 1971 edicto
1100 1906 1135 1969 et
1149 1907 1272 1970 statuto
1293 1899 1402 1969 indolu-

132 2014 242 2082 biliter
274 2017 429 2084 duraturo
460 2020 642 2099 statuimus,
677 2018 860 2085 ordinamus
883 2023 917 2086 et
946 2016 1137 2100 sanccimus,
1170 2022 1207 2083 vt
1228 2014 1361 2083 vniuesi
1378 2016 1401 2075 et

135 2130 255 2212 singuli
279 2132 367 2197 ciues
390 2137 447 2197 aut
461 2132 525 2197 alie
543 2148 680 2213 persone
695 2131 914 2197 ecclesiastice
930 2131 980 2196 vel
1003 2131 1175 2212 seculares,
1199 2131 1401 2207 cuiuscumque

134 2247 248 2324 etaim,
271 2243 441 2326 dignitatis
463 2246 513 2311 vel
535 2245 772 2327 preeminencie
794 2245 944 2325 existant,
967 2241 1121 2310 habentes
1143 2261 1263 2311 eenmrs
1278 2243 1327 2309 rel
1345 2255 1400 2323 pen·

134 2356 240 2422 siones
256 2375 379 2423 annuas
395 2376 492 2439 super
510 2357 667 2437 domibus,
692 2357 781 2437 ortis,
805 2356 903 2441 agris,
926 2356 1197 2440 possessionibus,
1219 2356 1342 2441 juribus
1359 2365 1399 2416 seu

133 2468 366 2537 hereditatibus
400 2469 654 2554 quibuscumque
687 2472 721 2536 in
753 2471 825 2553 ipsa
855 2470 989 2536 ciuitate
1022 2467 1155 2536 Oolonie
1186 2471 1238 2536 uel
1268 2458 1399 2535 exural

133 2583 237 2664 ipsam
252 2584 481 2666 spectantibus,
505 2603 630 2651 exnunc
646 2587 777 2652 inantea
792 2583 833 2650 de
847 2583 971 2650 eisdem
990 2582 1140 2650 censibus
1163 2586 1198 2649 et
1219 2576 1398 2666 pensionibus

134 2715 205 2762 cum
227 2697 299 2779 ipsa
322 2698 455 2765 ciuitate
479 2698 682 2766 contribuere
704 2703 738 2765 et
760 2699 886 2765 soluere
907 2697 1045 2764 debeant
1073 2697 1234 2780 equaliter
1255 2700 1288 2762 et
1308 2693 1400 2775 abque

135 2811 222 2876 omni
246 2811 504 2878 contradiccione
518 2813 609 2879 iuxta
631 2830 757 2879 omnem
777 2811 917 2893 modum,
939 2810 1074 2878 formam
1095 2814 1130 2875 et
1151 2808 1399 2878 consuetudinem,

134 2929 231 3005 prout
252 2925 341 2991 ciues
364 2925 507 2991 ciuitatis
534 2930 644 2993 nostre
672 2925 846 3008 Pragensis
869 2923 910 2990 de
932 2941 1042 2991 eorum
1072 2921 1224 2989 censibus
1247 2928 1281 2990 et
1300 2918 1400 3006 pensis

133 3036 228 3103 nibus
259 3039 394 3119 soluere,
425 3039 502 3105 dare
524 3044 556 3104 et
577 3038 780 3105 contribuere
810 3057 881 3104 cum
911 3038 984 3119 ipsa
1012 3036 1146 3102 ciuitate
1168 3036 1210 3102 de
1231 3056 1316 3105 nouo
1335 3026 1401 3099 solid

134 3156 209 3216 sunt
231 3156 264 3217 et
286 3158 530 3219 consueuerunt.
576 3149 731 3217 Volumus
762 3152 864 3217 eciam
891 3156 925 3216 et
946 3149 1132 3216 ordinamus
1161 3145 1402 3234 irrefragabiliter

133 3263 307 3346 obseruari,
339 3271 374 3330 vt
396 3266 591 3349 quicumque
621 3267 742 3332 ciuium
765 3283 822 3331 seu
844 3265 1021 3331 incolarum
1044 3262 1130 3329 dicte
1158 3263 1306 3330 ciuitatis
1332 3257 1404 3326 colo

131 3377 255 3442 niensis
287 3397 384 3461 super
406 3384 439 3444 et
461 3377 619 3459 inbonis,
653 3378 811 3459 domibus,
842 3376 1074 3444 hereditatibus
1104 3379 1139 3442 et
1166 3372 1405 3460 possessionibus

132 3491 201 3556 suis
224 3493 417 3559 necessitate
438 3491 574 3558 forsitan
599 3498 732 3575 cogente
753 3492 893 3575 aliquem
913 3509 1046 3558 censum
1059 3491 1111 3557 vel
1125 3491 1317 3574 pensionem
1334 3489 1407 3555 here

134 3603 255 3669 ditarie
278 3606 328 3670 vel
350 3604 392 3669 ad
414 3610 558 3686 tempora
581 3604 790 3685 vendidisset,
814 3609 849 3669 vt
869 3602 983 3685 isdem,
1006 3603 1083 3669 dum
1102 3601 1244 3671 facultas
1266 3603 1329 3671 sibi
1347 3617 1407 3682 sup

133 3718 277 3799 pecierit,
302 3718 438 3783 eundem
461 3736 592 3785 censum
607 3719 658 3783 rel
673 3718 861 3800 pensionem
882 3736 940 3800 pro
963 3735 1087 3784 summa
1108 3718 1247 3799 pecunie
1268 3713 1408 3802 ospitalis,

133 3831 165 3895 in
187 3849 250 3912 qua
265 3832 449 3898 huiusmodi
473 3851 604 3899 censum
619 3833 669 3898 vel
692 3832 879 3914 pensionem
902 3829 1049 3897 vendidit
1062 3830 1113 3896 rel
1136 3830 1306 3914 alienauit,
1326 3830 1410 3898 libers

133 3950 166 4010 et
187 3945 277 4012 licite
299 3947 466 4013 exsoluere
488 3952 520 4012 et
541 3947 700 4013 redimere
721 3946 829 4012 valeat
853 3950 948 4030 atque
969 3945 1083 4027 possit,
1113 3944 1411 4014 mnnomoeionoct

133 4060 300 4126 occasione
323 4065 469 4127 cessante
501 4077 709 4142 quacumque,
740 4059 916 4142 eademque
938 4057 1070 4140 capitali
1091 4058 1231 4141 pecunia
1254 4059 1339 4126 dicto
1358 4073 1411 4122 em·

132 4173 217 4254 ptori
239 4174 359 4240 tradita
382 4180 415 4240 et
429 4175 595 4256 assignata
616 4173 711 4241 debet
731 4174 877 4240 totaliter
898 4173 1086 4239 contentari.
1110 4172 1306 4241 Mandantes
1325 4169 1410 4240 firmi·

130 4290 181 4351 ter
203 4293 236 4351 et
257 4287 404 4354 districte
426 4293 459 4355 et
481 4287 540 4354 nub
563 4287 694 4354 obtentu
717 4288 826 4369 gracie
840 4292 966 4369 ¹nostre
994 4284 1142 4354 omnibus
1165 4292 1200 4355 et
1220 4288 1357 4373 singulis
1376 4282 1411 4350 oi·

132 4399 227 4466 uibus
250 4405 283 4466 et
303 4401 418 4468 incolis
441 4399 585 4466 ciuitatis
609 4398 811 4468 Coloniensis
833 4418 956 4467 necnon
971 4398 1046 4466 aliis
1062 4398 1271 4484 quibuslibet,
1293 4412 1411 4486 quornm

133 4512 277 4596 interest,
301 4515 510 4598 secularibus,
534 4514 764 4581 ecclesiasticis
787 4519 820 4580 et
832 4514 1006 4598 religiosis,
1027 4512 1236 4598 presentibus
1250 4509 1410 4587 comtum

132 4631 289 4709 quatenus
310 4628 457 4710 predicta
478 4632 590 4695 nostra
612 4632 733 4695 statuta
752 4634 786 4695 et
806 4628 1030 4696 ordinaciones
1052 4631 1242 4694 munienter
1261 4624 1412 4696 numum
