3098 5392
748 420 825 473 lul.
1367 416 1433 485 359

131 602 189 687 1‘11
202 644 233 693 se
246 625 426 708 grsciosius
447 624 649 693 redundare:
673 645 746 695 cum
766 627 879 710 itaque
893 627 982 694 ciues
998 632 1031 693 et
1045 626 1149 694 incole
1168 624 1312 692 ciuitatis
1327 630 1437 692 nostre

124 715 235 806 Noue
255 739 367 806 Pilzne
389 739 430 805 de
452 740 537 821 vino,
567 740 684 821 pannis
707 746 741 807 et
763 741 901 825 singulis
924 759 1035 807 eorum
1054 738 1216 807 mercibus
1243 738 1435 805 conductum

116 855 181 916 et
198 852 400 919 theoloneum
430 853 464 918 in
493 853 595 920 Taust
624 853 752 921 soluere
780 873 820 921 er
851 853 1001 921 libertate
1033 852 1159 936 pridem
1187 852 1236 919 eis
1266 851 1352 919 tacta
1374 869 1437 919 non

114 957 343 1045 tenebantur,
367 965 448 1047 ipsis
470 966 590 1034 dietam
612 967 796 1035 libertatern
817 974 851 1035 et
873 966 1015 1051 graciam
1037 966 1078 1033 de
1099 964 1326 1033 munificencia
1347 965 1438 1047 regia

117 1069 360 1145 innouandam
389 1078 540 1146 duximus
571 1085 605 1147 et
627 1078 887 1163 confirmandam,
919 1084 1098 1147 statuentes
1121 1084 1155 1146 et
1175 1079 1362 1145 ordinantes
1383 1078 1438 1145 de·

117 1196 230 1257 creto
252 1197 420 1275 perpetuo,
442 1197 478 1257 vt
491 1192 557 1276 ipsi
572 1194 662 1262 ciues
684 1201 719 1261 et
739 1197 845 1263 incole
867 1196 954 1262 dicte
976 1192 1121 1261 ciuitatis
1143 1191 1297 1273 decinis,
1319 1191 1437 1275 pannis

114 1310 170 1370 et
192 1305 356 1371 ruiuersis
379 1305 539 1372 mercibus
561 1324 682 1389 eorum,
704 1326 777 1390 que,
799 1328 880 1393 quos
898 1314 931 1376 et
945 1327 1026 1391 quas
1045 1326 1104 1391 per
1125 1306 1215 1387 Tnat,
1238 1305 1438 1389 Pireimperg

118 1424 171 1483 et
191 1418 392 1485 Tacbnuiam
413 1418 597 1486 addictam
628 1420 794 1487 ciuitatem
827 1420 978 1487 duxerint
998 1424 1032 1486 et
1053 1420 1088 1485 in
1110 1419 1184 1501 ipsa
1206 1418 1341 1484 ciuitate
1365 1436 1437 1500 pro·

122 1532 263 1613 pinara,
297 1530 420 1597 sarcire
450 1535 483 1597 et
503 1531 644 1598 vendere
665 1532 836 1613 voluerint,
869 1532 993 1598 nullum
1022 1531 1152 1615 penitus
1184 1529 1375 1597 conductum
1404 1534 1438 1595 et

120 1645 344 1711 theoloneum
366 1644 494 1711 soluere
516 1644 663 1726 debeant,
697 1644 754 1711 sed
784 1645 826 1711 de
856 1645 938 1727 ipsis
971 1645 1066 1711 liberi
1100 1645 1166 1711 siut
1199 1642 1381 1710 omnimodo
1403 1646 1437 1709 et

132 1758 289 1841 exempti.
315 1755 554 1824 Committimus
577 1759 678 1841 igitur
693 1759 812 1825 illustri
835 1759 966 1840 Ksrolo,
988 1757 1168 1826 marchioni
1190 1756 1347 1836 Morauie,
1369 1755 1434 1837 pri·

132 1872 302 1954 mogenito
325 1876 437 1938 nostro
458 1872 636 1953 camasimo,
659 1876 692 1938 et
722 1873 840 1938 ceteris
872 1872 994 1938 nostris
1024 1869 1265 1937 successoribus
1294 1873 1329 1934 et
1348 1887 1437 1935 man·

138 1982 254 2048 damus
276 1985 440 2050 uniuersis
462 1989 495 2050 et
517 1985 654 2068 singulis
677 1982 871 2051 officialibus
895 1990 928 2051 et
950 1985 1134 2067 specialiter
1155 1982 1384 2067 purchgrauiis
1403 1982 1437 2049 in

145 2095 231 2177 lust,
262 2098 384 2163 nostris
406 2095 565 2178 fidelibus,
594 2096 799 2181 presentibus
822 2103 855 2164 et
876 2098 1006 2178 futuris,
1036 2102 1195 2180 quatenus
1216 2095 1321 2162 dictos
1345 2094 1434 2161 ciues

151 2215 270 2275 nostros
301 2211 334 2274 in
365 2210 550 2276 huiusmodi
584 2217 694 2277 nostre
727 2211 888 2277 libertatis
922 2212 1032 2293 gracia
1061 2230 1126 2277 non
1158 2208 1345 2292 impediant,
1377 2226 1437 2275 nec

155 2320 252 2387 sinant
273 2341 332 2405 per
353 2323 537 2405 quempiam
568 2323 728 2405 impediri,
759 2324 817 2389 sed
839 2325 952 2406 pocius
976 2325 1009 2389 in
1031 2323 1143 2390 eadem
1169 2326 1279 2389 nostro
1308 2320 1438 2389 nomine

160 2440 385 2517 manuteneant,
407 2433 468 2521 [et]
484 2435 608 2502 nullum
622 2435 663 2501 ab
678 2437 726 2501 eis
742 2437 919 2520 erigentes,
938 2440 972 2501 vt
986 2435 1174 2519 predicitur,
1197 2434 1390 2501 conductum
1403 2437 1438 2500 et

164 2543 360 2628 theoloneum,
382 2553 553 2631 protegant
567 2552 600 2613 et
614 2554 816 2615 conseruent.
839 2549 874 2615 Si
890 2550 964 2631 quis
978 2566 1054 2615 vero
1069 2566 1152 2614 ausu
1167 2546 1339 2613 temerario
1359 2546 1436 2615 buic
1521 2608 1524 2615 .

164 2664 249 2725 nostro
263 2661 415 2727 mandato
431 2661 592 2728 contraire
606 2662 849 2744 presumpserit,
865 2658 1126 2744 indignacionem
1140 2660 1265 2743 regiam
1279 2664 1313 2726 et
1326 2677 1434 2727 rerum

169 2783 273 2838 suarum
303 2792 404 2855 graue
433 2773 638 2856 dispendium
667 2793 703 2840 se
733 2773 861 2841 nouerit
894 2774 1106 2839 incursurum
1151 2771 1285 2855 Harum,
1318 2772 1435 2854 quibua

169 2889 285 2951 nostrum
308 2887 413 2952 maius
436 2885 580 2968 sigillum
601 2887 634 2951 in
658 2887 793 2952 euidens
812 2892 845 2951 et
860 2890 1051 2968 perpetuum
1072 2886 1293 2951 testimonium
1314 2904 1434 2969 appen-

168 2987 278 3062 dendum
301 2999 461 3078 duximus,
489 2998 658 3064 enidensis
680 2999 857 3065 literarum.
902 2998 1024 3063 Datum
1045 2997 1150 3079 Prnge
1171 2998 1216 3063 IV
1238 2999 1292 3065 die
1313 2999 1434 3065 mensis

169 3101 278 3188 tngnsti
306 3130 391 3176 anno
421 3111 544 3177 domini
573 3112 743 3177 millesimo
776 3112 1003 3177 trecentesimo
1038 3110 1285 3193 quadragesimo
1319 3111 1431 3193 primo.

245 3263 314 3333 Orig.
332 3282 410 3335 perg.
429 3284 445 3320 r
463 3281 559 3320 musea
579 3282 612 3318 rn.
631 3266 714 3319 Plznb
731 3266 754 3319 d.
772 3273 797 3319 3.
828 3266 846 3319 S
864 3265 964 3319 velkou
984 3264 1076 3334 pedeti
1093 3265 1262 3320 lrrrilorskou
1280 3266 1366 3319 reliee
1384 3282 1432 3335 po·

168 3357 306 3426 nnobrnon,
324 3378 361 3415 na
377 3360 603 3415 zeleno-oervens
622 3360 764 3415 hedvsbne
783 3361 867 3415 lindie
885 3360 1048 3415 sardienon.
1066 3360 1111 3416 Na
1129 3362 1199 3415 rubu
1211 3361 1302 3415 rulrou
1314 3362 1364 3415 lll'
1377 3368 1433 3417 sco·

168 3442 210 3502 leti:
232 3455 302 3510 ,bist
321 3457 397 3510 lrrdle
416 3457 489 3513 Jana
507 3474 544 3511 na
561 3457 603 3512 clo
627 3456 793 3524 Ptimdculrui,
818 3457 995 3511 Domadliclre
1019 3456 1239 3513 a'l'acbovslre.“
1259 3487 1292 3498 -
1310 3456 1433 3523 Hrndh,

168 3536 236 3602 1(dibu
254 3554 377 3619 pambtul
400 3552 441 3605 kr.
466 3569 499 3605 m.
524 3553 607 3606 Plznd
631 3558 679 3605 atr.
706 3559 745 3604 12.
765 3583 797 3590 -
816 3552 917 3618 Emler,
945 3553 1063 3621 Regests
1086 3552 1132 3606 ll'.
1151 3552 1174 3607 b.
1192 3558 1251 3607 bib.
1270 3582 1304 3593 —
1322 3552 1431 3631 Strusd,

168 3631 236 3696 biatu
252 3646 290 3700 ur.
309 3665 345 3701 m.
363 3647 447 3701 pune
465 3647 487 3702 b.
506 3654 548 3703 uo.

707 3808 771 3890 (lis.
796 3825 869 3889 232.

536 3976 633 4058 1341,
654 3977 677 4045 4
699 3995 825 4065 srpna.
851 3979 884 4047 V
908 3980 1035 4048 Prone.

170 4118 229 4195 lira
245 4135 309 4200 Jon
331 4136 480 4217 nyssam
500 4139 602 4200 mato
625 4113 755 4200 &dolori
775 4136 906 4220 rujrobri
925 4134 978 4199 trb
991 4156 1035 4199 oc
1057 4134 1162 4200 neddia'
1178 4155 1222 4216 po
1234 4134 1433 4201 maderet

167 4252 191 4310 l·
209 4242 299 4313 lione
320 4268 354 4312 ac
374 4248 473 4313 cdcme'
488 4248 606 4330 pudsy,
621 4248 706 4330 joba
729 4249 875 4313 Pradond
897 4247 1005 4312 otrbu
1025 4269 1070 4313 sc.
1090 4246 1289 4314 ludar-skire
1301 4248 1430 4333 udtvajt.

245 4385 309 4453 Nos
332 4386 497 4454 Jobannes
520 4388 573 4454 dei
597 4387 851 4471 graciaBoemie
873 4407 928 4454 rex
948 4407 986 4454 ac
1008 4387 1298 4472 Lucemburgensis
1312 4408 1428 4471 comes,

170 4493 251 4562 lotum
271 4499 407 4567 iacimus
426 4505 537 4566 tenore
559 4501 763 4585 presencium
780 4502 948 4566 uniuersis.
973 4503 1074 4567 Decet
1095 4503 1319 4569 excellenciam
1342 4503 1428 4585 prin·

171 4597 229 4682 cipis
241 4613 289 4678 sui
304 4613 398 4693 regni
421 4614 594 4697 inuigilare
617 4614 907 4695 commoditatibus,
929 4619 965 4679 rt
980 4615 1083 4697 ipsius
1097 4615 1265 4699 regiminis
1286 4621 1429 4698 tempore
