<?xml version="1.0" encoding="UTF-8"?>
<!DOCTYPE html PUBLIC "-//W3C//DTD XHTML 1.0 Transitional//EN"
    "http://www.w3.org/TR/xhtml1/DTD/xhtml1-transitional.dtd">
<html xmlns="http://www.w3.org/1999/xhtml" xml:lang="en" lang="en">
 <head>
  <title>
</title>
<meta http-equiv="Content-Type" content="text/html;charset=utf-8" />
  <meta name='ocr-system' content='tesseract 3.04.00' />
  <meta name='ocr-capabilities' content='ocr_page ocr_carea ocr_par ocr_line ocrx_word'/>
</head>
<body>
  <div class='ocr_page' id='page_1' title='image "./sbrkapramenprva01kingoog/sbrkapramenprva01kingoog_0299.png"; bbox 0 0 3098 5392; ppageno 0'>
   <div class='ocr_carea' id='block_1_1' title="bbox 649 440 1349 506">
    <p class='ocr_par' dir='ltr' id='par_1_1' title="bbox 649 440 1349 506">
     <span class='ocr_line' id='line_1_1' title="bbox 649 440 1349 506; baseline -0.004 -16"><span class='ocrx_word' id='word_1_1' title='bbox 649 440 724 491; x_wconf 81' lang='lat' dir='ltr'>rano.</span> <span class='ocrx_word' id='word_1_2' title='bbox 1282 440 1349 506; x_wconf 69' lang='lat'>203</span> 
     </span>
    </p>
   </div>
   <div class='ocr_carea' id='block_1_2' title="bbox 100 634 1348 1863">
    <p class='ocr_par' dir='ltr' id='par_1_2' title="bbox 100 634 1348 1863">
     <span class='ocr_line' id='line_1_2' title="bbox 100 634 1348 729; baseline 0.009 -28"><span class='ocrx_word' id='word_1_3' title='bbox 100 634 188 708; x_wconf 74' lang='lat' dir='ltr'>blord.</span> <span class='ocrx_word' id='word_1_4' title='bbox 235 645 378 710; x_wconf 45' lang='lat' dir='ltr'>ullddlone&#39;</span> <span class='ocrx_word' id='word_1_5' title='bbox 399 645 520 728; x_wconf 80' lang='lat' dir='ltr'>nemajr&#39;</span> <span class='ocrx_word' id='word_1_6' title='bbox 540 644 606 729; x_wconf 79' lang='lat' dir='ltr'>by&#39;li</span> <span class='ocrx_word' id='word_1_7' title='bbox 621 643 785 727; x_wconf 69' lang='lat' dir='ltr'>pobdndni</span> <span class='ocrx_word' id='word_1_8' title='bbox 813 644 834 707; x_wconf 77' lang='lat' dir='ltr'>lc</span> <span class='ocrx_word' id='word_1_9' title='bbox 856 645 988 710; x_wconf 78' lang='lat' dir='ltr'>soudtlm</span> <span class='ocrx_word' id='word_1_10' title='bbox 1010 642 1173 728; x_wconf 68' lang='lat' dir='ltr'>krajslrglm</span> <span class='ocrx_word' id='word_1_11' title='bbox 1195 647 1252 710; x_wconf 80' lang='lat' dir='ltr'>ani</span> <span class='ocrx_word' id='word_1_12' title='bbox 1273 644 1348 712; x_wconf 78' lang='lat' dir='ltr'>kam</span> 
     </span>
     <span class='ocr_line' id='line_1_3' title="bbox 101 756 1348 844; baseline 0.005 -26"><span class='ocrx_word' id='word_1_13' title='bbox 101 776 148 818; x_wconf 82' lang='lat' dir='ltr'>um</span> <span class='ocrx_word' id='word_1_14' title='bbox 176 757 270 823; x_wconf 73' lang='lat' dir='ltr'>mineo</span> <span class='ocrx_word' id='word_1_15' title='bbox 299 762 406 834; x_wconf 54' lang='lat' dir='ltr'>errato,</span> <span class='ocrx_word' id='word_1_16' title='bbox 443 759 542 842; x_wconf 63' lang='lat' dir='ltr'>aphri</span> <span class='ocrx_word' id='word_1_17' title='bbox 569 760 651 842; x_wconf 79' lang='lat' dir='ltr'>naajr‘</span> <span class='ocrx_word' id='word_1_18' title='bbox 678 759 862 841; x_wconf 77' lang='lat' dir='ltr'>odpovr&#39;dati</span> <span class='ocrx_word' id='word_1_19' title='bbox 883 759 968 840; x_wconf 79' lang='lat' dir='ltr'>pr&#39;ed</span> <span class='ocrx_word' id='word_1_20' title='bbox 1000 758 1128 823; x_wconf 78' lang='lat' dir='ltr'>eoadem</span> <span class='ocrx_word' id='word_1_21' title='bbox 1149 756 1348 844; x_wconf 76' lang='lat' dir='ltr'>krdlovskp‘m</span> 
     </span>
     <span class='ocr_line' id='line_1_4' title="bbox 101 870 1345 957; baseline 0.005 -24"><span class='ocrx_word' id='word_1_22' title='bbox 101 870 272 956; x_wconf 67' lang='lat' dir='ltr'>rrrdstskp&#39;ou</span> <span class='ocrx_word' id='word_1_23' title='bbox 296 873 343 938; x_wconf 74' lang='lat' dir='ltr'>led</span> <span class='ocrx_word' id='word_1_24' title='bbox 358 872 398 954; x_wconf 79' lang='lat' dir='ltr'>dy</span> <span class='ocrx_word' id='word_1_25' title='bbox 419 873 466 937; x_wconf 68' lang='lat' dir='ltr'>alo</span> <span class='ocrx_word' id='word_1_26' title='bbox 489 894 506 935; x_wconf 92' lang='lat' dir='ltr'>o</span> <span class='ocrx_word' id='word_1_27' title='bbox 524 878 585 954; x_wconf 77' lang='lat' dir='ltr'>pr&#39;e</span> <span class='ocrx_word' id='word_1_28' title='bbox 607 872 805 939; x_wconf 69' lang='lat' dir='ltr'>cessarea&gt;</span> <span class='ocrx_word' id='word_1_29' title='bbox 828 873 947 956; x_wconf 78' lang='lat' dir='ltr'>odydeje</span> <span class='ocrx_word' id='word_1_30' title='bbox 961 870 981 936; x_wconf 76' lang='lat' dir='ltr'>b</span> <span class='ocrx_word' id='word_1_31' title='bbox 995 872 1103 956; x_wconf 65' lang='lat' dir='ltr'>jinrim</span> <span class='ocrx_word' id='word_1_32' title='bbox 1125 873 1257 938; x_wconf 69' lang='lat' dir='ltr'>seudum</span> <span class='ocrx_word' id='word_1_33' title='bbox 1272 875 1345 957; x_wconf 72' lang='lat' dir='ltr'>pli-</span> 
     </span>
     <span class='ocr_line' id='line_1_5' title="bbox 101 984 1345 1069; baseline 0.006 -23"><span class='ocrx_word' id='word_1_34' title='bbox 101 985 193 1065; x_wconf 74' lang='lat' dir='ltr'>iejici.</span> <span class='ocrx_word' id='word_1_35' title='bbox 233 984 321 1050; x_wconf 73' lang='lat' dir='ltr'>Pani</span> <span class='ocrx_word' id='word_1_36' title='bbox 343 1006 364 1049; x_wconf 86' lang='lat' dir='ltr'>a</span> <span class='ocrx_word' id='word_1_37' title='bbox 385 984 555 1066; x_wconf 62' lang='lat' dir='ltr'>eludebam</span> <span class='ocrx_word' id='word_1_38' title='bbox 576 987 697 1069; x_wconf 78' lang='lat' dir='ltr'>aenrojr&#39;</span> <span class='ocrx_word' id='word_1_39' title='bbox 717 1007 750 1051; x_wconf 83' lang='lat' dir='ltr'>se</span> <span class='ocrx_word' id='word_1_40' title='bbox 772 1007 817 1050; x_wconf 77' lang='lat' dir='ltr'>aa</span> <span class='ocrx_word' id='word_1_41' title='bbox 837 984 1014 1050; x_wconf 66' lang='lat' dir='ltr'>ascalonem</span> <span class='ocrx_word' id='word_1_42' title='bbox 1030 1006 1093 1066; x_wconf 79' lang='lat' dir='ltr'>pro</span> <span class='ocrx_word' id='word_1_43' title='bbox 1107 985 1273 1067; x_wconf 70' lang='lat' dir='ltr'>jobeakozi</span> <span class='ocrx_word' id='word_1_44' title='bbox 1293 991 1345 1053; x_wconf 70' lang='lat' dir='ltr'>vde</span> 
     </span>
     <span class='ocr_line' id='line_1_6' title="bbox 101 1096 1348 1181; baseline 0.003 -21"><span class='ocrx_word' id='word_1_45' title='bbox 101 1097 195 1177; x_wconf 76' lang='lat' dir='ltr'>prrita&#39;</span> <span class='ocrx_word' id='word_1_46' title='bbox 224 1098 454 1180; x_wconf 60' lang='lat' dir='ltr'>dmonstratae</span> <span class='ocrx_word' id='word_1_47' title='bbox 476 1099 605 1181; x_wconf 67' lang='grc' dir='ltr'>οραίουὲ</span> <span class='ocrx_word' id='word_1_48' title='bbox 631 1096 772 1164; x_wconf 62' lang='lat' dir='ltr'>butan</span> <span class='ocrx_word' id='word_1_49' title='bbox 800 1096 983 1164; x_wconf 77' lang='lat' dir='ltr'>Sedleekdbo</span> <span class='ocrx_word' id='word_1_50' title='bbox 1006 1120 1027 1162; x_wconf 89' lang='lat' dir='ltr'>u</span> <span class='ocrx_word' id='word_1_51' title='bbox 1041 1096 1163 1181; x_wconf 76' lang='lat' dir='ltr'>jiny‘cb,</span> <span class='ocrx_word' id='word_1_52' title='bbox 1197 1099 1238 1163; x_wconf 85' lang='lat' dir='ltr'>od</span> <span class='ocrx_word' id='word_1_53' title='bbox 1258 1098 1348 1164; x_wconf 64' lang='lat' dir='ltr'>alebi</span> 
     </span>
     <span class='ocr_line' id='line_1_7' title="bbox 101 1209 1347 1297; baseline 0.004 -25"><span class='ocrx_word' id='word_1_54' title='bbox 101 1211 187 1274; x_wconf 65' lang='lat' dir='ltr'>ilaue</span> <span class='ocrx_word' id='word_1_55' title='bbox 222 1210 294 1275; x_wconf 69' lang='lat' dir='ltr'>urbi</span> <span class='ocrx_word' id='word_1_56' title='bbox 324 1210 410 1276; x_wconf 67' lang='lat' dir='ltr'>abobi</span> <span class='ocrx_word' id='word_1_57' title='bbox 439 1210 597 1297; x_wconf 71' lang='lat' dir='ltr'>sdlupad,</span> <span class='ocrx_word' id='word_1_58' title='bbox 631 1214 752 1294; x_wconf 67' lang='lat' dir='ltr'>nereujr&#39;</span> <span class='ocrx_word' id='word_1_59' title='bbox 770 1213 807 1294; x_wconf 82' lang='lat' dir='ltr'>je</span> <span class='ocrx_word' id='word_1_60' title='bbox 831 1211 921 1293; x_wconf 81' lang='lat' dir='ltr'>proli</span> <span class='ocrx_word' id='word_1_61' title='bbox 948 1210 1094 1293; x_wconf 66' lang='lat' dir='ltr'>capisam</span> <span class='ocrx_word' id='word_1_62' title='bbox 1122 1209 1296 1277; x_wconf 64' lang='lat' dir='ltr'>aenaea</span> <span class='ocrx_word' id='word_1_63' title='bbox 1325 1234 1347 1277; x_wconf 86' lang='lat' dir='ltr'>u</span> 
     </span>
     <span class='ocr_line' id='line_1_8' title="bbox 101 1323 1345 1407; baseline 0.004 -21"><span class='ocrx_word' id='word_1_64' title='bbox 101 1325 199 1406; x_wconf 58' lang='lat' dir='ltr'>mrum</span> <span class='ocrx_word' id='word_1_65' title='bbox 215 1325 346 1405; x_wconf 80' lang='lat' dir='ltr'>platdm</span> <span class='ocrx_word' id='word_1_66' title='bbox 367 1346 389 1389; x_wconf 85' lang='lat' dir='ltr'>a</span> <span class='ocrx_word' id='word_1_67' title='bbox 411 1323 548 1390; x_wconf 78' lang='lat' dir='ltr'>ddelcdm</span> <span class='ocrx_word' id='word_1_68' title='bbox 569 1325 675 1391; x_wconf 71' lang='lat' dir='ltr'>oaldi.</span> <span class='ocrx_word' id='word_1_69' title='bbox 698 1326 749 1389; x_wconf 90' lang='lat' dir='ltr'>Do</span> <span class='ocrx_word' id='word_1_70' title='bbox 771 1324 898 1406; x_wconf 68' lang='lat' dir='ltr'>boulay</span> <span class='ocrx_word' id='word_1_71' title='bbox 919 1323 1084 1390; x_wconf 74' lang='lat' dir='ltr'>krelovsle</span> <span class='ocrx_word' id='word_1_72' title='bbox 1105 1327 1187 1407; x_wconf 79' lang='lat' dir='ltr'>maji</span> <span class='ocrx_word' id='word_1_73' title='bbox 1206 1328 1345 1392; x_wconf 67' lang='lat' dir='ltr'>mellend</span> 
     </span>
     <span class='ocr_line' id='line_1_9' title="bbox 104 1435 1342 1522; baseline 0.002 -22"><span class='ocrx_word' id='word_1_74' title='bbox 104 1435 146 1500; x_wconf 69' lang='lat' dir='ltr'>lae</span> <span class='ocrx_word' id='word_1_75' title='bbox 166 1440 262 1501; x_wconf 68' lang='lat' dir='ltr'>rodae</span> <span class='ocrx_word' id='word_1_76' title='bbox 280 1458 315 1502; x_wconf 70' lang='lat' dir='ltr'>ee</span> <span class='ocrx_word' id='word_1_77' title='bbox 336 1439 379 1500; x_wconf 87' lang='grc'>86</span> <span class='ocrx_word' id='word_1_78' title='bbox 398 1438 477 1503; x_wconf 72' lang='lat' dir='ltr'>land</span> <span class='ocrx_word' id='word_1_79' title='bbox 506 1436 527 1502; x_wconf 78' lang='lat' dir='ltr'><em>k</em></span> <span class='ocrx_word' id='word_1_80' title='bbox 548 1442 650 1504; x_wconf 68' lang='lat' dir='ltr'>aresta</span> <span class='ocrx_word' id='word_1_81' title='bbox 673 1437 896 1522; x_wconf 70' lang='lat' dir='ltr'>piiradr&#39;enp&#39;cb</span> <span class='ocrx_word' id='word_1_82' title='bbox 911 1459 956 1521; x_wconf 80' lang='lat' dir='ltr'>po</span> <span class='ocrx_word' id='word_1_83' title='bbox 973 1439 1035 1520; x_wconf 75' lang='lat' dir='ltr'>pull</span> <span class='ocrx_word' id='word_1_84' title='bbox 1057 1435 1168 1503; x_wconf 73' lang='lat' dir='ltr'>br&#39;iead</span> <span class='ocrx_word' id='word_1_85' title='bbox 1186 1438 1342 1514; x_wconf 63' lang='lat' dir='ltr'>odedddla</span> 
     </span>
     <span class='ocr_line' id='line_1_10' title="bbox 102 1549 1347 1635; baseline 0.003 -22"><span class='ocrx_word' id='word_1_86' title='bbox 102 1552 125 1613; x_wconf 72' lang='lat'>&#39;1</span> <span class='ocrx_word' id='word_1_87' title='bbox 156 1550 235 1615; x_wconf 73' lang='lat' dir='ltr'>tuna</span> <span class='ocrx_word' id='word_1_88' title='bbox 251 1572 296 1632; x_wconf 84' lang='lat' dir='ltr'>po</span> <span class='ocrx_word' id='word_1_89' title='bbox 318 1552 409 1628; x_wconf 64' lang='lat' dir='ltr'>amne</span> <span class='ocrx_word' id='word_1_90' title='bbox 430 1552 544 1616; x_wconf 67' lang='lat' dir='ltr'>brivae</span> <span class='ocrx_word' id='word_1_91' title='bbox 563 1574 585 1616; x_wconf 82' lang='lat' dir='ltr'>a</span> <span class='ocrx_word' id='word_1_92' title='bbox 605 1573 623 1616; x_wconf 76' lang='lat' dir='ltr'>a</span> <span class='ocrx_word' id='word_1_93' title='bbox 644 1553 754 1635; x_wconf 60' lang='lat' dir='ltr'>adpeti</span> <span class='ocrx_word' id='word_1_94' title='bbox 769 1552 829 1635; x_wconf 75' lang='lat' dir='ltr'>pr&#39;i</span> <span class='ocrx_word' id='word_1_95' title='bbox 850 1555 948 1617; x_wconf 76' lang='lat' dir='ltr'>mdstd</span> <span class='ocrx_word' id='word_1_96' title='bbox 967 1549 1027 1616; x_wconf 72' lang='lat' dir='ltr'>doe</span> <span class='ocrx_word' id='word_1_97' title='bbox 1047 1551 1169 1634; x_wconf 53' lang='lat' dir='ltr'>bainna.</span> <span class='ocrx_word' id='word_1_98' title='bbox 1201 1554 1347 1617; x_wconf 70' lang='lat' dir='ltr'>Kouaene</span> 
     </span>
     <span class='ocr_line' id='line_1_11' title="bbox 102 1662 1345 1748; baseline 0.002 -22"><span class='ocrx_word' id='word_1_99' title='bbox 102 1664 149 1727; x_wconf 81' lang='lat' dir='ltr'>rm‘</span> <span class='ocrx_word' id='word_1_100' title='bbox 167 1662 263 1728; x_wconf 77' lang='lat' dir='ltr'>nikdo</span> <span class='ocrx_word' id='word_1_101' title='bbox 285 1665 359 1730; x_wconf 68' lang='lat' dir='ltr'>nelli</span> <span class='ocrx_word' id='word_1_102' title='bbox 379 1664 478 1731; x_wconf 79' lang='lat' dir='ltr'>belem</span> <span class='ocrx_word' id='word_1_103' title='bbox 499 1669 601 1730; x_wconf 74' lang='lat' dir='ltr'>mdsla</span> <span class='ocrx_word' id='word_1_104' title='bbox 631 1666 687 1730; x_wconf 80' lang='lat' dir='ltr'>uni</span> <span class='ocrx_word' id='word_1_105' title='bbox 715 1666 811 1731; x_wconf 71' lang='lat' dir='ltr'>stade</span> <span class='ocrx_word' id='word_1_106' title='bbox 841 1665 942 1731; x_wconf 75' lang='lat' dir='ltr'>de&#39;luli</span> <span class='ocrx_word' id='word_1_107' title='bbox 971 1666 1029 1730; x_wconf 76' lang='lat' dir='ltr'>arri</span> <span class='ocrx_word' id='word_1_108' title='bbox 1052 1666 1134 1748; x_wconf 78' lang='lat' dir='ltr'>pinu</span> <span class='ocrx_word' id='word_1_109' title='bbox 1163 1666 1263 1731; x_wconf 59' lang='lat' dir='ltr'>auriti</span> <span class='ocrx_word' id='word_1_110' title='bbox 1287 1666 1345 1731; x_wconf 79' lang='lat' dir='ltr'>oni</span> 
     </span>
     <span class='ocr_line' id='line_1_12' title="bbox 331 1776 1061 1863; baseline 0.001 -22"><span class='ocrx_word' id='word_1_111' title='bbox 331 1776 439 1860; x_wconf 77' lang='lat' dir='ltr'>kre&#39;my</span> <span class='ocrx_word' id='word_1_112' title='bbox 460 1780 541 1859; x_wconf 73' lang='lat' dir='ltr'>nelli,</span> <span class='ocrx_word' id='word_1_113' title='bbox 564 1777 671 1844; x_wconf 69' lang='lat' dir='ltr'>dronae</span> <span class='ocrx_word' id='word_1_114' title='bbox 690 1801 735 1844; x_wconf 81' lang='lat' dir='ltr'>aa</span> <span class='ocrx_word' id='word_1_115' title='bbox 756 1778 884 1844; x_wconf 76' lang='lat' dir='ltr'>Hordeb</span> <span class='ocrx_word' id='word_1_116' title='bbox 906 1777 1061 1863; x_wconf 75' lang='lat' dir='ltr'>Il&#39;utnp‘eb.</span> 
     </span>
    </p>
   </div>
   <div class='ocr_carea' id='block_1_3' title="bbox 102 2003 1347 4703">
    <p class='ocr_par' dir='ltr' id='par_1_3' title="bbox 102 2003 1347 4703">
     <span class='ocr_line' id='line_1_13' title="bbox 151 2003 1347 2089; baseline 0.002 -19"><span class='ocrx_word' id='word_1_117' title='bbox 151 2003 219 2070; x_wconf 79' lang='lat' dir='ltr'>Nos</span> <span class='ocrx_word' id='word_1_118' title='bbox 243 2005 409 2071; x_wconf 85' lang='lat' dir='ltr'>Jolrennes</span> <span class='ocrx_word' id='word_1_119' title='bbox 433 2005 485 2072; x_wconf 92' lang='lat' dir='ltr'>dei</span> <span class='ocrx_word' id='word_1_120' title='bbox 515 2007 624 2089; x_wconf 80' lang='lat' dir='ltr'>gracia</span> <span class='ocrx_word' id='word_1_121' title='bbox 646 2007 781 2073; x_wconf 91' lang='lat' dir='ltr'>Boemie</span> <span class='ocrx_word' id='word_1_122' title='bbox 804 2012 837 2072; x_wconf 90' lang='lat' dir='ltr'>et</span> <span class='ocrx_word' id='word_1_123' title='bbox 858 2007 992 2072; x_wconf 90' lang='lat' dir='ltr'>Polonie</span> <span class='ocrx_word' id='word_1_124' title='bbox 1014 2024 1071 2071; x_wconf 86' lang='lat' dir='ltr'>rex</span> <span class='ocrx_word' id='word_1_125' title='bbox 1093 2025 1131 2073; x_wconf 89' lang='lat' dir='ltr'>ac</span> <span class='ocrx_word' id='word_1_126' title='bbox 1151 2007 1347 2073; x_wconf 89' lang='lat' dir='ltr'>Lucembur-</span> 
     </span>
     <span class='ocr_line' id='line_1_14' title="bbox 102 2119 1346 2203; baseline 0.004 -22"><span class='ocrx_word' id='word_1_127' title='bbox 102 2119 158 2184; x_wconf 83' lang='lat' dir='ltr'>nais</span> <span class='ocrx_word' id='word_1_128' title='bbox 181 2139 298 2201; x_wconf 88' lang='lat' dir='ltr'>comas,</span> <span class='ocrx_word' id='word_1_129' title='bbox 330 2121 371 2185; x_wconf 87' lang='lat' dir='ltr'>ad</span> <span class='ocrx_word' id='word_1_130' title='bbox 399 2123 622 2187; x_wconf 77' lang='lat' dir='ltr'>vniuersorum</span> <span class='ocrx_word' id='word_1_131' title='bbox 652 2122 804 2187; x_wconf 82' lang='lat' dir='ltr'>noticiam</span> <span class='ocrx_word' id='word_1_132' title='bbox 833 2127 945 2188; x_wconf 88' lang='lat' dir='ltr'>tenore</span> <span class='ocrx_word' id='word_1_133' title='bbox 967 2122 1171 2203; x_wconf 88' lang='lat' dir='ltr'>presencium</span> <span class='ocrx_word' id='word_1_134' title='bbox 1199 2121 1346 2188; x_wconf 79' lang='lat' dir='ltr'>volumus</span> 
     </span>
     <span class='ocr_line' id='line_1_15' title="bbox 102 2232 1343 2316; baseline 0.003 -21"><span class='ocrx_word' id='word_1_135' title='bbox 102 2232 226 2313; x_wconf 82' lang='lat' dir='ltr'>ruenire,</span> <span class='ocrx_word' id='word_1_136' title='bbox 250 2233 337 2314; x_wconf 85' lang='lat' dir='ltr'>quod</span> <span class='ocrx_word' id='word_1_137' title='bbox 358 2253 417 2299; x_wconf 90' lang='lat' dir='ltr'>noa</span> <span class='ocrx_word' id='word_1_138' title='bbox 440 2253 517 2316; x_wconf 82' lang='lat' dir='ltr'>erga</span> <span class='ocrx_word' id='word_1_139' title='bbox 541 2235 675 2300; x_wconf 88' lang='lat' dir='ltr'>dilectos</span> <span class='ocrx_word' id='word_1_140' title='bbox 699 2235 790 2299; x_wconf 92' lang='lat' dir='ltr'>nobis</span> <span class='ocrx_word' id='word_1_141' title='bbox 814 2236 903 2299; x_wconf 87' lang='lat' dir='ltr'>ciues</span> <span class='ocrx_word' id='word_1_142' title='bbox 925 2233 1183 2299; x_wconf 83' lang='lat' dir='ltr'>cziaslauienses</span> <span class='ocrx_word' id='word_1_143' title='bbox 1207 2239 1240 2299; x_wconf 87' lang='lat' dir='ltr'>ct</span> <span class='ocrx_word' id='word_1_144' title='bbox 1262 2234 1343 2299; x_wconf 91' lang='lat' dir='ltr'>cini-</span> 
     </span>
     <span class='ocr_line' id='line_1_16' title="bbox 105 2346 1346 2429; baseline 0.004 -21"><span class='ocrx_word' id='word_1_145' title='bbox 105 2362 147 2408; x_wconf 89' lang='lat' dir='ltr'>em</span> <span class='ocrx_word' id='word_1_146' title='bbox 177 2346 282 2427; x_wconf 82' lang='lat' dir='ltr'>ipsam</span> <span class='ocrx_word' id='word_1_147' title='bbox 312 2348 516 2413; x_wconf 84' lang='lat' dir='ltr'>celsitudinis</span> <span class='ocrx_word' id='word_1_148' title='bbox 547 2354 656 2414; x_wconf 86' lang='lat' dir='ltr'>nostre</span> <span class='ocrx_word' id='word_1_149' title='bbox 687 2348 850 2414; x_wconf 79' lang='lat' dir='ltr'>dexteram</span> <span class='ocrx_word' id='word_1_150' title='bbox 881 2347 1052 2414; x_wconf 81' lang='lat' dir='ltr'><strong>extendere</strong></span> <span class='ocrx_word' id='word_1_151' title='bbox 1079 2347 1245 2429; x_wconf 89' lang='lat' dir='ltr'>cupientes</span> <span class='ocrx_word' id='word_1_152' title='bbox 1267 2347 1346 2413; x_wconf 79' lang='lat' dir='ltr'>libe</span> 
     </span>
     <span class='ocr_line' id='line_1_17' title="bbox 103 2460 1346 2544; baseline 0.007 -25"><span class='ocrx_word' id='word_1_153' title='bbox 103 2462 158 2538; x_wconf 68' lang='lat' dir='ltr'>iem,</span> <span class='ocrx_word' id='word_1_154' title='bbox 181 2461 400 2542; x_wconf 73' lang='lat' dir='ltr'>volentesque,</span> <span class='ocrx_word' id='word_1_155' title='bbox 424 2467 458 2526; x_wconf 78' lang='lat' dir='ltr'>st</span> <span class='ocrx_word' id='word_1_156' title='bbox 480 2463 545 2544; x_wconf 85' lang='lat' dir='ltr'>ipsi</span> <span class='ocrx_word' id='word_1_157' title='bbox 565 2464 654 2528; x_wconf 90' lang='lat' dir='ltr'>ciues</span> <span class='ocrx_word' id='word_1_158' title='bbox 677 2481 714 2527; x_wconf 88' lang='lat' dir='ltr'>ao</span> <span class='ocrx_word' id='word_1_159' title='bbox 737 2463 854 2528; x_wconf 85' lang='lat' dir='ltr'>ciuitas</span> <span class='ocrx_word' id='word_1_160' title='bbox 871 2463 1031 2527; x_wconf 89' lang='lat' dir='ltr'>continuis</span> <span class='ocrx_word' id='word_1_161' title='bbox 1047 2460 1203 2543; x_wconf 89' lang='lat' dir='ltr'>proficere</span> <span class='ocrx_word' id='word_1_162' title='bbox 1218 2461 1346 2528; x_wconf 83' lang='lat' dir='ltr'>valeant</span> 
     </span>
     <span class='ocr_line' id='line_1_18' title="bbox 103 2575 1345 2659; baseline 0.006 -26"><span class='ocrx_word' id='word_1_163' title='bbox 103 2576 262 2656; x_wconf 68' lang='lat' dir='ltr'>frementis,</span> <span class='ocrx_word' id='word_1_164' title='bbox 287 2576 368 2657; x_wconf 91' lang='lat' dir='ltr'>ipsis</span> <span class='ocrx_word' id='word_1_165' title='bbox 392 2578 498 2641; x_wconf 89' lang='lat' dir='ltr'>omnia</span> <span class='ocrx_word' id='word_1_166' title='bbox 516 2576 600 2659; x_wconf 88' lang='lat' dir='ltr'>jura,</span> <span class='ocrx_word' id='word_1_167' title='bbox 625 2575 874 2642; x_wconf 89' lang='lat' dir='ltr'>consuetudines</span> <span class='ocrx_word' id='word_1_168' title='bbox 898 2581 931 2641; x_wconf 89' lang='lat' dir='ltr'>et</span> <span class='ocrx_word' id='word_1_169' title='bbox 953 2580 1074 2641; x_wconf 84' lang='lat' dir='ltr'>statuta</span> <span class='ocrx_word' id='word_1_170' title='bbox 1098 2595 1207 2641; x_wconf 89' lang='lat' dir='ltr'>eorum</span> <span class='ocrx_word' id='word_1_171' title='bbox 1225 2582 1258 2641; x_wconf 89' lang='lat' dir='ltr'>ot</span> <span class='ocrx_word' id='word_1_172' title='bbox 1273 2595 1345 2658; x_wconf 87' lang='lat' dir='ltr'>spe·</span> 
     </span>
     <span class='ocr_line' id='line_1_19' title="bbox 103 2688 1344 2771; baseline 0.001 -19"><span class='ocrx_word' id='word_1_173' title='bbox 103 2688 173 2753; x_wconf 84' lang='lat' dir='ltr'>diter</span> <span class='ocrx_word' id='word_1_174' title='bbox 199 2689 285 2770; x_wconf 85' lang='lat' dir='ltr'>jura,</span> <span class='ocrx_word' id='word_1_175' title='bbox 318 2707 380 2770; x_wconf 91' lang='lat' dir='ltr'>que</span> <span class='ocrx_word' id='word_1_176' title='bbox 401 2708 421 2754; x_wconf 90' lang='lat' dir='ltr'>a</span> <span class='ocrx_word' id='word_1_177' title='bbox 445 2690 578 2755; x_wconf 87' lang='lat' dir='ltr'>ciuitate</span> <span class='ocrx_word' id='word_1_178' title='bbox 608 2695 718 2755; x_wconf 87' lang='lat' dir='ltr'>nostra</span> <span class='ocrx_word' id='word_1_179' title='bbox 748 2689 924 2771; x_wconf 78' lang='lat' dir='ltr'>Iglauiensi</span> <span class='ocrx_word' id='word_1_180' title='bbox 956 2689 1073 2755; x_wconf 89' lang='lat' dir='ltr'>habere</span> <span class='ocrx_word' id='word_1_181' title='bbox 1103 2690 1344 2771; x_wconf 79' lang='lat' dir='ltr'>dignoscuntur,</span> 
     </span>
     <span class='ocr_line' id='line_1_20' title="bbox 103 2801 1347 2885; baseline 0.003 -21"><span class='ocrx_word' id='word_1_182' title='bbox 103 2801 164 2867; x_wconf 90' lang='lat' dir='ltr'>ibus</span> <span class='ocrx_word' id='word_1_183' title='bbox 185 2803 226 2867; x_wconf 86' lang='lat' dir='ltr'>ab</span> <span class='ocrx_word' id='word_1_184' title='bbox 248 2803 391 2885; x_wconf 85' lang='lat' dir='ltr'>antiquis</span> <span class='ocrx_word' id='word_1_185' title='bbox 426 2804 532 2884; x_wconf 74' lang='lat' dir='ltr'>ganisi</span> <span class='ocrx_word' id='word_1_186' title='bbox 562 2809 594 2868; x_wconf 90' lang='lat' dir='ltr'>et</span> <span class='ocrx_word' id='word_1_187' title='bbox 624 2803 699 2868; x_wconf 82' lang='lat' dir='ltr'>freti</span> <span class='ocrx_word' id='word_1_188' title='bbox 731 2809 807 2868; x_wconf 89' lang='lat' dir='ltr'>sunt</span> <span class='ocrx_word' id='word_1_189' title='bbox 836 2803 1043 2884; x_wconf 81' lang='lat' dir='ltr'>temporibus,</span> <span class='ocrx_word' id='word_1_190' title='bbox 1079 2803 1119 2868; x_wconf 89' lang='lat' dir='ltr'>de</span> <span class='ocrx_word' id='word_1_191' title='bbox 1152 2802 1347 2868; x_wconf 79' lang='lat' dir='ltr'>liberalitate</span> 
     </span>
     <span class='ocr_line' id='line_1_21' title="bbox 103 2916 1345 2999; baseline 0.001 -20"><span class='ocrx_word' id='word_1_192' title='bbox 103 2918 139 2994; x_wconf 72' lang='lat' dir='ltr'>ria</span> <span class='ocrx_word' id='word_1_193' title='bbox 161 2919 361 2996; x_wconf 84' lang='lat' dir='ltr'>innodamus,</span> <span class='ocrx_word' id='word_1_194' title='bbox 385 2916 591 2997; x_wconf 71' lang='lat' dir='ltr'>ratificamus</span> <span class='ocrx_word' id='word_1_195' title='bbox 626 2917 839 2999; x_wconf 88' lang='lat' dir='ltr'>approbamus</span> <span class='ocrx_word' id='word_1_196' title='bbox 863 2923 895 2982; x_wconf 87' lang='lat' dir='ltr'>et</span> <span class='ocrx_word' id='word_1_197' title='bbox 918 2917 1078 2997; x_wconf 89' lang='lat' dir='ltr'>presentis</span> <span class='ocrx_word' id='word_1_198' title='bbox 1102 2916 1215 2997; x_wconf 88' lang='lat' dir='ltr'>scripti</span> <span class='ocrx_word' id='word_1_199' title='bbox 1237 2921 1345 2997; x_wconf 86' lang='lat' dir='ltr'>patro·</span> 
     </span>
     <span class='ocr_line' id='line_1_22' title="bbox 104 3029 1345 3115; baseline 0.002 -24"><span class='ocrx_word' id='word_1_200' title='bbox 104 3031 136 3094; x_wconf 83' lang='lat' dir='ltr'>rio</span> <span class='ocrx_word' id='word_1_201' title='bbox 167 3037 322 3113; x_wconf 90' lang='lat' dir='ltr'>perpetuu</span> <span class='ocrx_word' id='word_1_202' title='bbox 357 3031 589 3115; x_wconf 73' lang='lat' dir='ltr'>confirmamus.</span> <span class='ocrx_word' id='word_1_203' title='bbox 636 3033 705 3112; x_wconf 85' lang='lat' dir='ltr'>Que</span> <span class='ocrx_word' id='word_1_204' title='bbox 735 3032 864 3113; x_wconf 87' lang='lat' dir='ltr'>quidem</span> <span class='ocrx_word' id='word_1_205' title='bbox 895 3032 976 3111; x_wconf 86' lang='lat' dir='ltr'>iura,</span> <span class='ocrx_word' id='word_1_206' title='bbox 1008 3029 1256 3095; x_wconf 87' lang='lat' dir='ltr'>consuetudines</span> <span class='ocrx_word' id='word_1_207' title='bbox 1287 3047 1345 3094; x_wconf 88' lang='lat' dir='ltr'>seu</span> 
     </span>
     <span class='ocr_line' id='line_1_23' title="bbox 104 3143 1344 3226; baseline 0.001 -21"><span class='ocrx_word' id='word_1_208' title='bbox 104 3150 169 3208; x_wconf 84' lang='lat' dir='ltr'>tuta</span> <span class='ocrx_word' id='word_1_209' title='bbox 200 3146 282 3226; x_wconf 91' lang='lat' dir='ltr'>ipsis</span> <span class='ocrx_word' id='word_1_210' title='bbox 316 3145 443 3210; x_wconf 90' lang='lat' dir='ltr'>ciuibus</span> <span class='ocrx_word' id='word_1_211' title='bbox 477 3145 692 3226; x_wconf 87' lang='lat' dir='ltr'>promittimus</span> <span class='ocrx_word' id='word_1_212' title='bbox 727 3145 958 3209; x_wconf 87' lang='lat' dir='ltr'>inuiolabiliter</span> <span class='ocrx_word' id='word_1_213' title='bbox 988 3150 1020 3208; x_wconf 86' lang='lat' dir='ltr'>et</span> <span class='ocrx_word' id='word_1_214' title='bbox 1050 3143 1239 3208; x_wconf 84' lang='lat' dir='ltr'>inconuulse</span> <span class='ocrx_word' id='word_1_215' title='bbox 1273 3160 1344 3224; x_wconf 91' lang='lat' dir='ltr'>per·</span> 
     </span>
     <span class='ocr_line' id='line_1_24' title="bbox 104 3258 1344 3339; baseline 0.003 -22"><span class='ocrx_word' id='word_1_216' title='bbox 104 3259 155 3320; x_wconf 85' lang='lat' dir='ltr'>tuis</span> <span class='ocrx_word' id='word_1_217' title='bbox 176 3258 374 3339; x_wconf 85' lang='lat' dir='ltr'>temporibus</span> <span class='ocrx_word' id='word_1_218' title='bbox 399 3258 578 3325; x_wconf 87' lang='lat' dir='ltr'>obseruare.</span> <span class='ocrx_word' id='word_1_219' title='bbox 624 3259 675 3322; x_wconf 88' lang='lat' dir='ltr'>Ad</span> <span class='ocrx_word' id='word_1_220' title='bbox 699 3261 851 3325; x_wconf 88' lang='lat' dir='ltr'>maiorem</span> <span class='ocrx_word' id='word_1_221' title='bbox 878 3276 1005 3339; x_wconf 75' lang='lat' dir='ltr'>ursoque</span> <span class='ocrx_word' id='word_1_222' title='bbox 1028 3258 1136 3338; x_wconf 57' lang='lat' dir='ltr'>anaaie</span> <span class='ocrx_word' id='word_1_223' title='bbox 1159 3262 1268 3322; x_wconf 89' lang='lat' dir='ltr'>nostre</span> <span class='ocrx_word' id='word_1_224' title='bbox 1291 3276 1344 3321; x_wconf 90' lang='lat' dir='ltr'>eu·</span> 
     </span>
     <span class='ocr_line' id='line_1_25' title="bbox 104 3369 1344 3451; baseline 0.002 -21"><span class='ocrx_word' id='word_1_225' title='bbox 104 3372 167 3438; x_wconf 85' lang='lat' dir='ltr'>rlnm</span> <span class='ocrx_word' id='word_1_226' title='bbox 190 3374 373 3451; x_wconf 70' lang='lat' dir='ltr'>statuimus</span> <span class='ocrx_word' id='word_1_227' title='bbox 397 3372 544 3436; x_wconf 82' lang='lat' dir='ltr'>uolumus</span> <span class='ocrx_word' id='word_1_228' title='bbox 568 3376 600 3435; x_wconf 88' lang='lat' dir='ltr'>et</span> <span class='ocrx_word' id='word_1_229' title='bbox 622 3370 757 3435; x_wconf 88' lang='lat' dir='ltr'>firmiter·</span> <span class='ocrx_word' id='word_1_230' title='bbox 779 3371 974 3448; x_wconf 83' lang='lat' dir='ltr'>ordinamus,</span> <span class='ocrx_word' id='word_1_231' title='bbox 1000 3375 1033 3434; x_wconf 81' lang='lat' dir='ltr'>vt</span> <span class='ocrx_word' id='word_1_232' title='bbox 1047 3370 1155 3433; x_wconf 91' lang='lat' dir='ltr'>nullus</span> <span class='ocrx_word' id='word_1_233' title='bbox 1179 3369 1219 3433; x_wconf 90' lang='lat' dir='ltr'>de</span> <span class='ocrx_word' id='word_1_234' title='bbox 1238 3373 1344 3433; x_wconf 89' lang='lat' dir='ltr'>cetero</span> 
     </span>
     <span class='ocr_line' id='line_1_26' title="bbox 106 3483 1344 3567; baseline -0.001 -19"><span class='ocrx_word' id='word_1_235' title='bbox 106 3487 219 3567; x_wconf 72' lang='lat' dir='ltr'>minum,</span> <span class='ocrx_word' id='word_1_236' title='bbox 243 3488 466 3567; x_wconf 86' lang='lat' dir='ltr'>cuiuscunque</span> <span class='ocrx_word' id='word_1_237' title='bbox 489 3490 592 3549; x_wconf 88' lang='lat' dir='ltr'>status</span> <span class='ocrx_word' id='word_1_238' title='bbox 615 3486 741 3564; x_wconf 76' lang='lat' dir='ltr'>existat,</span> <span class='ocrx_word' id='word_1_239' title='bbox 773 3484 857 3549; x_wconf 88' lang='lat' dir='ltr'>infra</span> <span class='ocrx_word' id='word_1_240' title='bbox 880 3484 1024 3565; x_wconf 87' lang='lat' dir='ltr'>spacium</span> <span class='ocrx_word' id='word_1_241' title='bbox 1049 3484 1141 3548; x_wconf 77' lang='lat' dir='ltr'>unius</span> <span class='ocrx_word' id='word_1_242' title='bbox 1164 3483 1301 3548; x_wconf 81' lang='lat' dir='ltr'>miliaria</span> <span class='ocrx_word' id='word_1_243' title='bbox 1324 3502 1344 3547; x_wconf 98' lang='lat' dir='ltr'>a</span> 
     </span>
     <span class='ocr_line' id='line_1_27' title="bbox 104 3595 1343 3679; baseline 0.001 -21"><span class='ocrx_word' id='word_1_244' title='bbox 104 3606 140 3660; x_wconf 82' lang='lat' dir='ltr'>cta</span> <span class='ocrx_word' id='word_1_245' title='bbox 165 3601 296 3666; x_wconf 86' lang='lat' dir='ltr'>ciuitate</span> <span class='ocrx_word' id='word_1_246' title='bbox 329 3599 573 3678; x_wconf 82' lang='lat' dir='ltr'>Oziaslauiensi‚</span> <span class='ocrx_word' id='word_1_247' title='bbox 608 3604 811 3679; x_wconf 86' lang='lat' dir='ltr'>preterquam</span> <span class='ocrx_word' id='word_1_248' title='bbox 844 3599 877 3661; x_wconf 91' lang='lat' dir='ltr'>in</span> <span class='ocrx_word' id='word_1_249' title='bbox 909 3595 1036 3662; x_wconf 86' lang='lat' dir='ltr'>Cutlrna</span> <span class='ocrx_word' id='word_1_250' title='bbox 1073 3597 1236 3675; x_wconf 72' lang='lat' dir='ltr'>duntaxat,</span> <span class='ocrx_word' id='word_1_251' title='bbox 1272 3614 1343 3660; x_wconf 89' lang='lat' dir='ltr'>curn</span> 
     </span>
     <span class='ocr_line' id='line_1_28' title="bbox 104 3709 1342 3796; baseline -0.001 -22"><span class='ocrx_word' id='word_1_252' title='bbox 104 3730 119 3774; x_wconf 81' lang='lat' dir='ltr'>c</span> <span class='ocrx_word' id='word_1_253' title='bbox 143 3715 170 3777; x_wconf 96' lang='lat' dir='ltr'>in</span> <span class='ocrx_word' id='word_1_254' title='bbox 203 3716 308 3796; x_wconf 85' lang='lat' dir='ltr'>ipsius</span> <span class='ocrx_word' id='word_1_255' title='bbox 343 3715 486 3778; x_wconf 86' lang='lat' dir='ltr'>ciuitatis</span> <span class='ocrx_word' id='word_1_256' title='bbox 523 3713 676 3778; x_wconf 76' lang='lat' dir='ltr'>Oniaslau</span> <span class='ocrx_word' id='word_1_257' title='bbox 705 3712 829 3796; x_wconf 65' lang='lat' dir='ltr'>redgru</span> <span class='ocrx_word' id='word_1_258' title='bbox 849 3710 1022 3794; x_wconf 89' lang='lat' dir='ltr'>jact]uram</span> <span class='ocrx_word' id='word_1_259' title='bbox 1054 3715 1085 3775; x_wconf 90' lang='lat' dir='ltr'>et</span> <span class='ocrx_word' id='word_1_260' title='bbox 1119 3709 1342 3791; x_wconf 85' lang='lat' dir='ltr'>preludioium,</span> 
     </span>
     <span class='ocr_line' id='line_1_29' title="bbox 105 3821 1344 3909; baseline 0.001 -24"><span class='ocrx_word' id='word_1_261' title='bbox 105 3841 154 3890; x_wconf 78' lang='lat' dir='ltr'>ure</span> <span class='ocrx_word' id='word_1_262' title='bbox 184 3829 292 3893; x_wconf 82' lang='lat' dir='ltr'>brasio</span> <span class='ocrx_word' id='word_1_263' title='bbox 327 3827 379 3891; x_wconf 73' lang='lat' dir='ltr'>arel</span> <span class='ocrx_word' id='word_1_264' title='bbox 411 3827 582 3891; x_wconf 83' lang='lat' dir='ltr'>ceruisiarn</span> <span class='ocrx_word' id='word_1_265' title='bbox 613 3822 772 3909; x_wconf 76' lang='lat' dir='ltr'>[lnuxare]</span> <span class='ocrx_word' id='word_1_266' title='bbox 807 3832 863 3889; x_wconf 78' lang='lat' dir='ltr'>aru</span> <span class='ocrx_word' id='word_1_267' title='bbox 896 3825 1045 3889; x_wconf 86' lang='lat' dir='ltr'>tabernas</span> <span class='ocrx_word' id='word_1_268' title='bbox 1076 3822 1193 3887; x_wconf 88' lang='lat' dir='ltr'>habere</span> <span class='ocrx_word' id='word_1_269' title='bbox 1226 3821 1344 3886; x_wconf 84' lang='lat' dir='ltr'>audeat</span> 
     </span>
     <span class='ocr_line' id='line_1_30' title="bbox 106 3934 1342 4023; baseline 0.001 -25"><span class='ocrx_word' id='word_1_270' title='bbox 106 3945 157 4004; x_wconf 82' lang='lat' dir='ltr'>stre</span> <span class='ocrx_word' id='word_1_271' title='bbox 178 3943 284 4023; x_wconf 69' lang='lat' dir='ltr'>gracie</span> <span class='ocrx_word' id='word_1_272' title='bbox 309 3940 368 4004; x_wconf 88' lang='lat' dir='ltr'>sub</span> <span class='ocrx_word' id='word_1_273' title='bbox 383 3937 541 4022; x_wconf 83' lang='lat' dir='ltr'>[obtentu]</span> <span class='ocrx_word' id='word_1_274' title='bbox 565 3939 616 4002; x_wconf 74' lang='lat' dir='ltr'>trel</span> <span class='ocrx_word' id='word_1_275' title='bbox 641 3944 812 4018; x_wconf 85' lang='lat' dir='ltr'>presumat.</span> <span class='ocrx_word' id='word_1_276' title='bbox 838 3938 888 4002; x_wconf 83' lang='lat' dir='ltr'>Ad</span> <span class='ocrx_word' id='word_1_277' title='bbox 904 3936 1098 4001; x_wconf 88' lang='lat' dir='ltr'>remonenda</span> <span class='ocrx_word' id='word_1_278' title='bbox 1113 3936 1215 4001; x_wconf 85' lang='lat' dir='ltr'>eciam</span> <span class='ocrx_word' id='word_1_279' title='bbox 1234 3934 1342 4016; x_wconf 83' lang='lat' dir='ltr'>dubia,</span> 
     </span>
     <span class='ocr_line' id='line_1_31' title="bbox 105 4045 1341 4138; baseline 0.001 -26"><span class='ocrx_word' id='word_1_280' title='bbox 105 4070 129 4116; x_wconf 83' lang='lat' dir='ltr'>re</span> <span class='ocrx_word' id='word_1_281' title='bbox 147 4053 196 4138; x_wconf 89' lang='lat' dir='ltr'>de]</span> <span class='ocrx_word' id='word_1_282' title='bbox 219 4072 354 4119; x_wconf 91' lang='lat' dir='ltr'>numero</span> <span class='ocrx_word' id='word_1_283' title='bbox 378 4072 526 4134; x_wconf 77' lang='lat' dir='ltr'>agrorum</span> <span class='ocrx_word' id='word_1_284' title='bbox 551 4053 620 4116; x_wconf 83' lang='lat' dir='ltr'>siue</span> <span class='ocrx_word' id='word_1_285' title='bbox 643 4071 827 4116; x_wconf 84' lang='lat' dir='ltr'>mansorum</span> <span class='ocrx_word' id='word_1_286' title='bbox 850 4051 935 4115; x_wconf 90' lang='lat' dir='ltr'>dicte</span> <span class='ocrx_word' id='word_1_287' title='bbox 959 4050 1084 4116; x_wconf 72' lang='lat' dir='ltr'>claritati</span> <span class='ocrx_word' id='word_1_288' title='bbox 1109 4045 1341 4129; x_wconf 86' lang='lat' dir='ltr'>[admon]sura-</span> 
     </span>
     <span class='ocr_line' id='line_1_32' title="bbox 105 4162 1341 4249; baseline 0 -21"><span class='ocrx_word' id='word_1_289' title='bbox 105 4183 151 4232; x_wconf 91' lang='lat' dir='ltr'>um</span> <span class='ocrx_word' id='word_1_290' title='bbox 172 4170 249 4234; x_wconf 89' lang='lat' dir='ltr'>oriri</span> <span class='ocrx_word' id='word_1_291' title='bbox 273 4173 415 4249; x_wconf 75' lang='lat' dir='ltr'>possent</span> <span class='ocrx_word' id='word_1_292' title='bbox 449 4167 552 4231; x_wconf 85' lang='lat' dir='ltr'>eidem</span> <span class='ocrx_word' id='word_1_293' title='bbox 576 4167 701 4230; x_wconf 84' lang='lat' dir='ltr'>ciuitati</span> <span class='ocrx_word' id='word_1_294' title='bbox 733 4164 907 4248; x_wconf 61' lang='lat' dir='ltr'>octoginlta</span> <span class='ocrx_word' id='word_1_295' title='bbox 931 4162 1000 4246; x_wconf 81' lang='lat' dir='ltr'>seu]</span> <span class='ocrx_word' id='word_1_296' title='bbox 1022 4182 1151 4228; x_wconf 87' lang='lat' dir='ltr'>mansos</span> <span class='ocrx_word' id='word_1_297' title='bbox 1174 4163 1341 4228; x_wconf 89' lang='lat' dir='ltr'>censuales</span> 
     </span>
     <span class='ocr_line' id='line_1_33' title="bbox 105 4278 1343 4364; baseline -0.005 -18"><span class='ocrx_word' id='word_1_298' title='bbox 105 4283 262 4347; x_wconf 64' lang='lat' dir='ltr'>&amp;mediam</span> <span class='ocrx_word' id='word_1_299' title='bbox 285 4299 435 4345; x_wconf 88' lang='lat' dir='ltr'>marcam.</span> <span class='ocrx_word' id='word_1_300' title='bbox 460 4286 491 4345; x_wconf 87' lang='lat' dir='ltr'>et</span> <span class='ocrx_word' id='word_1_301' title='bbox 515 4280 675 4364; x_wconf 69' lang='lat' dir='ltr'>vndeloinr</span> <span class='ocrx_word' id='word_1_302' title='bbox 698 4278 841 4361; x_wconf 87' lang='lat' dir='ltr'>rn]ansos</span> <span class='ocrx_word' id='word_1_303' title='bbox 873 4278 1040 4343; x_wconf 80' lang='lat' dir='ltr'>corisualcs</span> <span class='ocrx_word' id='word_1_304' title='bbox 1063 4295 1120 4357; x_wconf 92' lang='lat' dir='ltr'>per</span> <span class='ocrx_word' id='word_1_305' title='bbox 1143 4294 1237 4340; x_wconf 86' lang='lat' dir='ltr'>vnam</span> <span class='ocrx_word' id='word_1_306' title='bbox 1259 4295 1343 4341; x_wconf 89' lang='lat' dir='ltr'>mar·</span> 
     </span>
     <span class='ocr_line' id='line_1_34' title="bbox 105 4389 1343 4477; baseline -0.003 -20"><span class='ocrx_word' id='word_1_307' title='bbox 105 4397 263 4477; x_wconf 72' lang='lat' dir='ltr'>uregalcs</span> <span class='ocrx_word' id='word_1_308' title='bbox 288 4413 350 4457; x_wconf 83' lang='lat' dir='ltr'>vna</span> <span class='ocrx_word' id='word_1_309' title='bbox 373 4392 472 4476; x_wconf 71' lang='lat' dir='ltr'>[euml</span> <span class='ocrx_word' id='word_1_310' title='bbox 495 4395 687 4459; x_wconf 81' lang='lat' dir='ltr'>molendinis</span> <span class='ocrx_word' id='word_1_311' title='bbox 715 4393 834 4457; x_wconf 91' lang='lat' dir='ltr'>ibidem</span> <span class='ocrx_word' id='word_1_312' title='bbox 858 4411 953 4473; x_wconf 89' lang='lat' dir='ltr'>super</span> <span class='ocrx_word' id='word_1_313' title='bbox 977 4410 1061 4473; x_wconf 70' lang='lat' dir='ltr'>aspira</span> <span class='ocrx_word' id='word_1_314' title='bbox 1085 4389 1168 4468; x_wconf 84' lang='lat' dir='ltr'>sitia,</span> <span class='ocrx_word' id='word_1_315' title='bbox 1192 4391 1343 4455; x_wconf 90' lang='lat' dir='ltr'>similiter</span> 
     </span>
     <span class='ocr_line' id='line_1_35' title="bbox 105 4507 1341 4584; baseline -0.004 -13"><span class='ocrx_word' id='word_1_316' title='bbox 105 4529 127 4571; x_wconf 78' lang='lat' dir='ltr'>rs</span> <span class='ocrx_word' id='word_1_317' title='bbox 148 4527 273 4575; x_wconf 87' lang='lat' dir='ltr'>marcas</span> <span class='ocrx_word' id='word_1_318' title='bbox 298 4508 390 4573; x_wconf 91' lang='lat' dir='ltr'>nobis</span> <span class='ocrx_word' id='word_1_319' title='bbox 411 4514 443 4572; x_wconf 89' lang='lat' dir='ltr'>et</span> <span class='ocrx_word' id='word_1_320' title='bbox 465 4527 590 4574; x_wconf 84' lang='lat' dir='ltr'>camere</span> <span class='ocrx_word' id='word_1_321' title='bbox 613 4515 721 4573; x_wconf 85' lang='lat' dir='ltr'>nostro</span> <span class='ocrx_word' id='word_1_322' title='bbox 745 4509 944 4574; x_wconf 87' lang='lat' dir='ltr'>soluentibus</span> <span class='ocrx_word' id='word_1_323' title='bbox 968 4507 1095 4572; x_wconf 92' lang='lat' dir='ltr'>nomine</span> <span class='ocrx_word' id='word_1_324' title='bbox 1118 4523 1243 4584; x_wconf 82' lang='lat' dir='ltr'>census,</span> <span class='ocrx_word' id='word_1_325' title='bbox 1268 4523 1341 4570; x_wconf 84' lang='lat' dir='ltr'>con·</span> 
     </span>
     <span class='ocr_line' id='line_1_36' title="bbox 106 4598 1339 4703; baseline -0.006 -16"><span class='ocrx_word' id='word_1_326' title='bbox 106 4643 206 4689; x_wconf 85' lang='lat' dir='ltr'>ramus</span> <span class='ocrx_word' id='word_1_327' title='bbox 230 4628 264 4688; x_wconf 90' lang='lat' dir='ltr'>et</span> <span class='ocrx_word' id='word_1_328' title='bbox 287 4622 434 4687; x_wconf 76' lang='lat' dir='ltr'>uolumus</span> <span class='ocrx_word' id='word_1_329' title='bbox 459 4598 612 4703; x_wconf 87' lang='lat' dir='ltr'>perpetuo</span> <span class='ocrx_word' id='word_1_330' title='bbox 629 4623 872 4687; x_wconf 84' lang='lat' dir='ltr'>adrnonsaturos</span> <span class='ocrx_word' id='word_1_331' title='bbox 897 4628 929 4686; x_wconf 80' lang='lat' dir='ltr'>ct</span> <span class='ocrx_word' id='word_1_332' title='bbox 952 4620 1153 4686; x_wconf 87' lang='lat' dir='ltr'>confirmatos</span> <span class='ocrx_word' id='word_1_333' title='bbox 1170 4619 1339 4700; x_wconf 86' lang='lat' dir='ltr'>pertinere.</span> 
     </span>
    </p>
   </div>
   <div class='ocr_carea' id='block_1_4' title="bbox 0 0 1555 5392">
    <p class='ocr_par' dir='ltr' id='par_1_4' title="bbox 0 0 1555 5392">
     <span class='ocr_line' id='line_1_37' title="bbox 0 0 1555 5392; baseline 0 0"><span class='ocrx_word' id='word_1_334' title='bbox 0 0 1555 5392; x_wconf 95' lang='lat' dir='ltr'> </span> 
     </span>
    </p>
   </div>
  </div>
 </body>
</html>
