3098 5392
657 477 733 528 1⁸⁰²·
1296 480 1360 546 su

57 708 169 775 chones,
198 725 214 763 a
242 709 412 764 monasterio
440 708 549 764 Pomulr
577 708 674 763 XVIIc
699 739 750 776 -‚
776 709 806 764 in
825 724 932 763 summa
943 747 971 763 ..
989 707 1053 762 IVM
1071 708 1118 764 IIc
1146 710 1309 769 strichones.
1328 743 1363 755 -

56 803 160 859 Datum
178 821 251 861 anno
270 805 373 861 domini
391 805 538 861 millesimo
553 804 744 860 cucuma*
763 835 798 847 -
818 806 849 876 ¹¹)
867 806 985 859 Metilio
1002 809 1082 859 meato
1099 805 1248 861 Proiectis
1265 809 1362 878 (iudex

59 904 87 954 et
100 901 190 969 jurati
208 907 326 972 totaque
344 902 527 957 communitas
544 901 661 956 Minoris
679 901 799 956 ciuitatis
816 900 985 971 Pnageusis),
1002 917 1020 955 s
1036 902 1116 956 nemi
1134 917 1165 958 se
1182 904 1362 975 vysvldcujet

60 1012 128 1065 ,nos
148 997 184 1053 ad
204 997 365 1055 mandatum
382 1029 418 1040 -
435 997 539 1054 domini
555 997 661 1066 Koroli,
678 1027 714 1038 -
729 997 843 1052 Boemic
860 997 943 1067 regis,
955 1027 990 1039 -
1007 1013 1133 1054 annonas
1152 998 1268 1071 siliginis
1286 1002 1361 1073 apud

56 1108 108 1149 nos
127 1093 158 1149 in
175 1095 299 1165 reposito
317 1094 430 1163 habere,
447 1094 574 1149 videlicet
594 1095 773 1164 sexingentas
793 1094 956 1150 strichones.
983 1124 1018 1136 -
1043 1094 1146 1150 Datum
1165 1112 1238 1152 anno
1257 1097 1361 1155 domini

57 1190 206 1245 millesimo
224 1191 417 1246 trecentesimo
437 1190 609 1260 sexagesimo
627 1190 722 1257 tercio,
745 1189 775 1245 in
798 1189 893 1261 uigilia
919 1190 1121 1261 assumpcionis
1138 1191 1221 1246 beate
1248 1193 1361 1265 virginis

55 1287 162 1343 hiarie‘
183 1288 229 1354 (14
247 1289 351 1358 srpna).
369 1317 404 1328 —
424 1287 455 1357 ¹³)
466 1290 547 1340 mesto
559 1288 645 1340 Mosco
658 1285 754 1355 Under
773 1292 801 1342 et
815 1285 902 1355 jurati
914 1286 1035 1341 ciuitatis
1047 1285 1208 1357 Pontensis)
1220 1305 1258 1345 ns
1271 1291 1361 1359 ,mille

57 1392 84 1437 et
102 1383 270 1452 nonigentas
289 1383 443 1438 strichoues
463 1382 588 1452 siliginis.
607 1382 761 1438 —Datum
779 1398 852 1438 snno
871 1381 975 1437 domini
1000 1383 1149 1438 millesimo
1165 1386 1358 1444 trecentesimo

56 1478 233 1548 sexagesimo
250 1485 358 1549 quarto,
375 1480 405 1533 iu
418 1479 506 1534 sancti
518 1479 616 1534 Jacohi
629 1478 673 1534 (lie
692 1494 741 1534 sen
759 1480 926 1535 iestiuitatc“
946 1480 990 1546 (25
1009 1477 1141 1534 lervencc
1159 1482 1246 1549 1364).
1264 1480 1360 1539 —Na

55 1574 142 1630 visch
165 1574 258 1630 techto
283 1574 382 1630 listech
405 1574 471 1644 ison
494 1572 642 1646 piireleny
668 1574 792 1631 mestsko
815 1573 907 1645 peleti
931 1589 968 1628 ua
994 1589 1070 1645 perg.
1087 1574 1242 1645 pronicich
1277 1575 1360 1632 Pelet

55 1687 91 1725 m.
111 1669 261 1725 Chrndiml
281 1673 326 1725 mi
344 1686 381 1725 na
399 1671 440 1741 pi.
463 1687 482 1725 r
497 1671 556 1740 poli
574 1669 692 1725 velkeho
712 1670 771 1725 orla
789 1685 820 1725 se
837 1668 999 1740 vntyienym
1016 1669 1136 1739 zobcem,
1153 1669 1233 1724 scdle
1249 1670 1360 1743 hlavya

57 1768 145 1837 sperui
154 1769 283 1838 pismena
294 1764 466 1832 ,Clllllllllu
476 1765 594 1822 akolem
607 1764 740 1834 legendu:
751 1764 793 1831 ,S.
804 1795 809 1806 ·
821 1764 951 1819 CIVIVM
962 1795 966 1806 ·
978 1764 1152 1821 crvrrffls
1163 1794 1169 1807 ·
1180 1764 1356 1821 CRUDYM'·

624 2056 689 2139 css.
721 2073 794 2140 sss.

486 2253 585 2334 1362,
609 2271 633 2320 v
653 2250 743 2322 zeii.
766 2254 799 2322 V
822 2253 952 2325 Prunc.

56 2430 155 2499 ciras
177 2431 279 2498 Korel
299 2434 320 2499 1
325 2432 355 2497 V
369 2430 513 2515 solutos
534 2426 735 2514 helesium
749 2431 893 2506 mestum,
909 2429 970 2513 uby
990 2429 1122 2499 chooolo
1141 2427 1227 2497 veliti
1242 2428 1357 2512 sdsoby

54 2547 171 2614 ebrum
200 2543 221 2610 l
239 2546 369 2632 potr'ehl
387 2543 519 2621 sensti,
539 2541 673 2610 Merme
687 2542 805 2608 shrael
817 2542 913 2608 dileto
932 2543 972 2609 od
990 2542 1069 2610 utho
1090 2542 1357 2620 chorocensium

437 2678 478 2724 so
499 2657 553 2724 sve
568 2656 681 2739 penite
702 2654 821 2720 musula
837 2655 985 2738 polluite

161 2852 252 2906 Znenl
279 2850 401 2905 naiizenl
428 2848 494 2904 toho
522 2846 706 2903 nezachovalo
734 2862 773 2901 sc.
809 2845 885 2902 Srov.
908 2833 1008 2914 Pelzel,
1035 2846 1070 2901 Κ.
1097 2845 1165 2902 Karl
1189 2847 1239 2902 tler
1262 2848 1358 2904 Vierte

55 2958 102 3005 str.
124 2953 190 3016 7173
209 2946 337 3016 Palaclsy,
357 2944 458 3015 Dejiuy
477 2943 584 2998 narodu
602 2928 631 2996 (l,
649 2941 684 2995 II.
704 2947 720 2994 2
739 2947 787 2996 str.
808 2946 857 2995 169
876 2957 894 2995 u
910 2941 1022 3009 Tomek,
1040 2940 1155 3013 Dejepis
1171 2961 1205 2997 m.
1218 2944 1310 3014 Pruhy
1322 2944 1357 3000 11.
1445 3005 1447 3008 Α

54 3055 101 3100 str.
120 3051 165 3099 51.
186 3074 218 3085 -
238 3042 369 3096 Nicmene
388 3042 526 3095 vstitnim
541 3039 652 3094 archivu
672 3054 705 3092 ve
718 3038 799 3093 Vidni
820 3038 930 3105 chevaji
949 3054 978 3091 se
998 3038 1064 3107 orig.
1083 3038 1273 3107 piiznivacich
1291 3040 1356 3093 listh

54 3139 208 3211 uekterych
237 3139 315 3205 mest,
341 3136 459 3206 kierymi
486 3133 616 3188 zavtzalu
641 3150 670 3186 se
694 3132 738 3186 dle
766 3133 862 3187 tohoto
887 3133 1012 3187 naiineni
1037 3133 1125 3203 urhity
1148 3136 1228 3204 pocet
1250 3136 1356 3203 brneni,

54 3234 221 3307 ueprsnsssh,
247 3231 420 3302 podbradkil,
438 3230 582 3297 niramkin
602 3227 716 3283 hornich
742 3228 878 3282 naraurlrh
899 3245 936 3282 na
959 3229 1046 3297 plece,
1074 3227 1194 3296 cbojkirs
1218 3246 1235 3284 a
1258 3231 1355 3302 jiuych

53 3333 150 3386 zbrnui
170 3327 281 3382 choreti
298 3327 445 3396 pohotose,
465 3342 482 3379 a
500 3325 556 3379 sice
577 3324 644 3391 jsou
664 3328 693 3377 to
712 3323 790 3392 listy:
815 3325 835 3389 ¹)
853 3327 932 3375 muta
950 3324 1069 3376 Κνάὶουέ
1084 3324 1191 3377 Ihnclce
1208 3344 1235 3378 ze
1254 3329 1304 3380 dne
1324 3333 1355 3380 21

53 3430 111 3480 ulii
130 3429 208 3489 1362,
224 3423 288 3491 jeni
305 3425 351 3476 zni
369 3421 461 3475 takto:
485 3418 559 3484 ,Nos
575 3417 670 3487 judex,
686 3418 772 3485 jurati
792 3423 819 3471 et
837 3418 1003 3473 vniuersitss
1023 3419 1142 3473 ciuitatis
1160 3419 1189 3474 in
1209 3420 1294 3474 Grecz
1314 3439 1355 3476 re·

53 3521 247 3593 cognoscimus
266 3517 410 3582 uniuersis,
428 3532 480 3570 ncs
499 3532 516 3570 a
534 3515 712 3570 serenissimo
736 3513 871 3583 principe,
895 3513 1006 3568 domino
1030 3513 1142 3581 Romulo,
1169 3517 1355 3572 Romanorum

53 3620 223 3689 imperatore
242 3630 351 3685 semper
369 3620 485 3682 augusto
506 3619 533 3666 et
551 3611 663 3665 Boemie
681 3626 754 3679 rege,
773 3610 883 3664 domino
910 3617 1005 3664 nostre
1031 3611 1242 3679 graciosissimo,
1262 3621 1289 3669 et
1307 3631 1355 3669 no-

54 3715 130 3769 mine
148 3712 238 3783 ipsius
256 3728 275 3766 a
293 3709 404 3766 (lumino
420 3709 517 3776 Paulo,
536 3723 643 3763 camere
661 3706 738 3776 regni
750 3707 863 3761 Boemie
881 3706 998 3773 notario,
1018 3705 1233 3776 quadringentas
1244 3715 1354 3765 toraces

52 3811 146 3865 minus
165 3805 545 3873 XV1,trecentasherbutas
571 3820 631 3858 cum
650 3802 858 3872 appendenciis,
882 3801 1015 3855 brachilia
1031 3808 1154 3856 trecenta
1173 3803 1263 3859 minus
1282 3805 1356 3874 XVI,

51 3903 164 3975 golliria
183 3903 247 3957 XVI
266 3907 294 3956 et
311 3901 425 3956 totidem
437 3900 608 3956 humberalia
620 3899 787 3969 percepisse,
813 3898 913 3966 adque
933 3897 1035 3951 nostris
1055 3898 1179 3968 pecuniis
1198 3900 1253 3954 alia
1271 3916 1356 3970 arma,

51 3999 184 4056 videlicet
202 3998 344 4066 harhutas,
361 3996 523 4062 humeralia,
541 4002 683 4066 cyrotecas
702 4001 730 4048 et
748 4001 840 4049 cetera
855 3993 1084 4063 comparauimus,
1103 4010 1156 4063 que
1173 3995 1265 4050 omnia
1282 4013 1356 4051 nunc

49 4100 79 4152 in
98 4100 211 4167 promto
238 4093 371 4148 habemus
397 4109 484 4162 vsque
510 4091 544 4146 ccl
567 4092 678 4162 plenam
706 4107 838 4146 summam
866 4097 893 4144 et
920 4105 1063 4145 numerum
1091 4089 1355 4160 quadringentorum

48 4198 240 4265 apparatuum
258 4190 435 4259 integrorum.
470 4189 586 4259 Hosque
611 4187 826 4258 quadringentos
851 4191 1003 4256 apparatus
1026 4186 1148 4255 integros
1167 4186 1355 4257 promittimus

46 4283 202 4345 bonafide
221 4282 343 4354 predicto
369 4283 480 4339 domino
504 4290 601 4338 nostro
626 4283 801 4353 imperatore,
829 4282 887 4336 suis
914 4280 1063 4336 heredibus
1088 4288 1115 4337 et
1141 4284 1355 4353 successorihus,

46 4384 164 4455 regibus
184 4380 305 4446 Bcemie,
332 4387 475 4450 perpetue,
506 4379 607 4433 munde
632 4385 659 4432 et
683 4379 787 4447 integre
807 4395 856 4448 pro
875 4379 998 4449 ipsorum
1018 4378 1185 4434 necessitate
1204 4380 1355 4436 ethonore

45 4480 129 4551 regni
148 4474 290 4533 custodire
309 4483 337 4532 et
354 4476 473 4532 fideliter
490 4491 665 4544 conseruare,
690 4475 790 4544 tuliter,
809 4473 891 4544 quod,
913 4475 1045 4544 quociens
1064 4482 1092 4530 et
1110 4474 1220 4545 quando
1237 4492 1289 4546 per
1306 4477 1353 4534 do·

44 4579 155 4631 minum
176 4577 303 4628 nestrum
321 4572 523 4642 imperatorem,
543 4586 717 4627 successores
734 4578 761 4624 et
774 4570 890 4625 heredes
904 4586 979 4637 suos,
997 4586 1076 4640 reges
1089 4570 1208 4638 Bcemie,
1228 4572 1353 4643 requisiti

44 4673 82 4729 de
102 4671 160 4727 hiis
180 4668 324 4736 fuerimus,
341 4669 445 4723 nullam
463 4667 492 4722 in
511 4667 563 4721 hiis
583 4667 695 4737 penitus
715 4666 911 4736 negligenciam
929 4665 1142 4737 committemus3
1161 4666 1235 4737 quod
1254 4666 1278 4722 si
1297 4684 1352 4722 non

1165 4786 1198 4834 3⁷
