3098 5392
238 443 323 511 1104
851 444 927 495 1409.

236 654 345 736 procul
370 652 474 717 motis.
499 653 638 733 Ideoque
661 651 797 732 predicti
822 651 968 733 hospites
992 651 1064 716 siue
1087 655 1191 717 naute
1224 651 1389 734 predicta
1415 652 1540 734 ipsomn

235 767 330 832 bleda
354 767 424 831 siue
447 767 606 830 frumenta
630 765 722 844 grani
745 765 967 847 cuiuscunque
990 764 1031 829 de
1054 765 1206 846 ipsorum
1231 766 1386 831 uorsibus
1410 767 1450 831 ad
1474 768 1539 832 ciui·

236 886 335 945 tatem
358 879 688 944 Luthomiericensem
719 878 897 959 predictam
921 879 1011 942 iuxta
1038 877 1324 943 consuetudinem
1350 880 1478 960 pridem
1498 880 1539 943 ob

237 999 398 1060 seruatam
432 993 629 1075 peramplius
661 997 790 1074 portare
824 998 857 1056 et
893 991 1013 1058 ibidem
1047 990 1215 1073 deponere
1250 1011 1322 1057 non
1359 994 1538 1059 tenebuntur

235 1107 350 1190 quouis
374 1106 476 1172 modo.
501 1106 656 1171 Volumus
680 1111 796 1186 tamen,
829 1106 914 1186 quod
937 1104 1076 1187 predicti
1102 1105 1195 1171 ciues
1220 1105 1538 1173 Luthomiericenses

231 1239 307 1303 ,cum
324 1219 470 1300 pecuniis
489 1237 546 1301 per
561 1220 650 1300 ipsos
673 1219 804 1283 nomine
820 1219 941 1300 angelti
959 1219 999 1283 de
1015 1216 1171 1299 predictis
1184 1217 1301 1284 bladis
1316 1227 1353 1286 et
1370 1221 1536 1287 frumentis.

237 1335 322 1398 sicut
344 1333 551 1414 premittitur,
575 1330 770 1413 recipiendis
794 1337 827 1397 et
849 1331 1039 1414 colligendis
1062 1335 1180 1410 turres,
1215 1331 1362 1413 fossato,
1388 1354 1494 1399 muros
1513 1342 1535 1398 et

236 1448 342 1512 menia
365 1447 509 1511 eiusdem
541 1445 684 1511 ciuitatis
708 1446 740 1509 in
765 1446 910 1527 ipsorum
940 1443 1020 1511 locis
1043 1444 1188 1510 ruinosis
1221 1450 1256 1511 et
1279 1445 1485 1514 defectuosis
1505 1449 1536 1510 de

235 1562 289 1626 die
320 1561 351 1624 in
383 1559 468 1625 diem
499 1558 683 1637 reformare,
719 1576 870 1640 reperere
904 1564 934 1623 et
969 1558 1100 1623 easdem
1131 1559 1164 1623 in
1203 1559 1318 1624 nullos
1352 1563 1438 1627 alios
1473 1581 1534 1625 rsus

234 1676 379 1756 ipsorum
402 1679 590 1738 conuertere
613 1672 760 1754 debeant,
784 1672 1045 1738 contradicoioue
1066 1677 1099 1736 et
1120 1671 1313 1738 renitencie
1338 1693 1405 1740 non
1422 1675 1534 1741 obsten-

235 1787 321 1851 tibus
346 1786 601 1868 quibuscunque.
639 1786 770 1850 Nullum
802 1786 906 1851 eciam
929 1803 985 1866 per
1008 1789 1192 1867 presentem
1226 1792 1384 1852 nostram
1407 1790 1533 1870 greciam

236 1899 371 1982 pretatis
394 1899 520 1964 ciuibus
552 1905 585 1963 et
607 1900 734 1963 ciuitati
758 1899 1049 1964 Lutbomiericensi
1081 1899 1114 1963 in
1146 1898 1300 1980 ipsorum
1334 1901 1533 1984 depositione

236 2015 397 2093 uluariter
431 2012 597 2093 niderlage
619 2012 706 2077 dicte
737 2031 794 2093 per
818 2013 905 2094 ipsos
929 2014 1095 2092 hucusque
1125 2011 1348 2078 laudabiliter
1372 2014 1532 2080 obseruata

236 2133 268 2190 et
290 2126 421 2191 obtenta
444 2126 657 2206 preludicium
691 2127 838 2191 volumus
862 2126 990 2207 penitus
1014 2125 1163 2208 irrogari,
1194 2126 1257 2192 sed
1289 2129 1412 2210 pocius
1434 2128 1530 2194 eaden

236 2239 442 2320 deposicioue
466 2241 511 2303 vti
534 2245 567 2303 et
588 2239 730 2321 parrrlere
754 2238 888 2320 pacifice
909 2245 943 2304 et
963 2239 1081 2322 quiete.
1120 2239 1324 2307 Mandemus
1349 2243 1454 2325 igitur
1474 2243 1531 2306 vni-

236 2353 340 2416 uersis
364 2359 396 2415 et
413 2352 549 2431 singulis
573 2352 755 2433 hospitibus
779 2353 851 2416 siue
873 2352 980 2417 nautis
996 2371 1067 2416 cum
1084 2351 1232 2434 ipsorum
1259 2355 1417 2436 nauibus,
1439 2355 1530 2421 blsdis

236 2471 268 2530 et
290 2464 460 2529 frumentis
481 2466 617 2545 onustis,
641 2485 697 2546 per
719 2465 855 2531 fluuium
873 2465 972 2531 Albee
993 2473 1068 2531 aute
1091 2466 1212 2532 dictem
1231 2469 1410 2536 ciuitatem
1424 2469 1529 2535 Lutbo-

235 2578 457 2642 miericensem
488 2579 757 2644 descendentibus
781 2579 1095 2660 descendentibus,
1130 2585 1299 2660 quatenus
1333 2584 1379 2650 de
1400 2583 1527 2667 qualibet

235 2709 385 2755 mensura
419 2691 570 2757 l'rruuenti
602 2695 693 2774 grani
716 2694 936 2776 cuiuscunque
965 2698 1102 2777 quatuor
1125 2694 1281 2761 balenses
1315 2704 1447 2764 monete
1468 2716 1526 2779 pra·

235 2805 344 2887 gensis
370 2806 489 2869 usualis
522 2812 554 2869 et
585 2808 744 2871 currentis
776 2809 905 2871 nomine
935 2806 1066 2885 vuuelti,
1101 2807 1187 2871 sicut
1218 2811 1437 2890 premittitur,
1468 2813 1527 2875 siue

236 2919 493 2984 contradicuiouo
517 2921 659 3000 qualibet
682 2921 760 2984 deut
782 2921 994 2986 effectualiter
1013 2925 1045 2984 et
1061 2923 1242 3001 assignent,
1269 2933 1370 3004 prout
1394 2926 1524 3007 indigua-

235 3034 358 3097 cionem
389 3041 529 3098 nostram
562 3036 787 3113 greiiissimam
820 3035 979 3099 voluerint
1009 3034 1117 3099 arcius
1147 3037 1289 3101 euitare.
1329 3038 1522 3105 Presenciuu

235 3146 295 3210 sub
334 3148 422 3227 regie
460 3152 569 3211 nostre
603 3149 784 3213 maiestatis
820 3149 927 3229 sigillo
962 3149 1146 3212 testimonio
1182 3149 1382 3217 litterarum.
1422 3154 1521 3216 Datum

233 3260 373 3324 Tocnuilr
404 3280 486 3322 anuo
518 3260 638 3323 ‹louriui
663 3262 834 3325 millesimo
857 3262 1174 3343 quadringentesimo
1199 3262 1336 3345 nono¹)‚
1371 3266 1425 3332 die
1447 3274 1521 3331 serta

234 3373 324 3452 Julii,
348 3393 519 3454 regnorum
545 3381 726 3439 nostrorum
757 3396 840 3440 ruuro
865 3376 996 3439 Boemie
1025 3374 1276 3457 quadragesimo
1303 3381 1450 3460 septimo,
1471 3378 1520 3441 Por

234 3507 398 3551 manorum
424 3507 496 3552 vero
520 3490 682 3554 tricesimo
705 3496 827 3570 quarto.

594 3665 653 3727 Per
677 3663 839 3729 dominum
866 3663 1048 3729 Conradum
1070 3664 1261 3746 episcopum
1288 3666 1514 3733 Olomucenseu

851 3777 1015 3842 lohannes
1038 3776 1079 3842 de
1102 3778 1273 3860 Bamberg.

336 3965 462 4035 Rulrupis
483 3949 609 4018 t'ssoslzeuo
636 3983 732 4018 musea
757 3967 825 4033 sign.
854 3967 929 4020 :ltG
953 3976 981 4020 tz’
1001 3984 1036 4020 ua
1061 3966 1127 4020 listu
1146 3973 1190 4020 ba
1210 3984 1227 4022 a
1245 3976 1308 4023 38α
1336 3987 1369 4023 zu
1394 3968 1511 4037 ne'pisern'

235 4062 355 4114 „Littera
375 4063 525 4115 irruisstutis
553 4080 636 4131 super·
659 4071 777 4130 ‹piractuor
802 4064 931 4118 ‹leuarios
957 4064 990 4117 de
1009 4064 1134 4132 qualibet
1153 4071 1312 4130 nreusura“‚
1340 4066 1393 4119 lrde
1417 4070 1436 4115 ἰ
1452 4077 1510 4116 noan

234 4158 291 4210 bud’
313 4158 405 4210 srlnizi
430 4160 482 4210 nob
504 4159 533 4221 jo
560 4160 746 4225 pleslrrtuuto.
779 4159 909 4211 Vtorniu
934 4160 1066 4229 rnkopise
1092 4176 1128 4212 na
1146 4160 1162 4211 l.
1182 4162 1245 4214 set
1260 4162 1293 4227 je
1312 4162 1396 4230 leski
1414 4153 1508 4231 prolui

232 4254 326 4306 tulroto
355 4255 426 4307 listu.
457 4255 608 4307 Vara-birri
629 4272 661 4307 ur.
683 4255 827 4307 tritonii-io
856 4256 943 4309 cbuvu
961 4273 991 4310 se
1011 4255 1064 4325 pud
1085 4255 1155 4309 edil
1182 4257 1304 4311 vidimus
1334 4258 1425 4312 tobote
1450 4256 1508 4306 lietu.

234 4350 339 4417 uariauit*
355 4349 387 4403 orl
403 4352 570 4418 purluuistra
583 4369 599 4403 a
613 4352 696 4419 radrly
712 4352 826 4404 stuiolo
841 4352 1095 4406 messalineskeho
1108 4353 1125 4404 l.
1143 4359 1208 4406 1536
1224 4371 1255 4411 „r
1270 4355 1356 4422 pritek
1371 4372 1404 4423 pe
1417 4347 1507 4415 saaph

233 4445 354 4495 rotondi
374 4445 447 4497 latur
470 4447 572 4497 llrrsoui
592 4466 607 4497 u
625 4447 811 4514 lououyruoui,
832 4446 1026 4500 rrururdluiuieb
1046 4447 1168 4501 bottulo.
1195 4448 1239 4502 Nu
1257 4450 1361 4503 vidium
1381 4449 1427 4500 vie
1446 4445 1506 4514 pei-d

234 4541 436 4593 Stzrrouustsla
458 4562 469 4591 s
491 4543 617 4610 polutum
640 4544 724 4607 lullo,
740 4545 805 4610 joni
827 4543 884 4596 ureb
903 4561 919 4597 a
928 4544 1026 4611 jablko
1039 4561 1054 4595 v
1068 4537 1158 4597 rukou
1176 4543 1238 4598 drdi
1251 4563 1267 4598 a
1280 4563 1318 4599 na
1337 4548 1416 4615 prere
1433 4553 1500 4594 stram

234 4640 276 4687 rud
296 4636 389 4703 napis:
412 4637 536 4703 „bouniis
555 4646 629 4705 rum,
648 4656 664 4694 a
683 4656 695 4692 s
714 4638 865 4708 legendouz
894 4637 1102 4708 „secunlum
1119 4638 1252 4696 civium
1270 4633 1504 4697 Pltnurzustt'ltn
