3098 5392
219 427 281 496 796
818 442 895 495 rasa.

216 639 359 721 predicte
374 643 625 725 supplicacionis
640 648 834 717 instanciam
849 649 1070 732 —predictas
1084 649 1200 715 literas
1215 685 1262 695 -
1279 647 1505 715 confirmamus.

214 755 390 822 —Datum
412 757 515 842 Prage
537 780 622 829 enno
645 763 767 831 domini
789 763 962 830 millesimo
985 764 1215 829 trecentesimo
1232 763 1506 845 quinquagesimo,

213 867 394 937 indiccione
404 872 516 954 tercie,
531 874 580 940 111
590 875 664 942 idus
680 876 805 958 Julii,*)
816 895 989 959 regnorum
999 881 1184 942 nostrornm
1195 875 1425 942 Romanorum
1437 893 1507 940 enno

214 983 336 1065 quinto,
358 985 513 1052 Bobemie
527 1006 604 1056 vero
619 1008 703 1056 anno
725 994 849 1073 quarto.
864 1025 907 1036 —
922 989 989 1056 Nos
1005 1007 1117 1055 eorum
1140 988 1449 1071 supplicacionibus
1468 994 1508 1052 ut·

213 1101 289 1179 pote
301 1098 551 1168 racionabilibus
566 1107 663 1186 atque
673 1103 771 1169 iustis
782 1104 963 1186 graciosins
974 1107 1154 1168 annuentes
1168 1103 1330 1186 —regie
1345 1102 1509 1169 autoritate

214 1211 368 1280 Bobemie
381 1251 425 1262 -
441 1216 618 1298 predictam
634 1218 761 1283 literam
777 1223 810 1282 et
821 1218 929 1283 omnia
944 1222 977 1281 et
988 1216 1118 1298 singula
1129 1216 1164 1281 in
1175 1215 1296 1282 eedem
1310 1221 1463 1283 contenta
1477 1248 1507 1259 -

213 1326 447 1395 confirmamus.
470 1331 683 1397 -Ceterum
705 1351 764 1415 pro
786 1337 878 1414 parte
900 1331 1117 1414 predictorum
1140 1330 1266 1396 ciuium
1290 1336 1328 1396 et
1342 1331 1509 1396 incolarum

214 1441 358 1509 ciuitatis
388 1444 422 1509 in
445 1444 710 1513 Scblackenwerd
741 1445 885 1529 predicte
915 1463 1026 1511 sumus
1056 1444 1253 1527 diligencius
1288 1447 1454 1530 requisiti,
1482 1450 1508 1507 rt

213 1575 285 1623 cum
306 1576 345 1623 er
367 1558 698 1626 inanimadvertencia
720 1559 983 1643 predecessorum
1014 1577 1147 1625 suorum
1170 1559 1315 1641 quedam
1346 1559 1509 1642 priuilegia

212 1676 245 1735 et
265 1671 384 1753 littere,
407 1691 470 1756 que
492 1678 526 1739 et
548 1691 629 1755 ques
653 1690 750 1756 super
773 1672 898 1738 iuribus
920 1672 1066 1738 ciuitatis
1089 1689 1201 1738 eorum
1225 1671 1434 1753 obtinebunt,
1462 1689 1509 1754 per

211 1784 298 1866 ignis
320 1786 507 1868 voraginem
532 1787 599 1851 sint
621 1791 820 1868 consumpta,
844 1786 884 1852 ob
906 1804 1042 1868 quornm
1071 1784 1233 1851 delectum
1258 1785 1304 1850 de
1327 1784 1504 1852 huiusmodi

212 1897 338 1964 iuribus
368 1898 402 1963 in
424 1904 535 1964 nostre
564 1898 746 1964 maiestatis
776 1898 946 1980 presencie
967 1897 1076 1963 dicere
1097 1914 1162 1962 non
1184 1901 1354 1979 poterant,
1381 1905 1420 1964 ut
1439 1898 1508 1980 ipsis

212 2011 247 2076 in
268 2011 330 2078 boc
352 2011 466 2077 ordine
488 2011 632 2077 debitum
654 2011 820 2093 perpetuis
836 2008 1026 2075 duraturum
1042 2007 1245 2092 temporibus
1267 2030 1395 2093 ponere
1409 2012 1508 2095 digua·

213 2142 331 2208 remur,
352 2144 412 2191 nes
430 2144 542 2191 eorum
558 2124 788 2207 indempnitati
804 2123 984 2206 graciosius
1001 2122 1170 2188 consulere
1185 2123 1338 2190 volentes
1360 2125 1405 2190 nd
1426 2123 1508 2190 linem

212 2256 349 2321 quoque,
371 2257 413 2305 ne
435 2256 505 2319 nos,
528 2237 664 2304 heredes
687 2242 744 2302 ant
767 2254 971 2303 successores
993 2242 1133 2316 nostros,
1156 2234 1439 2321 Bobemiereges,
1461 2255 1508 2302 seu

213 2351 316 2417 eciem
338 2352 428 2417 ciues
462 2351 626 2434 predictos
660 2368 815 2434 processu
845 2351 1000 2432 temporis
1030 2347 1129 2415 dubio
1151 2349 1313 2417 vacillare
1343 2352 1507 2434 continget,

212 2464 303 2546 regia
332 2465 527 2532 auctoritate
556 2465 712 2531 Bobemie
741 2496 784 2510 -
807 2462 978 2529 statuendo
1002 2462 1206 2530 decernimus
1234 2500 1293 2546 -—,
1317 2470 1355 2530 vt
1384 2462 1507 2548 predicti

214 2576 303 2643 ciues
326 2584 360 2643 et
381 2577 499 2644 ciuitas
523 2580 557 2644 in
572 2576 839 2645 Schleckenwerd
862 2575 922 2642 sub
945 2577 1032 2642 omni
1055 2594 1093 2642 eo
1112 2576 1196 2659 jure,
1219 2594 1286 2658 quo
1303 2578 1398 2645 ciues
1412 2575 1507 2644 nostri

215 2688 407 2757 (lubitenses
430 2710 469 2758 er
492 2691 711 2774 dispositione
733 2690 976 2773 progenitorum
997 2695 1190 2770 nostrorum,
1213 2707 1332 2772 regum
1353 2691 1506 2769 Bobemie,

214 2803 360 2869 residere
381 2810 569 2886 noscuntur,
593 2804 758 2887 perpetuis
773 2804 905 2869 inantea
926 2803 1126 2885 temporibus
1141 2800 1285 2869 debeent
1298 2803 1436 2887 pacifice
1448 2821 1508 2888 per·

215 2933 354 2999 manere,
387 2918 533 3001 ipsisque
559 2918 707 2984 adinstar
730 2917 890 2984 dictorum
920 2917 1042 2981 ciuium
1064 2914 1293 2983 Cubitensium
1323 2920 1358 2984 in
1383 2917 1506 3003 singulis

215 3029 382 3097 ciuitatem
404 3049 515 3098 eorum
538 3030 804 3099 concernentibus
828 3031 886 3110 uti,
909 3028 973 3094 frui
998 3035 1030 3095 et
1052 3029 1298 3112 impedimentis
1320 3031 1508 3116 quibuslibet

214 3145 417 3211 cessantibus
440 3145 581 3228 gaudere
603 3146 733 3210 valeant
761 3148 859 3224 atque
888 3143 1024 3226 possint,
1056 3144 1197 3210 exclusis
1228 3145 1396 3227 censibus,
1427 3144 1507 3212 nobis

214 3263 248 3322 et
269 3257 442 3324 heredibus
464 3260 585 3325 nestris
608 3259 698 3324 iuxta
720 3258 887 3324 literarum
909 3258 963 3324 hic
977 3259 1176 3325 inclusarum
1191 3259 1435 3328 continenciam
1447 3275 1507 3342 per·

214 3370 389 3437 soluendis.
435 3370 628 3437 Mandantes
652 3370 845 3438 officialibus
869 3371 1050 3453 ciuitatum,
1082 3370 1276 3454 oppidorum
1300 3379 1335 3440 et
1358 3375 1505 3450 villarum,

215 3483 500 3550 communitatibus
523 3485 705 3568 ceterisque
726 3487 847 3551 nostris
871 3491 904 3550 et
925 3486 1017 3568 regni
1041 3484 1197 3552 Bobemie
1219 3485 1366 3555 subditis
1390 3494 1423 3556 et
1442 3485 1507 3553 fide

214 3595 299 3662 libus
322 3595 458 3663 firmiter
480 3603 514 3663 et
535 3597 693 3680 districte,
717 3603 752 3663 vt
774 3598 936 3681 predictos
960 3600 1049 3665 ciues
1072 3605 1106 3666 et
1127 3599 1252 3667 incolas
1275 3602 1426 3684 predicte
1439 3598 1507 3669 riui·

213 3710 292 3775 tetis
322 3709 357 3775 in
387 3709 652 3777 Schlaclrenwerd
681 3713 856 3779 aduersum
882 3713 1070 3780 huiusmodi
1103 3721 1248 3781 nostram
1283 3718 1429 3800 greciam
1455 3731 1506 3780 non

215 3821 402 3903 impediant.
447 3858 489 3870 -
523 3825 643 3890 Datum
673 3826 777 3909 Prsge
805 3845 890 3893 anno
931 3827 1053 3894 domini
1087 3827 1260 3894 millesimo
1290 3831 1506 3898 trecentesimo

216 3937 434 4019 octuagesimo
451 3938 598 4020 septimo,
623 3939 676 4006 die
692 3941 970 4024 vicesimaprima
986 3942 1106 4008 mensis
1121 3941 1325 4026 Decembris,
1349 3958 1506 4030 regnomn

216 4054 399 4115 nostrerum
433 4069 517 4117 anno
547 4053 702 4120 Bobemie
732 4056 886 4122 vicesimo
920 4056 1050 4139 quinto,
1084 4056 1305 4123 Romanorum
1336 4077 1415 4127 vero
1441 4057 1505 4122 duo

217 4159 351 4228 decimo.

925 4255 977 4320 Ad
998 4201 1187 4322 mandatum
1210 4256 1336 4325 domini
1359 4258 1452 4342 regis,

855 4366 1017 4433 referente
1038 4367 1248 4451 sigismundo
1272 4367 1499 4440 subcamerario,

968 4481 1160 4549 Wlachniko
1183 4484 1226 4550 de
1248 4484 1431 4570 Weytmile

323 4656 348 4721 *)
367 4655 394 4710 d.
412 4673 429 4710 v
446 4657 532 4712 Praze
554 4664 585 4712 13
603 4657 733 4716 derrence
755 4666 827 4716 13t0.
