3098 5392
239 459 325 524 1132
861 455 938 505 ιιιιι

236 669 387 754 magismi
412 669 546 747 ciuium,
576 664 847 748 cousulesjurati
877 661 1430 742 scammis-respuamus,
1456 662 1548 729 Gluu

236 785 363 850 niensis
393 788 427 848 et
454 779 690 847 Tacbeuiensis
709 778 883 844 ciuitatum
910 781 1105 855 namnum,
1137 773 1267 842 wa
1299 780 1417 844 nuslxi
1445 778 1479 843 ‹li

237 906 401 978 tamquam
429 895 564 961 honoris
597 899 631 959 et
659 891 801 958 nominis
829 889 934 956 numi
961 887 1253 955 auidiaclalnres
1291 898 1330 956 α
1367 891 1405 956 ix
1436 923 1458 946 ..
1505 919 1526 939 =·

239 1010 384 1136 cencium
416 1008 614 1091 singularem
646 1012 681 1071 et
711 1004 894 1069 subsidium
925 1002 1064 1068 duorum
1094 1002 1233 1129 milium
1269 1005 1547 1131 aepfixgmlsm

240 1568 1224 1658 quarumprctextupecuniarumetalinrumsummarum
1255 1568 1546 1650 mumm-

239 1687 320 1752 lium
350 1684 443 1750 nobis
472 1703 531 1766 per
561 1685 651 1766 ipsos
681 1685 774 1767 prius
804 1680 1546 1766 ctadpreseusislarumacetiangw

240 1817 352 1864 rarum
382 1798 416 1862 in
439 1816 540 1879 reguo
569 1805 680 1864 nostro
708 1796 843 1862 Bocmie
868 1801 1037 1874 molarum,
1066 1793 1122 1859 rbi
1143 1793 1246 1861 nobis
1268 1815 1355 1863 cum
1377 1796 1547 1880 sumptibus

240 1914 384 1995 ipsorum
415 1910 556 1976 fideliter
583 1909 766 1988 astiterunt,
798 1909 936 1990 magnis,
964 1907 1052 1972 sicut
1078 1905 1121 1971 ab
1150 1916 1299 1990 experto
1328 1910 1544 1994 cognouinm.

241 2025 362 2092 debitis
384 2024 524 2089 inuoluti
546 2022 589 2087 ad
611 2040 746 2104 presens
767 2020 859 2100 adeo,
881 2019 946 2086 uisi
967 2027 1080 2085 nestra
1101 2021 1273 2087 serenitas
1296 2024 1391 2106 ipsis
1410 2030 1546 2091 succurri

242 2139 453 2220 intempore,
476 2137 541 2216 ipsi
563 2152 719 2216 processu
740 2134 906 2215 temporis,
928 2133 1015 2198 sicut
1033 2132 1237 2214 accepimus,
1264 2137 1403 2217 prolabi
1428 2146 1546 2222 pomi

241 2251 276 2316 in
305 2251 450 2332 ipsorum
479 2250 706 2314 exterminium
734 2247 934 2324 vltimatum3
962 2265 1005 2311 ne
1033 2245 1137 2328 igitur
1164 2247 1303 2329 prefate
1336 2260 1455 2319 nosue
1478 2252 1547 2318 ciui

240 2369 326 2429 lates
348 2368 497 2444 pretextu
519 2362 738 2443 predictorum
758 2361 940 2426 debitorum
954 2379 1087 2426 sucrum
1102 2362 1232 2427 nom
1247 2366 1462 2448 temporibus
1474 2373 1545 2432 luis

240 2476 318 2540 liter
345 2473 522 2554 succumbi,
554 2474 612 2539 sed
641 2476 754 2557 pocius
783 2473 893 2539 felicia
922 2474 1121 2539 incrementa
1143 2476 1327 2558 suscipoee
1355 2487 1391 2546 et
1413 2496 1546 2547 crem

240 2588 421 2668 videantur,
443 2607 502 2652 nos
524 2606 588 2652 non
611 2606 669 2669 per
690 2605 832 2652 cnorum
853 2593 911 2653 aut
931 2586 1123 2670 improuide,
1146 2587 1209 2653 sed
1233 2590 1356 2658 auimo
1378 2593 1544 2660 deliberato

243 2719 387 2782 sanoque
409 2698 552 2765 fidelium
575 2707 758 2764 nostrorum
779 2698 954 2766 secedente
975 2699 1115 2766 consilio
1140 2701 1305 2770 ciuitatoe
1328 2707 1541 2789 prcuicsnia

243 2832 484 2897 recompensam
507 2813 725 2894 predictorum
747 2813 884 2879 duorum
897 2814 1024 2880 milium
1038 2815 1330 2897 septingentarum
1349 2827 1385 2886 el
1400 2822 1542 2904 quiuqua-

243 2930 335 3010 ginla
357 2945 591 3008 sexagenurnm
621 2927 805 3008 pronubis,
836 2933 874 2991 ut
894 2928 1103 3009 premittitur,
1132 2927 1372 2999 donandorum
1403 2953 1460 2999 seu
1488 2932 1540 2997 ssl-

244 3041 432 3120 uendorum,
454 3041 640 3121 incipiendo
663 3060 747 3106 anno
769 3042 893 3107 domini
913 3041 1086 3106 millesimo
1102 3041 1439 3126 quadringentesimo
1458 3044 1538 3110 rude

243 3156 327 3220 cimo
349 3160 384 3219 et
405 3152 558 3234 deinceps
581 3171 637 3217 sex
660 3172 762 3218 annos
785 3154 954 3219 continuos
977 3152 1155 3218 immediate
1177 3173 1214 3219 se
1235 3167 1538 3238 sequentesasun·

244 3269 306 3334 mis
328 3267 486 3349 regalium
507 3266 680 3331 bernerum
702 3265 796 3331 nobis
818 3285 876 3348 per
898 3267 987 3348 ipsos
1008 3284 1067 3347 per
1086 3265 1219 3333 eosdem
1236 3287 1297 3334 sex
1311 3289 1422 3339 unos
1435 3269 1535 3337 daulis

243 3388 275 3447 el
298 3380 523 3463 persoluendis
546 3358 756 3458 ubsoluimus,
786 3379 975 3459 exemimus,
1005 3379 1222 3459 quiuauimus
1252 3389 1288 3446 et
1310 3383 1533 3450 liberlauimus

243 3496 453 3572 absoluimus,
476 3494 647 3558 eximimus
669 3499 702 3557 et
725 3494 846 3556 virtute
867 3493 1073 3575 presencium
1090 3494 1184 3574 regia
1198 3497 1404 3563 auctoritate
1418 3495 1532 3562 Boeuic

244 3608 427 3692 pronubis
451 3607 623 3672 heredibus
647 3614 679 3671 et
702 3604 946 3671 successoribus
974 3605 1107 3685 nostris,
1131 3606 1268 3687 regibus
1292 3609 1440 3689 Boemie,
1461 3608 1530 3689 quil·

243 3731 349 3788 tamus
380 3728 414 3786 et
443 3721 623 3802 pruciosius
642 3719 841 3798 libertumus,
872 3719 1041 3784 uniuersas
1072 3719 1176 3784 eciam
1204 3726 1240 3784 et
1272 3722 1424 3804 singulas
1445 3719 1528 3787 muni·

243 3838 352 3902 cinnes
386 3840 418 3899 el
449 3834 561 3898 literas
596 3851 653 3914 per
685 3853 743 3898 nos
778 3852 836 3898 seu
869 3831 1025 3898 officiales
1054 3839 1184 3898 nostros
1217 3852 1322 3916 super
1349 3834 1527 3922 quibuslibe

244 3949 379 4014 summis
412 3947 454 4011 ad
488 3948 592 4012 dictas
627 3955 754 4011 nostras
787 3948 940 4012 ciuitates
973 3948 1006 4011 in
1041 3945 1263 4029 predictorum
1297 3968 1356 4016 sex
1390 3965 1528 4016 mnorun

244 4065 353 4143 spucic
388 4080 427 4126 ex
457 4061 631 4141 obliuione,
674 4061 919 4127 iusduertencie
948 4061 999 4126 rel
1028 4061 1095 4127 alis
1131 4061 1174 4127 de
1210 4081 1314 4129 censa
1346 4078 1528 4150 quacumque

242 4175 429 4257 dirigendus
460 4181 493 4239 et
521 4174 646 4240 fiendas
676 4193 852 4255 cassamus
885 4175 1090 4241 annullamus
1120 4182 1155 4241 et
1188 4176 1314 4244 virtute
1340 4178 1525 4261 presencium

242 4289 282 4353 de
305 4294 393 4353 certa
408 4294 519 4352 nostru
542 4289 684 4353 sciencia
706 4288 830 4353 viribus
852 4290 997 4355 totaliter
1012 4308 1199 4371 vacuamus,
1214 4292 1366 4357 volentes
1382 4304 1525 4375 expresse.

245 4420 284 4464 nc
306 4402 477 4483 quispiam,
508 4403 729 4484 cuiuscunque
757 4403 958 4470 condicionis
988 4404 1143 4484 extiterit,
1172 4404 1283 4470 dictas
1314 4412 1443 4472 nostras
1461 4400 1525 4468 ciui·

242 4520 326 4577 tales
357 4521 391 4579 et
411 4515 558 4579 homines
581 4533 693 4581 eorum
723 4518 758 4580 in
780 4517 978 4598 prefatorum
1008 4535 1066 4582 sex
1086 4536 1247 4584 annorum
1271 4522 1387 4603 spacio
1408 4538 1463 4603 pro
1480 4514 1524 4579 ali·

242 4625 359 4706 quibus
390 4629 525 4693 summis
554 4647 613 4694 seu
643 4630 941 4697 contribucionibus
969 4631 1220 4715 quibuscunque
1241 4640 1377 4702 moneat
1406 4652 1462 4700 seu
1489 4636 1526 4693 u·
