3098 5392
248 471 331 536 1152
862 460 938 512 ult.

245 677 311 730 nala
330 677 393 727 lictu
411 676 449 725 lcr.
467 671 582 722 Vdctaoa
600 670 617 720 1
621 669 642 721 V
658 671 683 721 d.
703 668 815 720 vPrazc
833 671 867 718 16
879 667 973 719 biezau
992 669 1067 717 1415
1088 666 1161 734 (bez
1183 668 1285 723 udam
1304 669 1438 737 mhjmr,
1453 670 1539 723 rm

246 772 370 840 naiiauje
392 786 442 836 ,an
461 767 506 821 die
524 764 694 821 ritterschelt
712 763 766 817 rud
787 761 897 818 etaedts
920 761 949 816 in
968 761 1090 816 Saatzer
1108 763 1261 832 Bezirke,
1289 766 1354 820 sich
1379 783 1413 819 zu
1434 763 1540 833 radiae

246 868 298 921 und
326 866 428 921 wieder
452 864 496 918 die
522 864 622 917 rauber
640 861 697 915 und
715 858 891 930 landplcker‚
909 858 1011 914 welche
1038 857 1184 917 daselbst
1203 861 1452 928 herumstreisten,
1465 857 1541 915 insi&

245 980 280 1016 zu
299 962 399 1016 eichen
418 959 473 1015 vad
496 960 536 1014 sie
555 976 588 1012 zu
608 957 785 1024 bekriegen“.

801 1290 817 1328 *
843 1272 898 1356 bs
921 1290 995 1355 sor.

646 1478 747 1558 1415,
770 1479 815 1547 26
838 1479 927 1547 caii.
961 1478 994 1548 V
1017 1478 1153 1547 Praze.

250 1693 336 1759 Krut
359 1692 472 1757 Vdclac
496 1691 548 1755 IV
566 1690 696 1755 obdrdec
719 1691 759 1754 od
783 1668 888 1754 &enta
908 1710 926 1753 a
950 1687 1177 1771 Varteaberku,
1205 1691 1403 1775 moyseto
1419 1688 1544 1776 petrei

252 1804 432 1871 Praestare
463 1827 484 1870 a
509 1805 601 1887 porea
624 1803 856 1888 Bydtovslrdbo,
890 1802 1020 1886 cprdca,
1053 1803 1088 1869 de
1118 1825 1138 1868 v
1170 1807 1236 1871 das
1270 1806 1461 1892 neddcay‘cb
1477 1800 1542 1870 colel

248 1919 396 2003 poddaac‘
421 1918 497 2002 jetro
526 1922 622 1984 cresto
649 1918 772 2000 dedov
806 1918 874 2000 byto
902 1917 1084 2000 pr'epadeao
1108 1938 1132 1982 a
1154 1937 1174 1982 o
1199 1921 1339 2004 cy'sady
1370 1922 1541 2004 μίμνω,

248 2034 395 2116 ‹rbaoouje
408 2037 509 2098 mesta
523 2038 608 2098 rouro
623 2032 756 2110 raadcim',
772 2034 806 2097 de
820 2031 891 2097 miti
904 2031 1002 2098 leolam
1016 2033 1120 2097 mesta
1142 2036 1281 2117 nenaujt
1301 2035 1406 2118 trpdta'
1426 2028 1537 2116 idday'ss

246 2145 347 2211 krc'cm
371 2147 428 2211 ani
447 2147 575 2212 c‘ernesel
596 2144 789 2230 Jatp'cttott
811 2143 918 2211 kromd
938 2144 1058 2209 boba
1079 2145 1290 2231 vesnicky'clr,
1320 2149 1465 2230 pacatae
1481 2141 1537 2228 jab

393 2257 541 2323 talrooc'bo
560 2258 667 2342 prdva
688 2256 839 2322 mttoocbo
861 2261 957 2322 mesto
980 2255 1123 2322 Krdlove‘
1137 2259 1281 2326 Hradec
1304 2261 1411 2326 adteri

349 2478 558 2544 Wenceslaus
595 2478 646 2542 dei
682 2477 793 2559 gracia
814 2478 1031 2543 Romanorum
1063 2495 1122 2541 rex
1161 2496 1303 2561 semper
1337 2482 1535 2563 augustusc

248 2591 383 2656 Boemie
406 2609 472 2655 rer.
512 2591 631 2657 Notum
656 2592 792 2657 lecimus
823 2597 935 2656 tonora
958 2591 1163 2671 presencium
1187 2593 1374 2674 vninersis,
1399 2591 1477 2676 quod
1496 2604 1535 2670 per

249 2706 388 2771 nobilem
405 2705 604 2771 Ozenconem
620 2705 660 2770 de
676 2704 909 2786 Wartemberg,
934 2702 1033 2769 castri
1048 2705 1153 2769 nostri
1170 2704 1360 2788 Pragensis
1376 2718 1534 2789 suprenuu

248 2819 468 2899 burgrauium
493 2818 714 2883 consiliarium
735 2823 880 2882 nostrum
896 2815 1022 2883 fidelem
1045 2814 1213 2897 dilectum,
1241 2838 1373 2886 necnon
1398 2837 1452 2902 per
1473 2816 1533 2879 alia<

247 2931 426 3012 fidedignas
461 2949 615 3012 personas
647 2931 756 2995 taliter
789 2930 886 2995 certis
921 2936 954 2996 et
987 2927 1228 2995 sufficientibus
1267 2928 1532 2998 informaciom'bus

247 3043 385 3127 [sumus]
404 3043 576 3124 informati,
593 3049 627 3108 vt
642 3043 768 3109 nullum
792 3044 866 3108 inde
883 3044 915 3108 in
932 3041 1028 3108 corde
1043 3046 1154 3107 nostro
1173 3046 1284 3124 possit
1303 3046 1438 3111 dubium
1459 3058 1531 3124 gene

247 3159 323 3237 rari,
340 3157 423 3239 quod
447 3163 591 3239 tempore
614 3176 816 3239 gwerrarum,
840 3175 902 3239 que
925 3157 1080 3222 hactenus
1105 3156 1138 3220 in
1162 3175 1268 3239 ragno
1295 3166 1409 3226 nostro
1426 3155 1531 3222 Boenir

251 3271 433 3351 riguerunt,
458 3271 584 3335 ciuibus
608 3277 641 3335 et
664 3271 778 3336 incolis
794 3271 826 3334 in
845 3269 940 3350 opido
964 3268 1094 3334 Bidzow
1117 3270 1348 3338 residentibus
1372 3269 1528 3353 priuilegia

248 3384 341 3448 lilere
365 3390 397 3448 et
418 3383 657 3457 munimenta¹l
689 3386 841 3466 ipsorum,
873 3403 936 3465 que
960 3402 1057 3465 super
1087 3384 1234 3464 ipsorum
1261 3385 1401 3465 iuribus,
1424 3383 1528 3449 liberta·

250 3496 348 3577 tillus,
372 3499 501 3578 graciis,
535 3499 669 3562 indultis
694 3505 725 3561 et
757 3497 1013 3561 immunitatibus
1047 3495 1242 3577 babuerunt,
1280 3517 1341 3580 per
1376 3501 1526 3563 inuasores.

250 3612 358 3675 lrostes
382 3617 415 3675 et
437 3612 584 3677 inimicos
609 3612 719 3693 oppidi
744 3610 933 3691 supradicti,
968 3609 1043 3673 dum
1067 3610 1174 3690 ipsum
1199 3611 1358 3691 oppidum
1381 3629 1435 3692 per
1455 3620 1525 3670 suan

247 3724 440 3788 temeritatis
463 3724 631 3789 andaciam
654 3724 917 3804 acquisiuissent,
941 3728 1081 3804 recepta,
1104 3723 1247 3787 alienata
1275 3725 1343 3789 siut
1367 3722 1523 3805 penitusel

247 3837 363 3916 ablata,
387 3838 434 3901 ita
453 3839 538 3918 quod
553 3838 594 3902 de
611 3840 677 3903 suis
698 3838 825 3920 juribus
849 3841 882 3902 et
896 3835 1101 3901 libertatibus
1124 3841 1278 3916 pretextu
1303 3835 1522 3919 priuilegioruur

247 3957 277 4013 et
294 3950 459 4016 literarum
477 3952 660 4016 huiusmodi
677 3951 815 4032 amplius
838 3954 1002 4031 nequeant
1029 3948 1167 4013 edoceri.
1191 3948 1262 4015 Nos
1286 3951 1389 4032 igitur
1409 3947 1445 4012 ad
1466 3960 1522 4019 sup

252 4064 367 4143 plicem
383 4065 555 4145 peticionis
572 4065 765 4129 instanciam
782 4061 898 4143 prelati
923 4060 1111 4140 Ozenconis,
1136 4061 1192 4140 qui
1209 4063 1373 4143 prelatum
1396 4057 1521 4143 oppidum

248 4177 378 4241 ltidzow
401 4177 441 4242 ad
465 4175 627 4258 ternpus²t
658 4178 813 4258 possidet,
844 4194 967 4242 necnon
992 4180 1122 4258 propter
1143 4175 1252 4256 ipsius
1276 4183 1381 4259 grata,
1403 4170 1519 4237 rtiliaet

248 4296 380 4371 accepta
404 4292 544 4356 seruicia
567 4292 730 4356 maiestati
755 4296 864 4356 nostre
883 4291 1030 4371 impensa
1053 4290 1209 4354 hactenus
1236 4297 1270 4355 et
1293 4307 1441 4357 successu
1460 4289 1520 4346 teu·

251 4405 338 4483 poris
362 4405 586 4486 impendenda,
612 4408 758 4472 volentes
782 4403 1009 4485 indempnitati
1028 4402 1108 4467 dicti
1131 4403 1245 4484 oppidi
1270 4404 1400 4471 Bidzou
1421 4410 1449 4466 et
1466 4397 1518 4461 eius

250 4516 364 4579 incolis
400 4521 580 4598 preciosius
612 4520 854 4601 prouidere,-
877 4518 960 4582 hanc
991 4515 1141 4598 graciam,
1178 4535 1279 4597 quam
1311 4529 1346 4584 et
1375 4524 1469 4591 autea
1495 4512 1517 4564 rr

250 4630 474 4711 prescribitur,
498 4632 651 4698 habuisse
666 4637 852 4712 noscuntur,
869 4665 907 4678 -
923 4630 965 4695 da
987 4647 1071 4695 nouo
1086 4629 1226 4695 facimus
1253 4632 1437 4714 specialem,
1456 4616 1517 4705 quod
