3098 5392
677 113 752 164 ¹⁸4&
1311 110 1375 179 387

99 311 250 381 mace»
271 315 401 383 roano
430 316 576 384 ddcbcdc
597 338 638 384 ac
659 321 735 384 odoro
760 339 805 384 cc
833 315 935 384 nobo
956 339 978 384 c
999 318 1062 394 ao,
1082 318 1137 402 jod
1157 339 1191 384 se
1210 334 1229 383 c
1250 316 1373 384 brdloc·

97 422 173 494 olco
190 432 291 496 mesto
321 427 476 514 Vosokcco
498 432 592 518 Myro
613 431 654 497 do
674 429 756 498 croc
779 429 909 515 komory
929 431 1084 516 advocet.
1129 433 1249 500 Datum
1271 432 1375 517 Prage

98 541 210 610 sabbato
231 544 380 627 proxima
400 550 476 611 ante
498 545 692 614 dominicam
713 546 861 629 Exsurge
876 565 959 614 anno
975 546 1098 613 domini
1120 546 1291 614 millesimo
1311 552 1375 614 tre-

438 660 613 726 centesimo
634 659 882 743 quadragesimo
905 665 1005 727 sexto.

181 812 304 868 Vidimus
322 831 338 866 z
356 829 377 866 r.
399 817 466 867 1454
483 829 500 867 v
519 813 631 869 arcbirn
654 813 974 870 klditerasr.Tomiis
997 813 1163 870 nestorem
1187 814 1268 870 Brnb.
1304 813 1372 885 Opis

96 906 153 972 prol
168 891 292 980 bamberg
310 925 327 963 v
346 908 457 964 archiru
475 925 509 962 m.
528 909 678 980 Vysolrcho
697 910 775 981 Myts
793 909 856 964 odd
874 910 908 965 R.
926 909 949 966 d.
967 916 1010 967 20.
1027 941 1061 953 —
1081 910 1180 981 chytll,
1201 910 1296 968 chex
1313 911 1372 968 Mc·

99 1003 173 1060 uriae
189 1004 248 1061 vm
266 1010 316 1062 str.
334 1009 393 1060 472.
412 1035 446 1045 -
463 1004 567 1075 Emler,
582 1004 704 1074 Regesta
720 1006 767 1061 lv.
786 1004 809 1061 i.
829 1010 904 1061 1664κ

619 1269 726 1352 *Cis
754 1286 827 1352 253.

459 1458 556 1540 1346,
578 1459 622 1528 bd
645 1460 779 1528 unora.
801 1460 834 1529 V
856 1458 988 1528 Praze.

105 1626 164 1699 bol
181 1633 247 1701 Jon
268 1636 336 1701 ant
361 1635 467 1701 malost
496 1635 673 1699 medianam
704 1656 727 1699 c
747 1633 941 1716 cbycoteidm
966 1636 1069 1699 mesto
1090 1632 1228 1699 Krdlocd
1248 1635 1369 1710 Dcorc,

10 1806 24 1847 ἰ
104 1736 162 1811 bec
180 1747 363 1831 pluente
392 1745 472 1814 reka
499 1746 620 1829 cdrpilc'
648 1744 773 1832 oellcpicb
799 1744 877 1812 stoa
899 1745 1018 1823 choen,
1049 1748 1083 1811 ie
1103 1748 1212 1830 κήπου
1237 1747 1372 1829 proviani

10 1948 28 1960 .,
104 1853 262 1944 dokocrory
283 1859 365 1928 croc
387 1858 535 1928 οάυάᾶὲίὸ
554 1859 638 1925 vetii
655 1860 747 1925 rodni
768 1858 857 1936 drok,
877 1859 959 1926 nelli
979 1857 1073 1925 tolc'ko
1095 1861 1139 1924 24
1164 1858 1246 1943 lcopy
1272 1862 1370 1945 prodit

620 1971 811 2059 proicky'cb.

176 2134 241 2201 Nos
265 2132 430 2200 Jobannes
453 2131 506 2199 dei
529 2132 640 2215 gracia
653 2150 710 2198 rex
732 2131 865 2199 Boemie
884 2151 921 2200 ac
938 2151 1043 2199 comes
1067 2131 1369 2215 Lucemburgensis,

10 2253 18 2292 ³·
99 2251 184 2314 notun
210 2247 349 2315 facimus
381 2246 553 2329 rniuersis,
587 2246 672 2331 quod
706 2245 873 2329 cupientes
906 2243 1056 2313 fidelibus
1089 2245 1211 2313 nostris
1241 2245 1369 2314 dilectis

10 2394 14 2401 ·
38 2394 41 2399 -
98 2359 198 2427 ciuibus
220 2367 254 2427 et
275 2360 392 2428 incolis
415 2359 560 2427 ciuitatis
581 2365 692 2426 nostre
715 2357 814 2425 curie
836 2359 876 2426 ob
899 2359 1062 2442 expositas
1084 2358 1177 2426 nobis
1208 2360 1369 2428 condicio

34 2508 39 2515 -
95 2486 136 2539 ner
153 2475 362 2559 gamssimas
385 2478 612 2557 paupertatum
635 2491 768 2540 suarum
789 2478 823 2539 et
844 2472 1016 2555 dispendia
1038 2473 1188 2556 plurima,
1212 2491 1276 2556 que
1290 2474 1331 2540 de
1342 2471 1367 2558 1)

94 2600 157 2655 anno
183 2588 340 2672 preterito
368 2587 403 2654 in
433 2586 653 2654 combustione
682 2587 827 2653 ciuitatis
856 2586 961 2669 ipsius
984 2605 1041 2670 per
1071 2586 1158 2670 ignis
1181 2588 1369 2670 voraginem

93 2702 281 2784 moberunt,
312 2701 353 2767 de
372 2700 574 2783 benignitate
595 2700 686 2783 regia
707 2700 850 2783 graciam
878 2700 986 2766 iacere
1015 2699 1198 2782 specialem,
1228 2700 1310 2782 ipsis
1332 2700 1368 2766 in

10 2886 13 2897 ,
92 2816 231 2882 conmuni
254 2819 287 2882 et
309 2813 454 2898 speciali,
477 2819 544 2880 tam
558 2812 762 2896 presentibus
779 2831 875 2895 quam
889 2811 1008 2881 futuris
1024 2814 1105 2881 inibi
1121 2811 1367 2896 habitatoribus,

10 2934 14 2943 '
92 2944 121 2992 na
137 2930 175 2994 ad
204 2929 332 3012 aliquas
363 2928 484 3009 ducias,
518 2926 678 3009 collectas,
713 2927 950 3009 imposicionos,
984 2929 1145 3011 angarias,
1178 2926 1367 2994 exacciones

10 3032 20 3101 l
90 3046 132 3105 cut
150 3041 296 3108 subsidia
324 3036 543 3123 pecunialicb
575 3045 632 3105 aut
657 3039 746 3105 aliud
775 3057 877 3121 genus
907 3040 1099 3121 mancionis,
1131 3040 1196 3107 nisi
1217 3045 1253 3106 vt
1281 3040 1367 3107 infra

91 3150 201 3236 dicitur,
224 3155 307 3238 cogi,
334 3152 481 3235 compelli
497 3158 554 3217 aut
569 3153 672 3218 arceri
694 3152 929 3235 quoquomodo
952 3170 1009 3234 per
1032 3153 1172 3236 aliquem
1194 3152 1365 3234 bominem,

10 3306 13 3349 :
91 3268 291 3352 micsounque
324 3266 503 3349 dignitatis,
539 3270 643 3332 status
678 3270 735 3331 aut
769 3265 967 3332 condicionis
1003 3266 1130 3348 existat,
1164 3266 1365 3333 successuris

10 3354 16 3405 ’ἲ
90 3381 268 3464 tenporibus
286 3381 414 3463 possint
435 3385 492 3446 aut
513 3380 660 3461 debeant,
683 3380 862 3463 graciosius
876 3377 1119 3464 indulgemus,⁸)
1144 3380 1365 3462 decernentes,

10 3478 12 3485 ’
91 3495 158 3573 quod
178 3496 219 3561 ad
242 3494 388 3577 predicta
417 3500 476 3562 aut
504 3513 616 3562 eorum
645 3493 785 3578 aliquod,
817 3510 1008 3576 quocunque
1030 3499 1161 3560 vocetur
1170 3492 1195 3578 ⁴)
1226 3495 1365 3577 nomine,

10 3616 14 3687 ζ
90 3605 156 3674 utru
175 3627 332 3675 summam
354 3608 471 3693 viginti
498 3609 640 3691 quinquo
671 3626 904 3692 sexagenorum
933 3626 1117 3691 grossorum
1146 3609 1364 3691 pragensium,

10 3710 13 3721 ¹
88 3721 297 3789 soluendamm
330 3723 424 3790 nobis
458 3729 491 3790 et
524 3722 764 3789 successoribus
802 3724 922 3789 nostris
956 3722 1108 3805 deinceps
1141 3722 1275 3788 collecte
1307 3727 1364 3788 aut

85 3837 251 3905 ncccionis
271 3836 413 3918 nomine,
442 3853 501 3918 pro
527 3835 700 3901 medietate
723 3836 775 3901 sui
796 3836 830 3901 in
852 3835 935 3901 festo
958 3835 1061 3901 sancti
1092 3834 1225 3917 Georgii
1251 3839 1284 3900 et
1304 3852 1363 3919 pro

80 3949 134 4018 clia
154 3952 207 4018 sui
229 3950 404 4017 medietate
426 3950 460 4015 in
482 3949 565 4016 festo
589 3949 691 4017 sancti
704 3950 791 4016 Galli
813 3949 930 4016 deinde
952 3947 1111 4032 sequenti,
1133 3948 1228 4014 annis
1252 3949 1362 4032 singu-

76 4064 110 4133 lis
130 4067 265 4133 minime
286 4061 519 4148 tenebuntur,⁶)
543 4081 581 4131 eo
604 4063 707 4131 solum
730 4067 872 4146 excepto,
900 4064 929 4130 si
951 4062 1082 4129 bernam
1104 4079 1163 4128 seu
1196 4062 1362 4129 collectam

69 4181 250 4265 generalem
272 4197 331 4263 per
352 4196 487 4263 rognum
509 4182 656 4244 nostrum
677 4176 769 4244 nobis
799 4177 944 4260 recipere
965 4180 1023 4241 aut
1044 4174 1209 4256 imponere
1239 4175 1362 4242 contin·
1479 4175 1480 4179 ’

68 4301 166 4380 geret,
190 4293 257 4362 etei
278 4293 345 4359 alia
367 4292 505 4376 quadam
527 4291 661 4358 anobis
684 4290 833 4357 libertate
855 4309 914 4375 per
932 4309 1030 4356 vnum
1051 4294 1108 4355 aut
1129 4287 1238 4370 plures
1260 4307 1361 4356 annos

1155 4419 1205 4471 no*
