3098 5392
852 445 928 494 1406.

799 739 864 818 (ils.
890 754 962 819 792.

622 940 942 1026 lietwinum.
980 943 1014 1012 V
1039 946 1172 1017 Plani.

232 1133 320 1203 Krdl
349 1133 463 1200 Vdclao
484 1135 505 1199 1
510 1132 538 1196 V
552 1130 707 1217 umdoojc
736 1133 852 1200 oddc'ad
879 1136 1008 1200 occaect
1036 1133 1282 1225 emmetra,
1317 1138 1459 1208 koadcldc
1474 1139 1486 1203 a·
1498 1136 1528 1201 cil

233 1250 302 1316 obcc
322 1250 423 1314 metu
445 1248 553 1332 Pleni,
583 1246 692 1314 ttcrou
725 1270 780 1314 mu
801 1270 821 1314 o
842 1247 1005 1333 minaly‘ch
1028 1248 1135 1317 letech
1159 1252 1355 1338 rachooala',
1378 1251 1526 1337 slewy‘cjb

232 1363 450 1430 adoscoodm'
480 1364 570 1428 rodat
597 1361 691 1428 berne
717 1362 783 1426 260
804 1360 916 1427 hr'a'ocn
945 1363 990 1428 60
1012 1361 1145 1442 hr'a'ocn,
1184 1366 1250 1433 talc
1287 1369 1356 1452 uby
1382 1368 1421 1434 do
1440 1365 1526 1443 hm

330 1475 495 1544 ltrdloosltc
516 1473 610 1542 colito
632 1475 698 1540 200
719 1474 828 1540 hatten
850 1477 941 1540 rodni
961 1476 1060 1542 berne!
1080 1476 1154 1560 tylo·
1172 1483 1328 1561 paciani
1343 1482 1462 1567 placiti.

337 1673 547 1740 Wenceslaus
581 1670 634 1736 dei
669 1669 778 1751 gracia
812 1668 1033 1736 Romanorum
1068 1689 1130 1738 rex
1163 1691 1310 1759 semper
1345 1677 1528 1760 augustusc

235 1790 368 1857 Boemie
399 1807 464 1853 rer.
521 1785 641 1850 Notum
673 1782 810 1848 iacimus
844 1786 957 1848 tenore
997 1787 1221 1865 presencium
1269 1791 1448 1857 vniuersis.
1484 1784 1528 1853 lu

236 1901 452 1988 quorumlibet
484 1899 684 1966 subditorum
725 1902 920 1976 nostrorum,
955 1914 1037 1977 quos
1073 1898 1379 1971 hereditariarum
1409 1911 1528 1971 term

235 2023 417 2086 nostrarum
437 2013 576 2083 latitudo
605 2011 838 2094 complectitur,
870 2009 1163 2080 commoditatibus
1189 2021 1229 2081 et
1263 2018 1409 2085 utilitati
1435 2028 1529 2100 gne*

234 2134 327 2201 litate
349 2131 488 2213 quadam
509 2133 676 2194 teneamur
706 2123 878 2190 intendere
908 2123 1123 2207 ipsorumque
1156 2128 1361 2209 profectum
1393 2129 1530 2200 stada

236 2264 419 2330 procurare,
454 2242 495 2308 ad
520 2242 594 2307 illos
624 2245 731 2305 tamen
755 2247 812 2319 per
835 2237 987 2319 speciem,
1018 2255 1084 2318 que
1114 2243 1243 2321 generi
1269 2245 1424 2331 derogat,
1454 2244 1531 2313 oculo

237 2365 348 2426 nostre
370 2353 643 2425 considerationis
677 2350 907 2432 conuertimus,
943 2367 1083 2431 quorum
1110 2349 1204 2421 fides
1239 2358 1345 2428 nobis
1377 2380 1440 2429 non
1460 2359 1532 2426 solur

237 2473 358 2539 dudum
389 2470 513 2554 placuit
544 2467 708 2550 obsequiis
743 2463 901 2547 prestitis,
936 2463 994 2529 sed
1025 2470 1186 2546 speratur
1228 2471 1377 2541 inantea
1408 2474 1532 2558 placitur

239 2585 433 2671 prestandis,
463 2601 599 2664 quorum
628 2599 686 2663 pro
719 2576 909 2644 redimenda
938 2577 1110 2643 rebellium
1151 2589 1357 2653 nostrorum
1392 2582 1533 2670 proterit

238 2719 394 2785 personas
417 2698 511 2765 simul
536 2700 568 2761 et
589 2713 642 2760 res
666 2693 813 2776 proprias
838 2689 990 2757 volubilis
1012 2689 1148 2759 fortune
1173 2695 1279 2764 duris
1296 2700 1470 2768 euentibos
1483 2696 1534 2763 sul

239 2817 405 2882 miserunt
432 2813 517 2880 Sane
540 2809 748 2875 aduertentes
764 2810 797 2870 ct
818 2803 929 2870 debita
952 2803 1231 2876 consideracione
1255 2818 1441 2896 pensantes
1461 2816 1534 2896 gn&

240 2930 335 2994 utilia
358 2934 391 2994 et
413 2930 545 3007 accepta
576 2921 716 2990 seruicia
750 2918 938 2985 celsitudini
960 2922 1072 2985 nostre
1105 2939 1169 3002 per
1192 2927 1404 3008 magistrum
1435 2927 1534 2994 ciuium

241 3043 388 3109 consules
409 3041 537 3123 juratos
554 3043 586 3102 et
602 3038 690 3102 ciues
706 3039 872 3115 totamque
896 3032 1162 3100 communitatem
1187 3036 1350 3108 ciuitatis
1374 3039 1535 3108 Pilznersie

239 3157 350 3223 fideles
370 3159 497 3221 nostros
514 3151 659 3230 dilectos,
676 3150 833 3230 impensa,
856 3145 1062 3212 reuoluentes
1080 3146 1188 3214 eciam
1206 3150 1370 3234 ipsorum
1388 3152 1534 3222 constantis

239 3270 315 3336 fidei
337 3269 524 3352 puritatem,
556 3283 619 3347 qua
650 3262 742 3328 nobis
773 3262 807 3326 in
841 3260 1038 3327 necessitate
1060 3265 1177 3327 nostra
1201 3269 1414 3336 unanimiter
1434 3274 1465 3335 et
1481 3283 1533 3332 cor

239 3385 378 3451 corditer
403 3382 587 3459 astiterunt,
618 3378 725 3443 animo
756 3374 944 3455 deliberato,
968 3392 1048 3441 sano
1077 3373 1231 3444 fidelium
1257 3389 1449 3450 nostrorum
1467 3396 1531 3446 amc

241 3500 336 3565 dente
359 3496 494 3564 consilio
527 3501 557 3559 et
590 3494 630 3558 de
655 3496 743 3558 certa
766 3495 878 3556 nostra
902 3489 1044 3554 sciencia
1074 3488 1168 3572 ipsos
1190 3497 1227 3559 et
1252 3513 1373 3563 eorum
1397 3499 1531 3566 ciuitates

242 3630 261 3676 a
284 3611 451 3693 sexaginte
474 3608 591 3672 marcis
615 3604 768 3687 grauibus
800 3620 985 3685 grossorum
1007 3604 1232 3688 pragensium,
1259 3610 1305 3677 de
1321 3630 1446 3678 summa
1465 3606 1529 3672 ride

242 3726 319 3790 licet
351 3724 562 3789 ducentarum
593 3725 626 3786 et
655 3718 823 3800 sexaginta
855 3734 1038 3782 marcarum
1060 3735 1256 3799 grossorum
1292 3724 1396 3791 berne
1426 3721 1528 3805 regalis.

243 3838 335 3903 nobis
359 3841 392 3902 et
413 3834 503 3915 regie
527 3851 651 3899 camere
682 3836 790 3896 nostre
822 3848 880 3912 per
902 3829 991 3912 ipsos
1021 3828 1116 3895 aunis
1146 3831 1298 3915 singulis
1333 3839 1417 3905 solui
1438 3833 1527 3903 datia

244 3957 353 4018 nostro
369 3949 524 4016 heredum
541 3953 572 4013 et
588 3964 810 4012 successorum
833 3950 1026 4026 nostrorum,
1042 3962 1156 4028 regum
1172 3946 1329 4034 Boemis,
1353 3951 1474 4021 nomino
1491 3963 1526 4011 er·

243 4085 328 4132 nunc
350 4066 587 4146 imperpetuum
606 4061 792 4140 exemimus,
815 4059 1012 4127 absoluimus
1040 4062 1073 4124 et
1101 4057 1352 4149 libertauimus,
1377 4063 1525 4133 eximium

244 4179 442 4247 absoluimus
475 4181 508 4240 ct
531 4176 650 4241 virtute
681 4174 884 4257 presencium
917 4171 1112 4240 auctoritate
1134 4175 1294 4256 predicta
1317 4178 1485 4264 graciosius
1500 4172 1524 4236 li·

243 4296 418 4373 bertamus,
461 4292 570 4356 taliter
610 4290 772 4369 videlicet,
806 4294 840 4354 vt
870 4288 1009 4372 predicti
1039 4288 1200 4372 magister
1234 4293 1375 4378 ciuium,
1409 4288 1524 4362 muns

241 4408 342 4493 jurati
366 4412 399 4472 et
423 4406 513 4473 ciues
544 4410 677 4486 totaque
700 4401 880 4469 comunitas
915 4401 1060 4468 ciuitatis
1094 4402 1287 4474 Pilznensis
1314 4409 1524 4492 predictae·

246 4541 331 4587 nunc
364 4522 600 4602 imperpetuum
631 4521 756 4580 tantum
787 4514 943 4581 ducentas
975 4532 1101 4582 marcas
1130 4534 1329 4599 grossorum
1352 4521 1524 4591 denariorun

249 4635 455 4718 pragensium
479 4650 601 4698 summe
622 4631 730 4710 berne,
763 4635 798 4695 vt
819 4628 1026 4711 premittitur,
1059 4628 1183 4712 regalis
1217 4637 1319 4704 annis
1350 4618 1525 4720 singulis&
