3098 5392
132 435 152 498 6
740 435 831 487 ,resa

132 636 257 704 Keilice
277 635 299 703 b
319 639 394 704 ioca
414 640 517 704 misto
539 637 708 703 Litomdr's'c
740 660 763 704 a
783 639 979 722 ustonooceje
1005 641 1039 704 Bc
1059 638 1200 705 mettani
1222 637 1437 716 emmeant,

132 749 215 817 incid
234 771 268 817 se
287 772 325 816 oe
344 750 462 817 comici
482 753 513 816 te'
534 749 680 832 campo,
702 754 785 837 maji
804 772 822 818 e
842 751 980 818 tobdibo
995 751 1076 820 idne
1107 753 1202 818 rotati
1225 752 1290 834 pot
1316 749 1434 834 Μέση

133 863 255 930 str'tbro
273 863 313 930 do
329 861 463 948 'komory
485 863 650 930 brdlouski
670 865 827 942 odetuna,
848 863 905 931 talc
926 867 960 932 de
980 862 1095 932 ccliccm
1114 864 1206 931 rodni
1223 861 1307 930 orob
1326 883 1346 929 1
1366 884 1431 930 oes-

472 977 541 1044 nice
565 979 596 1043 te'
616 979 705 1046 mot
724 979 809 1046 dccet
829 976 939 1044 br'ioen
960 976 1091 1044 11111111.

235 1175 446 1242 wenceslaus
468 1175 522 1242 dei
544 1177 654 1259 gracia
683 1184 817 1262 quartus
839 1178 974 1244 Boemie
1003 1197 1069 1244 ren
1115 1175 1276 1244 Omnibus
1302 1177 1340 1243 in
1360 1194 1425 1260 per·

131 1293 273 1369 petuum.
318 1288 440 1353 Rerum
469 1295 605 1354 euentus
635 1291 769 1372 exigrmt
798 1291 861 1356 sibi
891 1289 1109 1356 diuersimode
1139 1288 1363 1371 succedentes,
1394 1294 1427 1354 ut

131 1400 219 1465 iuste
239 1419 373 1482 agamus
395 1401 573 1483 presencia,
596 1402 660 1467 rite
680 1403 860 1468 recolamus
879 1403 1036 1484 preterita
1049 1406 1083 1467 et
1104 1405 1141 1466 ut
1162 1401 1305 1468 accionis
1321 1404 1428 1467 nostre

133 1492 303 1577 sinceritas
333 1513 420 1577 clare
448 1530 487 1577 ac
516 1513 623 1578 lucide
654 1513 725 1578 sine
754 1513 845 1579 dubii
878 1516 1058 1579 velamento
1080 1519 1226 1580 nauseat
1246 1513 1289 1579 ad
1310 1513 1428 1579 futtna

132 1624 217 1691 Hinc
247 1631 306 1706 est,
336 1626 422 1707 quod
452 1630 563 1691 notum
592 1645 664 1691 esse
697 1628 845 1692 volumus
867 1633 934 1692 tam
956 1626 1161 1710 presentibus
1182 1645 1279 1710 quam
1299 1625 1429 1706 futuris,

131 1739 216 1820 qnod
238 1758 297 1803 nos
319 1737 461 1803 iohanni
483 1737 550 1803 filio
573 1736 733 1819 Herberti,
764 1740 830 1804 ciui
852 1739 1140 1820 Luthomericensi,
1164 1738 1276 1803 villam
1298 1736 1430 1804 Geblicz

131 1871 204 1917 cum
227 1850 374 1915 omnibus
394 1850 462 1915 suis
484 1851 672 1916 attinenciis
694 1870 752 1933 pro
775 1857 905 1918 centum
926 1853 1043 1918 marcis
1059 1851 1265 1917 vendidimus
1287 1849 1430 1917 subhac

130 1962 250 2027 forma:
273 1962 362 2026 Idem
384 1961 549 2028 iohannes
573 1968 606 2028 et
627 1964 761 2029 heredes
788 1965 840 2029 sui
862 1965 895 2029 in
919 1964 1031 2029 eadem
1054 1965 1132 2029 11111
1153 1981 1253 2028 vnum
1273 1962 1431 2028 allodium

132 2079 165 2138 et
188 2074 316 2138 vineam
337 2074 415 2159 ville
436 2074 638 2140 adiacentem
660 2075 872 2158 possidebunt
894 2074 995 2140 libere
1025 2080 1059 2140 et
1080 2075 1193 2140 solute.
1238 2075 1433 2157 Quicunque

132 2194 207 2251 'vero
242 2187 331 2251 ciues
362 2187 664 2253 Luthomericenses
694 2189 775 2254 alios
804 2207 934 2254 mansos
966 2189 1000 2252 in
1031 2187 1143 2253 eadem
1171 2187 1250 2253 silla
1279 2187 1362 2254 sitos
1391 2186 1431 2251 ab

131 2290 243 2363 eodem
265 2298 414 2365 iohanne
436 2318 542 2364 emere
564 2299 777 2380 decreuerint,
800 2301 1020 2384 unusquisque
1039 2318 1149 2366 eorum
1172 2299 1213 2364 de
1234 2317 1294 2364 suo
1317 2314 1430 2365 manso

131 2410 299 2476 dimidiam
321 2429 462 2476 marcam
484 2412 610 2492 argenti
640 2412 732 2477 nobis
755 2412 850 2478 debet
871 2413 1056 2494 persoluere
1079 2412 1255 2491 annuatim,
1279 2415 1315 2477 et
1335 2410 1432 2477 debet

131 2542 255 2588 summa
286 2524 383 2587 huius
413 2524 539 2604 argenti
570 2523 680 2588 decem
708 2542 834 2588 marcas
857 2525 928 2589 sine
950 2524 1168 2590 diminucione
1189 2522 1336 2605 qualibet
1356 2542 1432 2590 oon·

130 2636 244 2700 tinere.
284 2635 327 2699 Vt
356 2639 463 2700 autem
493 2637 552 2700 hec
581 2637 704 2718 empcio
734 2642 768 2701 et
788 2637 937 2702 vendicio
960 2642 1146 2719 prenarrata
1169 2636 1313 2701 Johanni
1334 2640 1435 2720 atque

131 2746 235 2829 ipsius
265 2747 438 2814 heredibus
467 2750 665 2831 temporibus
696 2751 862 2832 perpetuis
892 2752 926 2815 in
956 2751 1028 2833 ipse
1057 2751 1137 2816 villa
1164 2749 1230 2815 iam
1259 2754 1436 2831 prenotata

129 2864 202 2924 rata
224 2866 412 2941 permaneat
432 2865 466 2925 et
487 2861 688 2943 inconuulsa,
712 2879 810 2944 super
832 2881 871 2928 ea
893 2867 1076 2943 presentem
1097 2861 1250 2943 paginam
1269 2862 1433 2929 conscribi

130 2977 164 3037 et
185 2972 366 3055 sigillorum
387 2977 573 3040 nostrorum
593 2973 772 3039 munimine
796 2973 952 3039 iussimus
970 2973 1125 3041 roborari.
1140 2971 1248 3039 Huius
1262 2974 1314 3038 rei
1328 2978 1430 3041 testes

129 3092 206 3151 sunt
226 3087 382 3168 magister
403 3087 592 3169 Dyonisius,
614 3086 901 3169 Wyssegradensis
933 3078 1128 3170 prepositus,
1157 3086 1316 3170 magister
1339 3086 1426 3154 Ouno

128 3199 383 3264 Boleslauiensis
417 3199 612 3279 prepositus,
650 3198 855 3265 Hermannus
896 3199 1191 3266 LuthomericensIs
1231 3200 1425 3283 prepositus,

129 3311 242 3390 Borso,
274 3312 387 3377 Gallus
418 3310 459 3374 de
481 3311 684 3393 Lewenberg,
715 3313 903 3379 Tsastolaus
933 3314 974 3378 de
1003 3313 1144 3379 Sittania
1173 3318 1207 3378 et
1233 3311 1324 3378 filius
1359 3314 1424 3381 elus

129 3420 299 3502 Homines,
316 3420 483 3487 Kadoldus
499 3427 532 3487 et
547 3422 603 3487 alii
619 3425 834 3505 quamplures.
850 3425 971 3489 Datum
986 3424 1089 3506 Prage
1110 3422 1175 3491 111⁰
1195 3423 1270 3489 idus
1286 3424 1425 3507 Augusti

128 3525 187 3616 per
215 3555 346 3601 manum
375 3533 535 3600 Herbordi
565 3537 739 3617 Pragensis
767 3537 922 3617 canonici,
947 3537 1035 3602 curie
1058 3542 1168 3603 nostre
1190 3534 1320 3620 11111111,
1344 3555 1424 3604 anno

130 3649 252 3712 domini
275 3643 522 3726 M⁰CC⁰XLIX⁰,
546 3647 729 3713 indiccione
750 3648 896 3730 septima.

232 3832 306 3902 ch.
332 3852 346 3886 z
374 3835 433 3889 XV.
462 3835 556 3889 stoletl
582 3852 598 3888 1
621 3835 721 3904 rukop.
740 3835 861 3891 beskeho
889 3851 987 3891 musea
1006 3837 1076 3905 sign.
1094 3842 1129 3890 14
1149 3835 1183 3891 G.
1203 3841 1234 3891 12
1252 3837 1326 3895 nal.
1347 3838 1427 3894 ltbt

131 3933 181 3980 ola
193 3943 227 3981 za
239 3928 378 3996 nipisem:
395 3927 505 3994 ,Litora
523 3929 677 3984 maiestatis
696 3946 781 4001 super
799 3931 863 3984 villa
881 3930 1018 3985 Geblicz“.
1036 3961 1070 3971 —
1082 3930 1428 4002 monumentorum

128 4022 179 4077 der
196 4023 230 4080 D.
250 4024 278 4077 in
296 4024 393 4078 Bohm.
412 4025 529 4079 XXVIII
548 4031 596 4079 str.
615 4031 674 4081 360.
702 4056 735 4066 -
770 4025 797 4081 V
814 4029 904 4080 tomie
917 4024 1051 4097 rukopise
1069 4027 1217 4094 musejnlm
1234 4042 1272 4082 na
1288 4028 1307 4083 1.
1327 4029 1426 4083 14111

127 4121 146 4173 1.
179 4122 228 4174 tob
254 4124 378 4190 napsdno
394 4119 425 4187 je
443 4121 557 4174 nbkolik
574 4121 659 4188 listin,
683 4121 730 4189 jei
749 4137 781 4176 se
798 4122 891 4192 tykajl
908 4139 1002 4192 sporn,
1020 4123 1102 4192 ktery
1119 4123 1190 4176 vedli
1209 4123 1335 4178 mbitane
1353 4123 1430 4178 Lito·

128 4215 234 4270 mel-icti
251 4216 380 4270 11111111
399 4215 473 4270 Jana
485 4231 498 4270 s
511 4216 662 4271 kladterem
680 4217 817 4290 Oseckpm
831 4234 932 4286 ,super
950 4218 1114 4287 quibusdam
1132 4219 1212 4273 bonIs
1232 4222 1260 4272 et
1274 4217 1382 4286 judicio
1399 4220 1429 4277 in

128 4311 194 4364 villa
213 4309 349 4365 Geblioz“.
375 4311 409 4364 R.
428 4313 542 4363 131111
560 4314 672 4365 mantino
690 4314 733 4366 die
751 4314 820 4367 beati
837 4315 936 4367 Matbes'
953 4316 1067 4382 apostoli
1083 4318 1136 4379 (25.
1155 4316 1249 4378 dms)
1268 4313 1431 4385 vysvbdbuji

128 4405 288 4472 ,iohannes
313 4405 409 4463 diuina
429 4406 608 4477 prouidencia
626 4408 711 4462 abbas
729 4409 890 4463 monasterii
907 4409 1097 4476 Puzaniensis,
1115 4409 1219 4464 ordinis
1237 4410 1313 4464 beati
1340 4409 1431 4466 Bene·

127 4500 201 4566 dieti,
218 4499 444 4570 Nuenbergensis
461 4501 597 4571 dyocesis,
612 4502 700 4570 judex
723 4520 755 4558 ac
773 4510 954 4559 conseruntur
971 4504 1176 4574 priuilegiornm
1193 4505 1298 4560 ordinis
1318 4505 1431 4575 Cyster·

126 4593 228 4652 diensis
247 4613 265 4652 a
283 4596 350 4651 sede
368 4597 522 4667 apostolica
538 4596 692 4666 delegatus,
711 4597 857 4664 Esuriens,
881 4598 927 4652 dei
944 4599 1036 4668 grecia
1053 4601 1213 4671 prepositus
1233 4600 1430 4659 cisterciensis
