3098 5392
673 412 748 463 ¹4⁰⁶·
1274 408 1358 474 1031

54 619 159 687 looskc'
180 640 197 686 o
220 618 387 686 termc‘acclr
409 623 558 701 nopotem
580 614 817 702 odoledcoja'cich,
840 636 857 682 o
879 637 924 683 so.
948 616 1100 699 Martini,
1123 613 1359 682 oHromm'cs‘clo

596 755 618 799 o
639 752 656 798 o
679 754 724 800 oo.
747 732 825 800 Jist.

163 925 374 993 Weuceslaus
409 926 460 991 dei
491 926 602 1009 gracia
634 926 852 992 Romanorum
885 941 942 989 rex
975 941 1102 1006 semper
1134 927 1293 1007 augustus
1328 929 1362 990 et

58 1040 192 1106 Boemie
206 1058 272 1105 rex.
295 1039 416 1105 Notum
438 1038 576 1105 iacimus
598 1045 712 1105 tenore
733 1038 940 1121 presencium
963 1037 1136 1116 uniuersis,
1152 1037 1357 1119 quemadmo-

54 1154 135 1219 dum
156 1155 311 1237 magister
333 1152 464 1232 ciuium,
488 1154 637 1219 consules
656 1152 759 1236 jurati
792 1154 825 1216 et
855 1151 1034 1219 comunitas
1061 1150 1206 1216 ciuitatis
1232 1148 1362 1217 Coloni·

54 1267 157 1347 ensis,
173 1266 285 1333 fideles
301 1266 404 1332 nostri
420 1265 541 1346 dilecti,
559 1284 616 1348 pro
640 1266 786 1334 subsidio
802 1274 836 1334 et
851 1265 1076 1334 consolacione
1099 1269 1210 1331 nostra
1226 1263 1362 1347 speciali

55 1399 96 1446 se
109 1379 151 1445 ad
165 1379 362 1447 solucionem
374 1379 510 1445 duarum
522 1398 717 1446 summarum
729 1380 900 1447 bernerum
915 1381 1083 1463 regalium,
1097 1397 1192 1444 ruam
1209 1377 1362 1443 videlicet

55 1494 92 1559 in
124 1491 207 1557 festo
234 1493 472 1574 penthecostes,
502 1492 638 1558 alteram
661 1510 737 1560 vero
767 1494 802 1559 in
825 1493 879 1559 die
901 1491 989 1559 beati
1011 1492 1126 1560 Jacobi
1150 1489 1290 1574 apostoli
1313 1491 1362 1555 in-

55 1604 201 1671 mediate
230 1607 377 1690 sequenti
408 1606 555 1671 venturis
587 1606 741 1688 proxime,
775 1606 869 1672 nobis
899 1625 957 1689 per
988 1607 1077 1689 ipsos
1103 1603 1308 1687 integraliter
1329 1608 1363 1668 et

55 1717 206 1801 plenarie
239 1718 537 1800 persoluendarum‚
572 1720 658 1786 sicut
691 1719 794 1785 eciam
828 1720 862 1785 id
893 1721 1000 1802 ipsum
1034 1724 1181 1801 patentes
1216 1718 1361 1799 ipsorum

56 1833 171 1898 littere
204 1832 296 1898 nobis
331 1831 470 1915 desuper
506 1832 582 1899 date
612 1832 740 1915 plenius
771 1838 979 1913 attestantur,
1010 1838 1125 1914 sponte
1154 1837 1187 1896 et
1213 1828 1363 1896 beniuole

57 1944 301 2024 submiserunt3
326 1945 373 2010 ita
404 1951 436 2012 et
465 1965 524 2012 nos
555 1947 663 2012 animo
693 1945 870 2014 deliberato
901 1947 1092 2028 magistrum
1122 1945 1254 2025 ciuium,
1289 1963 1363 2010 con·

60 2059 152 2124 sules
168 2058 295 2141 juratos
312 2065 344 2124 et
358 2061 619 2126 communitatem
641 2060 787 2143 predicte
811 2060 956 2127 ciuitatis
973 2059 1175 2125 Coloniensis
1192 2059 1225 2122 iu
1241 2075 1363 2123 recom-

57 2190 197 2255 pensam
227 2172 447 2253 predictarum
477 2172 615 2239 duarum
637 2192 833 2240 summarum
864 2174 956 2241 nobis
980 2192 1038 2256 per
1059 2172 1147 2253 ipsos
1170 2188 1269 2253 super
1291 2186 1363 2253 pre

56 2286 138 2352 latis
172 2285 265 2351 iestis
296 2291 328 2351 et
350 2287 498 2353 terminis
529 2287 751 2354 donandorum
786 2289 826 2355 de
849 2288 983 2354 summis
1010 2287 1182 2352 bernerum
1204 2283 1362 2366 regalium

55 2399 224 2465 maiestati
246 2403 356 2464 nostre
379 2417 437 2482 per
459 2400 548 2481 ipsos
571 2419 670 2482 super
692 2403 797 2467 sancti
819 2400 965 2481 Martini,
994 2398 1236 2482 purificacionis
1266 2397 1362 2462 beate
1457 2482 1460 2487 Ι

58 2511 168 2578 Maria
200 2512 336 2593 virginis
368 2517 402 2577 et
422 2512 510 2578 beati
533 2513 666 2596 Georgii
692 2513 785 2580 festis
814 2520 847 2579 et
869 2514 1017 2580 terminis
1040 2512 1184 2595 proxime
1207 2511 1362 2590 venturis,

57 2630 95 2690 et
130 2624 252 2690 eisdem
282 2623 375 2691 iestis
409 2630 443 2691 et
472 2626 621 2693 terminis
652 2626 780 2694 demum
815 2633 848 2693 et
877 2627 1063 2693 immediate
1096 2631 1170 2707 post
1195 2624 1257 2690 hoc
1278 2640 1362 2688 anno

62 2736 208 2803 secundo
231 2738 393 2803 secuturis
415 2738 457 2804 ad
479 2741 621 2822 regalem
645 2759 804 2807 cameram
827 2746 971 2807 nostram
991 2740 1080 2805 iuxta
1096 2736 1363 2805 consuetudinem

59 2852 231 2932 hucusque
254 2850 459 2917 obseruatam
490 2854 714 2935 persolueudis
741 2856 862 2922 virtute
884 2854 1090 2936 presencium
1112 2851 1202 2935 regia
1224 2849 1364 2915 auctori-

57 2968 131 3029 tate
153 2963 286 3029 Boemie
308 2970 341 3029 et
363 2964 404 3030 de
427 2972 516 3031 certa
539 2973 650 3033 nostra
674 2968 815 3034 sciencia
831 2968 1006 3050 pronubis,
1029 2964 1212 3043 heredibus,
1237 2980 1363 3029 succes·
1440 2978 1446 2987 ·

58 3076 191 3144 sonibus
224 3082 257 3142 at
288 3076 480 3145 officialibus
510 3081 630 3146 nostris
663 3081 850 3163 quittamus,
885 3079 1093 3158 absoluimus,
1125 3075 1295 3142 eximimus
1330 3079 1363 3140 et

57 3189 244 3272 graciosius
266 3189 465 3256 libertamus.
497 3192 708 3259 Prosencium
732 3194 791 3259 sub
814 3194 904 3276 regie
926 3198 1036 3258 nostre
1051 3190 1232 3256 maiestatis
1256 3187 1363 3271 sigillo

59 3302 253 3368 testimonio
285 3303 462 3370 literarum.
507 3306 626 3370 Datum
650 3306 816 3372 Karlstein
840 3325 923 3372 anno
947 3305 1069 3372 domiui
1092 3303 1262 3369 millesimo
1285 3318 1364 3383 qua·

57 3414 318 3495 dringeutesimo
353 3422 453 3496 sexto,
489 3416 542 3482 die
575 3416 701 3483 decima
732 3415 822 3498 Maii,
855 3437 1027 3501 regnorum
1060 3421 1245 3483 nostrorum
1279 3432 1363 3479 auno

55 3527 199 3595 Boemie
219 3528 466 3612 quadragesimo
488 3531 599 3611 tercio,
623 3532 841 3597 Romanorum
865 3550 940 3597 vero
962 3530 1142 3596 trecesimo,

385 3720 449 3804 [Na
472 3718 586 3807 ohbu:]
611 3723 673 3788 Per
695 3722 860 3789 dominum
884 3720 1068 3786 Gonrodum
1090 3717 1364 3785 subcamerarium

767 3834 789 3900 J
791 3835 933 3900 ohannes
956 3834 998 3899 de
1019 3832 1190 3916 Bamberg.

174 3972 237 4057 [Na
259 3971 375 4057 rubut]
397 3973 435 4038 R.
459 3974 581 4040 Paulus
603 3974 644 4039 de
666 3974 755 4040 Tost.

174 4187 247 4258 Orig.
270 4205 347 4260 perg.
372 4188 480 4258 llruhdy
507 4205 539 4243 rc
566 4189 653 4243 sbirce
678 4189 905 4244 Donuolaurore.
942 4189 1026 4245 Pelet
1050 4189 1173 4243 utrieua.
1191 4216 1224 4227 -
1241 4187 1314 4258 Kop.
1330 4204 1365 4242 ze

47 4287 130 4347 XVl
148 4286 245 4340 stolctl
262 4303 278 4339 r
296 4287 420 4356 pametnl
435 4285 519 4340 knize
537 4303 572 4339 m.
591 4285 693 4339 Koliua
710 4303 726 4338 z
743 4303 765 4338 r.
787 4290 850 4339 1601
872 4303 910 4341 ua
926 4285 944 4339 l.
958 4291 990 4339 45
1009 4301 1043 4339 za
1060 4283 1201 4355 napisem:
1222 4283 1366 4352 „Kritanoi

51 4404 98 4443 rra
124 4381 213 4449 borni,
232 4382 313 4436 litera
331 4398 361 4436 se
380 4383 453 4436 araci
470 4398 503 4436 za
520 4381 649 4451 pledoile
668 4380 811 4450 termiuy“.
