<?xml version="1.0" encoding="UTF-8"?>
<!DOCTYPE html PUBLIC "-//W3C//DTD XHTML 1.0 Transitional//EN"
    "http://www.w3.org/TR/xhtml1/DTD/xhtml1-transitional.dtd">
<html xmlns="http://www.w3.org/1999/xhtml" xml:lang="en" lang="en">
 <head>
  <title>
</title>
<meta http-equiv="Content-Type" content="text/html;charset=utf-8" />
  <meta name='ocr-system' content='tesseract 3.04.00' />
  <meta name='ocr-capabilities' content='ocr_page ocr_carea ocr_par ocr_line ocrx_word'/>
</head>
<body>
  <div class='ocr_page' id='page_1' title='image "./sbrkapramenprva01kingoog/sbrkapramenprva01kingoog_0147.png"; bbox 0 0 3098 5392; ppageno 0'>
   <div class='ocr_carea' id='block_1_1' title="bbox 223 392 894 458">
    <p class='ocr_par' dir='ltr' id='par_1_1' title="bbox 223 392 894 458">
     <span class='ocr_line' id='line_1_1' title="bbox 223 392 894 458; baseline -0.016 0"><span class='ocrx_word' id='word_1_1' title='bbox 223 392 285 458; x_wconf 80' lang='lat'>112</span> <span class='ocrx_word' id='word_1_2' title='bbox 818 392 894 447; x_wconf 78' lang='lat' dir='ltr'>naor.</span> 
     </span>
    </p>
   </div>
   <div class='ocr_carea' id='block_1_2' title="bbox 217 596 1522 958">
    <p class='ocr_par' dir='ltr' id='par_1_2' title="bbox 217 596 1522 958">
     <span class='ocr_line' id='line_1_2' title="bbox 219 596 1522 670; baseline -0.003 -16"><span class='ocrx_word' id='word_1_3' title='bbox 219 600 340 670; x_wconf 84' lang='lat' dir='ltr'>Regesta</span> <span class='ocrx_word' id='word_1_4' title='bbox 357 600 391 654; x_wconf 88' lang='lat'>11.</span> <span class='ocrx_word' id='word_1_5' title='bbox 410 597 432 654; x_wconf 79' lang='lat' dir='ltr'>b.</span> <span class='ocrx_word' id='word_1_6' title='bbox 451 603 527 653; x_wconf 74' lang='lat'>2428.</span> <span class='ocrx_word' id='word_1_7' title='bbox 547 629 581 639; x_wconf 89' lang='lat'><em>-</em></span> <span class='ocrx_word' id='word_1_8' title='bbox 599 598 624 651; x_wconf 90' lang='lat' dir='ltr'>V</span> <span class='ocrx_word' id='word_1_9' title='bbox 641 601 732 653; x_wconf 75' lang='lat' dir='ltr'>tomie</span> <span class='ocrx_word' id='word_1_10' title='bbox 752 599 886 670; x_wconf 85' lang='lat' dir='ltr'>ruhopise</span> <span class='ocrx_word' id='word_1_11' title='bbox 905 599 928 655; x_wconf 76' lang='lat' dir='ltr'>b.</span> <span class='ocrx_word' id='word_1_12' title='bbox 947 605 963 654; x_wconf 83' lang='lat' dir='ltr'>o</span> <span class='ocrx_word' id='word_1_13' title='bbox 981 599 1026 654; x_wconf 77' lang='lat' dir='ltr'>cte</span> <span class='ocrx_word' id='word_1_14' title='bbox 1043 614 1074 654; x_wconf 84' lang='lat' dir='ltr'>se</span> <span class='ocrx_word' id='word_1_15' title='bbox 1091 596 1208 653; x_wconf 79' lang='lat' dir='ltr'>formula</span> <span class='ocrx_word' id='word_1_16' title='bbox 1222 596 1282 666; x_wconf 73' lang='lat' dir='ltr'>jine</span> <span class='ocrx_word' id='word_1_17' title='bbox 1300 596 1409 666; x_wconf 81' lang='lat' dir='ltr'>iistiny‚</span> <span class='ocrx_word' id='word_1_18' title='bbox 1421 596 1522 651; x_wconf 81' lang='lat' dir='ltr'>kteron</span> 
     </span>
     <span class='ocr_line' id='line_1_3' title="bbox 217 692 1520 763; baseline -0.002 -14"><span class='ocrx_word' id='word_1_19' title='bbox 217 697 258 751; x_wconf 85' lang='lat' dir='ltr'>kr.</span> <span class='ocrx_word' id='word_1_20' title='bbox 273 697 374 750; x_wconf 75' lang='lat' dir='ltr'>Vaclav</span> <span class='ocrx_word' id='word_1_21' title='bbox 387 697 412 750; x_wconf 88' lang='grc' dir='ltr'>Π</span> <span class='ocrx_word' id='word_1_22' title='bbox 425 695 535 763; x_wconf 77' lang='lat' dir='ltr'>udbluje</span> <span class='ocrx_word' id='word_1_23' title='bbox 548 693 663 749; x_wconf 73' lang='lat' dir='ltr'>hodiene</span> <span class='ocrx_word' id='word_1_24' title='bbox 680 695 850 750; x_wconf 73' lang='lat' dir='ltr'>vnekterem</span> <span class='ocrx_word' id='word_1_25' title='bbox 869 696 956 750; x_wconf 71' lang='lat' dir='ltr'>mesto</span> <span class='ocrx_word' id='word_1_26' title='bbox 970 693 1116 763; x_wconf 77' lang='lat' dir='ltr'>„jndicium</span> <span class='ocrx_word' id='word_1_27' title='bbox 1131 700 1159 748; x_wconf 87' lang='lat' dir='ltr'>et</span> <span class='ocrx_word' id='word_1_28' title='bbox 1176 694 1332 749; x_wconf 69' lang='lat' dir='ltr'>monetam*</span> <span class='ocrx_word' id='word_1_29' title='bbox 1346 692 1472 747; x_wconf 68' lang='lat' dir='ltr'>nbkomu</span> <span class='ocrx_word' id='word_1_30' title='bbox 1488 710 1520 747; x_wconf 82' lang='lat' dir='ltr'>ze</span> 
     </span>
     <span class='ocr_line' id='line_1_4' title="bbox 219 787 1517 861; baseline -0.003 -16"><span class='ocrx_word' id='word_1_31' title='bbox 219 793 302 861; x_wconf 62' lang='lat' dir='ltr'>svych</span> <span class='ocrx_word' id='word_1_32' title='bbox 321 793 448 860; x_wconf 72' lang='lat' dir='ltr'>vernych</span> <span class='ocrx_word' id='word_1_33' title='bbox 467 808 481 846; x_wconf 87' lang='lat' dir='ltr'>s</span> <span class='ocrx_word' id='word_1_34' title='bbox 499 795 548 844; x_wconf 82' lang='lat' dir='ltr'>tim</span> <span class='ocrx_word' id='word_1_35' title='bbox 560 792 717 856; x_wconf 81' lang='lat' dir='ltr'>zavazkem,</span> <span class='ocrx_word' id='word_1_36' title='bbox 736 792 789 860; x_wconf 80' lang='lat' dir='ltr'>uby</span> <span class='ocrx_word' id='word_1_37' title='bbox 808 806 844 845; x_wconf 93' lang='lat' dir='ltr'>on</span> <span class='ocrx_word' id='word_1_38' title='bbox 863 790 1014 846; x_wconf 74' lang='lat' dir='ltr'>idedicovc</span> <span class='ocrx_word' id='word_1_39' title='bbox 1030 790 1098 859; x_wconf 87' lang='lat' dir='ltr'>jeho</span> <span class='ocrx_word' id='word_1_40' title='bbox 1117 787 1245 844; x_wconf 75' lang='lat' dir='ltr'>kaideho</span> <span class='ocrx_word' id='word_1_41' title='bbox 1262 788 1336 843; x_wconf 82' lang='lat' dir='ltr'>roku</span> <span class='ocrx_word' id='word_1_42' title='bbox 1355 805 1394 843; x_wconf 83' lang='lat' dir='ltr'>na</span> <span class='ocrx_word' id='word_1_43' title='bbox 1411 788 1468 844; x_wconf 84' lang='lat' dir='ltr'>den</span> <span class='ocrx_word' id='word_1_44' title='bbox 1480 805 1517 843; x_wconf 82' lang='lat' dir='ltr'>nv.</span> 
     </span>
     <span class='ocr_line' id='line_1_5' title="bbox 221 884 1515 958; baseline -0.001 -16"><span class='ocrx_word' id='word_1_45' title='bbox 221 887 303 942; x_wconf 84' lang='lat' dir='ltr'>Petra</span> <span class='ocrx_word' id='word_1_46' title='bbox 319 887 408 955; x_wconf 87' lang='lat' dir='ltr'>platili</span> <span class='ocrx_word' id='word_1_47' title='bbox 422 891 455 940; x_wconf 76' lang='lat'>20</span> <span class='ocrx_word' id='word_1_48' title='bbox 467 886 564 941; x_wconf 80' lang='lat' dir='ltr'>hiiven</span> <span class='ocrx_word' id='word_1_49' title='bbox 583 886 684 941; x_wconf 82' lang='lat' dir='ltr'>stiibra</span> <span class='ocrx_word' id='word_1_50' title='bbox 701 885 737 940; x_wconf 90' lang='lat' dir='ltr'>do</span> <span class='ocrx_word' id='word_1_51' title='bbox 756 886 872 955; x_wconf 88' lang='lat' dir='ltr'>komory</span> <span class='ocrx_word' id='word_1_52' title='bbox 890 885 1046 942; x_wconf 73' lang='lat' dir='ltr'>kralorske.</span> <span class='ocrx_word' id='word_1_53' title='bbox 1065 885 1178 955; x_wconf 81' lang='lat' dir='ltr'>(Emler,</span> <span class='ocrx_word' id='word_1_54' title='bbox 1195 885 1321 958; x_wconf 79' lang='lat' dir='ltr'>Regesta</span> <span class='ocrx_word' id='word_1_55' title='bbox 1337 885 1375 942; x_wconf 80' lang='lat' dir='ltr'>II.</span> <span class='ocrx_word' id='word_1_56' title='bbox 1393 884 1515 955; x_wconf 59' lang='lat' dir='ltr'>Habui</span> 
     </span>
    </p>
   </div>
   <div class='ocr_carea' id='block_1_3' title="bbox 713 1150 1016 1425">
    <p class='ocr_par' dir='ltr' id='par_1_3' title="bbox 713 1150 1016 1425">
     <span class='ocr_line' id='line_1_6' title="bbox 808 1150 920 1241; baseline 0.054 -6"><span class='ocrx_word' id='word_1_57' title='bbox 808 1150 843 1235; x_wconf 82' lang='lat' dir='ltr'>b.</span> <span class='ocrx_word' id='word_1_58' title='bbox 865 1172 920 1241; x_wconf 79' lang='lat' dir='ltr'>aa</span> 
     </span>
     <span class='ocr_line' id='line_1_7' title="bbox 713 1331 1016 1425; baseline 0 -22"><span class='ocrx_word' id='word_1_59' title='bbox 713 1331 828 1423; x_wconf 81' lang='lat' dir='ltr'>[Pi-cd</span> <span class='ocrx_word' id='word_1_60' title='bbox 848 1350 881 1406; x_wconf 85' lang='lat' dir='ltr'>r.</span> <span class='ocrx_word' id='word_1_61' title='bbox 904 1332 1016 1425; x_wconf 63' lang='lat' dir='ltr'>libi]</span> 
     </span>
    </p>
   </div>
   <div class='ocr_carea' id='block_1_4' title="bbox 218 1494 1504 1810">
    <p class='ocr_par' dir='ltr' id='par_1_4' title="bbox 218 1494 1504 1810">
     <span class='ocr_line' id='line_1_8' title="bbox 218 1494 1502 1585; baseline 0.002 -21"><span class='ocrx_word' id='word_1_62' title='bbox 218 1498 301 1566; x_wconf 74' lang='lat' dir='ltr'>Krcii</span> <span class='ocrx_word' id='word_1_63' title='bbox 328 1494 442 1566; x_wconf 70' lang='lat' dir='ltr'>Varios</span> <span class='ocrx_word' id='word_1_64' title='bbox 464 1500 507 1565; x_wconf 90' lang='grc' dir='ltr'>ΙΙ.</span> <span class='ocrx_word' id='word_1_65' title='bbox 517 1501 706 1584; x_wconf 67' lang='lat' dir='ltr'>propby&#39;bcjc</span> <span class='ocrx_word' id='word_1_66' title='bbox 726 1499 879 1568; x_wconf 67' lang='lat' dir='ltr'>Komaia</span> <span class='ocrx_word' id='word_1_67' title='bbox 901 1503 960 1567; x_wconf 61' lang='grc' dir='ltr'>ἰώ.</span> <span class='ocrx_word' id='word_1_68' title='bbox 985 1500 1183 1585; x_wconf 69' lang='lat' dir='ltr'>Pisingcrcm</span> <span class='ocrx_word' id='word_1_69' title='bbox 1202 1497 1402 1583; x_wconf 61' lang='lat' dir='ltr'>remorsas</span> <span class='ocrx_word' id='word_1_70' title='bbox 1413 1503 1502 1567; x_wconf 65' lang='lat' dir='ltr'>meato</span> 
     </span>
     <span class='ocr_line' id='line_1_9' title="bbox 220 1611 1504 1698; baseline 0.002 -19"><span class='ocrx_word' id='word_1_71' title='bbox 220 1613 337 1679; x_wconf 84' lang='lat' dir='ltr'>Klotoo</span> <span class='ocrx_word' id='word_1_72' title='bbox 358 1635 403 1679; x_wconf 81' lang='lat' dir='ltr'>aa</span> <span class='ocrx_word' id='word_1_73' title='bbox 416 1612 513 1698; x_wconf 73' lang='lat' dir='ltr'>jedes</span> <span class='ocrx_word' id='word_1_74' title='bbox 533 1611 590 1679; x_wconf 76' lang='lat' dir='ltr'>rob</span> <span class='ocrx_word' id='word_1_75' title='bbox 605 1614 696 1696; x_wconf 77' lang='lat' dir='ltr'>proti</span> <span class='ocrx_word' id='word_1_76' title='bbox 717 1618 812 1690; x_wconf 81' lang='lat' dir='ltr'>tomo,</span> <span class='ocrx_word' id='word_1_77' title='bbox 835 1614 1014 1698; x_wconf 65' lang='lat' dir='ltr'>serapiaca</span> <span class='ocrx_word' id='word_1_78' title='bbox 1032 1615 1077 1680; x_wconf 84' lang='lat'>50</span> <span class='ocrx_word' id='word_1_79' title='bbox 1097 1612 1207 1681; x_wconf 68' lang='lat' dir='ltr'>briven</span> <span class='ocrx_word' id='word_1_80' title='bbox 1228 1614 1353 1681; x_wconf 59' lang='lat' dir='ltr'>stbtbro</span> <span class='ocrx_word' id='word_1_81' title='bbox 1374 1635 1411 1682; x_wconf 83' lang='lat' dir='ltr'>cc</span> <span class='ocrx_word' id='word_1_82' title='bbox 1429 1612 1504 1681; x_wconf 77' lang='lat' dir='ltr'>tr&#39;ccb</span> 
     </span>
     <span class='ocr_line' id='line_1_10' title="bbox 597 1724 1132 1810; baseline -0.002 -16"><span class='ocrx_word' id='word_1_83' title='bbox 597 1724 726 1794; x_wconf 64' lang='lat' dir='ltr'>boeot</span> <span class='ocrx_word' id='word_1_84' title='bbox 748 1727 787 1794; x_wconf 83' lang='lat' dir='ltr'>dc</span> <span class='ocrx_word' id='word_1_85' title='bbox 809 1725 938 1810; x_wconf 76' lang='lat' dir='ltr'>komory</span> <span class='ocrx_word' id='word_1_86' title='bbox 958 1725 1132 1795; x_wconf 65' lang='lat' dir='ltr'>krdlocakb.</span> 
     </span>
    </p>
   </div>
   <div class='ocr_carea' id='block_1_5' title="bbox 217 1894 1525 3000">
    <p class='ocr_par' dir='ltr' id='par_1_5' title="bbox 217 1894 1525 3000">
     <span class='ocr_line' id='line_1_11' title="bbox 320 1894 1505 1978; baseline 0.003 -19"><span class='ocrx_word' id='word_1_87' title='bbox 320 1894 387 1960; x_wconf 90' lang='lat' dir='ltr'>Nos</span> <span class='ocrx_word' id='word_1_88' title='bbox 418 1894 627 1962; x_wconf 89' lang='lat' dir='ltr'>Wenceslaus</span> <span class='ocrx_word' id='word_1_89' title='bbox 661 1895 713 1961; x_wconf 92' lang='lat' dir='ltr'>dei</span> <span class='ocrx_word' id='word_1_90' title='bbox 742 1895 852 1978; x_wconf 80' lang='lat' dir='ltr'><strong>gracia</strong></span> <span class='ocrx_word' id='word_1_91' title='bbox 880 1915 937 1962; x_wconf 84' lang='lat' dir='ltr'>ren</span> <span class='ocrx_word' id='word_1_92' title='bbox 967 1897 1100 1962; x_wconf 90' lang='lat' dir='ltr'>Boemie</span> <span class='ocrx_word' id='word_1_93' title='bbox 1128 1900 1163 1963; x_wconf 91' lang='lat' dir='ltr'>et</span> <span class='ocrx_word' id='word_1_94' title='bbox 1190 1895 1334 1963; x_wconf 86' lang='lat' dir='ltr'>marchio</span> <span class='ocrx_word' id='word_1_95' title='bbox 1363 1896 1505 1963; x_wconf 87' lang='lat' dir='ltr'>Morauie</span> 
     </span>
     <span class='ocr_line' id='line_1_12' title="bbox 217 2007 1508 2094; baseline 0.002 -22"><span class='ocrx_word' id='word_1_96' title='bbox 217 2012 329 2073; x_wconf 92' lang='lat' dir='ltr'>notum</span> <span class='ocrx_word' id='word_1_97' title='bbox 350 2007 486 2076; x_wconf 84' lang='lat' dir='ltr'>facimus</span> <span class='ocrx_word' id='word_1_98' title='bbox 509 2008 670 2077; x_wconf 83' lang='lat' dir='ltr'>uniuersis</span> <span class='ocrx_word' id='word_1_99' title='bbox 703 2013 846 2076; x_wconf 87' lang='lat' dir='ltr'>tenorem</span> <span class='ocrx_word' id='word_1_100' title='bbox 869 2011 1073 2092; x_wconf 87' lang='lat' dir='ltr'>presencium</span> <span class='ocrx_word' id='word_1_101' title='bbox 1093 2010 1325 2094; x_wconf 86' lang='lat' dir='ltr'>perspecturis,</span> <span class='ocrx_word' id='word_1_102' title='bbox 1346 2009 1433 2093; x_wconf 87' lang='lat' dir='ltr'>quod</span> <span class='ocrx_word' id='word_1_103' title='bbox 1453 2028 1508 2075; x_wconf 92' lang='lat' dir='ltr'>nos</span> 
     </span>
     <span class='ocr_line' id='line_1_13' title="bbox 217 2121 1508 2206; baseline 0.003 -20"><span class='ocrx_word' id='word_1_104' title='bbox 217 2122 396 2187; x_wconf 89' lang='lat' dir='ltr'>locauimus</span> <span class='ocrx_word' id='word_1_105' title='bbox 415 2122 576 2205; x_wconf 90' lang='lat' dir='ltr'>judicium</span> <span class='ocrx_word' id='word_1_106' title='bbox 598 2123 631 2188; x_wconf 90' lang='lat' dir='ltr'>io</span> <span class='ocrx_word' id='word_1_107' title='bbox 667 2121 816 2189; x_wconf 84' lang='lat' dir='ltr'>Glatouia</span> <span class='ocrx_word' id='word_1_108' title='bbox 839 2121 989 2189; x_wconf 84' lang='lat' dir='ltr'>Cunrado</span> <span class='ocrx_word' id='word_1_109' title='bbox 1012 2122 1099 2189; x_wconf 92' lang='lat' dir='ltr'>dicto</span> <span class='ocrx_word' id='word_1_110' title='bbox 1121 2122 1271 2206; x_wconf 89' lang='lat' dir='ltr'>Pisinger</span> <span class='ocrx_word' id='word_1_111' title='bbox 1293 2141 1313 2188; x_wconf 85' lang='lat' dir='ltr'>a</span> <span class='ocrx_word' id='word_1_112' title='bbox 1336 2123 1414 2189; x_wconf 85' lang='lat' dir='ltr'>data</span> <span class='ocrx_word' id='word_1_113' title='bbox 1441 2141 1508 2205; x_wconf 82' lang='lat' dir='ltr'>pro-</span> 
     </span>
     <span class='ocr_line' id='line_1_14' title="bbox 218 2235 1509 2326; baseline 0.003 -27"><span class='ocrx_word' id='word_1_114' title='bbox 218 2235 361 2300; x_wconf 88' lang='lat' dir='ltr'>sencium</span> <span class='ocrx_word' id='word_1_115' title='bbox 383 2254 442 2317; x_wconf 89' lang='lat' dir='ltr'>per</span> <span class='ocrx_word' id='word_1_116' title='bbox 464 2235 559 2301; x_wconf 86' lang='lat' dir='ltr'>vuius</span> <span class='ocrx_word' id='word_1_117' title='bbox 575 2236 650 2301; x_wconf 88' lang='lat' dir='ltr'>anni</span> <span class='ocrx_word' id='word_1_118' title='bbox 667 2236 823 2302; x_wconf 88' lang='lat' dir='ltr'>circulum</span> <span class='ocrx_word' id='word_1_119' title='bbox 837 2237 1020 2301; x_wconf 91' lang='lat' dir='ltr'>reuolutum</span> <span class='ocrx_word' id='word_1_120' title='bbox 1042 2254 1101 2326; x_wconf 86' lang='lat' dir='ltr'>pro</span> <span class='ocrx_word' id='word_1_121' title='bbox 1116 2237 1350 2320; x_wconf 76' lang='lat' dir='ltr'>quinquaginta</span> <span class='ocrx_word' id='word_1_122' title='bbox 1372 2237 1509 2303; x_wconf 89' lang='lat' dir='ltr'>marchis</span> 
     </span>
     <span class='ocr_line' id='line_1_15' title="bbox 218 2348 1509 2432; baseline 0.001 -18"><span class='ocrx_word' id='word_1_123' title='bbox 218 2350 345 2431; x_wconf 80' lang='lat' dir='ltr'>argenti</span> <span class='ocrx_word' id='word_1_124' title='bbox 367 2348 460 2414; x_wconf 93' lang='lat' dir='ltr'>nobis</span> <span class='ocrx_word' id='word_1_125' title='bbox 483 2349 523 2414; x_wconf 88' lang='lat' dir='ltr'>ab</span> <span class='ocrx_word' id='word_1_126' title='bbox 546 2368 583 2414; x_wconf 90' lang='lat' dir='ltr'>eo</span> <span class='ocrx_word' id='word_1_127' title='bbox 607 2349 640 2414; x_wconf 90' lang='lat' dir='ltr'>in</span> <span class='ocrx_word' id='word_1_128' title='bbox 664 2348 856 2432; x_wconf 80' lang='lat' dir='ltr'>subscriptis</span> <span class='ocrx_word' id='word_1_129' title='bbox 878 2349 1026 2414; x_wconf 87' lang='lat' dir='ltr'>terminis</span> <span class='ocrx_word' id='word_1_130' title='bbox 1050 2349 1265 2415; x_wconf 84' lang='lat' dir='ltr'>exsoluendis.</span> <span class='ocrx_word' id='word_1_131' title='bbox 1304 2349 1406 2415; x_wconf 87' lang='lat' dir='ltr'>Dabit</span> <span class='ocrx_word' id='word_1_132' title='bbox 1427 2351 1509 2415; x_wconf 90' lang='lat' dir='ltr'>euim</span> 
     </span>
     <span class='ocr_line' id='line_1_16' title="bbox 218 2461 1509 2546; baseline 0 -18"><span class='ocrx_word' id='word_1_133' title='bbox 218 2463 311 2528; x_wconf 90' lang='lat' dir='ltr'>uobis</span> <span class='ocrx_word' id='word_1_134' title='bbox 334 2463 368 2527; x_wconf 91' lang='lat' dir='ltr'>in</span> <span class='ocrx_word' id='word_1_135' title='bbox 390 2463 473 2528; x_wconf 85' lang='lat' dir='ltr'>fcsto</span> <span class='ocrx_word' id='word_1_136' title='bbox 495 2461 581 2527; x_wconf 87' lang='lat' dir='ltr'>beati</span> <span class='ocrx_word' id='word_1_137' title='bbox 604 2463 692 2527; x_wconf 82' lang='lat' dir='ltr'>Petri</span> <span class='ocrx_word' id='word_1_138' title='bbox 725 2463 828 2544; x_wconf 89' lang='lat' dir='ltr'>primo</span> <span class='ocrx_word' id='word_1_139' title='bbox 851 2462 960 2528; x_wconf 83' lang='lat' dir='ltr'>futuro</span> <span class='ocrx_word' id='word_1_140' title='bbox 983 2462 1012 2527; x_wconf 89' lang='lat' dir='ltr'>X</span> <span class='ocrx_word' id='word_1_141' title='bbox 1033 2461 1181 2528; x_wconf 85' lang='lat' dir='ltr'>marchas</span> <span class='ocrx_word' id='word_1_142' title='bbox 1203 2463 1340 2546; x_wconf 76' lang='lat' dir='ltr'>argenti,</span> <span class='ocrx_word' id='word_1_143' title='bbox 1363 2463 1398 2528; x_wconf 93' lang='lat' dir='ltr'>in</span> <span class='ocrx_word' id='word_1_144' title='bbox 1429 2462 1509 2528; x_wconf 85' lang='lat' dir='ltr'>festo</span> 
     </span>
     <span class='ocr_line' id='line_1_17' title="bbox 217 2574 1510 2658; baseline 0 -16"><span class='ocrx_word' id='word_1_145' title='bbox 217 2576 400 2642; x_wconf 87' lang='lat' dir='ltr'>natiuitatis</span> <span class='ocrx_word' id='word_1_146' title='bbox 423 2576 544 2641; x_wconf 91' lang='lat' dir='ltr'>domini</span> <span class='ocrx_word' id='word_1_147' title='bbox 568 2576 715 2658; x_wconf 83' lang='lat' dir='ltr'>sequenti</span> <span class='ocrx_word' id='word_1_148' title='bbox 738 2576 797 2640; x_wconf 87' lang='lat' dir='ltr'>XX</span> <span class='ocrx_word' id='word_1_149' title='bbox 826 2574 974 2641; x_wconf 83' lang='lat' dir='ltr'>marchas</span> <span class='ocrx_word' id='word_1_150' title='bbox 997 2576 1122 2658; x_wconf 85' lang='lat' dir='ltr'>argenti</span> <span class='ocrx_word' id='word_1_151' title='bbox 1156 2580 1190 2641; x_wconf 88' lang='lat' dir='ltr'>et</span> <span class='ocrx_word' id='word_1_152' title='bbox 1210 2575 1244 2641; x_wconf 91' lang='lat' dir='ltr'>in</span> <span class='ocrx_word' id='word_1_153' title='bbox 1274 2575 1358 2642; x_wconf 86' lang='lat' dir='ltr'>festo</span> <span class='ocrx_word' id='word_1_154' title='bbox 1389 2576 1510 2643; x_wconf 85' lang='lat' dir='ltr'>Pascha</span> 
     </span>
     <span class='ocr_line' id='line_1_18' title="bbox 217 2688 1513 2771; baseline 0.001 -16"><span class='ocrx_word' id='word_1_155' title='bbox 217 2696 293 2755; x_wconf 92' lang='lat' dir='ltr'>tunc</span> <span class='ocrx_word' id='word_1_156' title='bbox 317 2690 428 2755; x_wconf 89' lang='lat' dir='ltr'>vltimo</span> <span class='ocrx_word' id='word_1_157' title='bbox 452 2693 602 2755; x_wconf 88' lang='lat' dir='ltr'>secuturo</span> <span class='ocrx_word' id='word_1_158' title='bbox 624 2689 685 2755; x_wconf 85' lang='lat' dir='ltr'>XX</span> <span class='ocrx_word' id='word_1_159' title='bbox 708 2689 854 2755; x_wconf 81' lang='lat' dir='ltr'>marchas</span> <span class='ocrx_word' id='word_1_160' title='bbox 877 2689 1002 2771; x_wconf 79' lang='lat' dir='ltr'>argenti</span> <span class='ocrx_word' id='word_1_161' title='bbox 1025 2689 1176 2755; x_wconf 88' lang='lat' dir='ltr'>similiter</span> <span class='ocrx_word' id='word_1_162' title='bbox 1197 2688 1291 2756; x_wconf 92' lang='lat' dir='ltr'>nobis</span> <span class='ocrx_word' id='word_1_163' title='bbox 1314 2690 1432 2757; x_wconf 84' lang='lat' dir='ltr'>soluet.</span> <span class='ocrx_word' id='word_1_164' title='bbox 1475 2690 1513 2756; x_wconf 86' lang='lat' dir='ltr'>ln</span> 
     </span>
     <span class='ocr_line' id='line_1_19' title="bbox 217 2802 1523 2886; baseline 0 -17"><span class='ocrx_word' id='word_1_165' title='bbox 217 2803 309 2869; x_wconf 88' lang='lat' dir='ltr'>cuius</span> <span class='ocrx_word' id='word_1_166' title='bbox 331 2803 380 2869; x_wconf 89' lang='lat' dir='ltr'>rei</span> <span class='ocrx_word' id='word_1_167' title='bbox 403 2803 624 2869; x_wconf 87' lang='lat' dir='ltr'>testimonium</span> <span class='ocrx_word' id='word_1_168' title='bbox 645 2820 778 2884; x_wconf 82' lang='lat' dir='ltr'>presens</span> <span class='ocrx_word' id='word_1_169' title='bbox 812 2802 968 2884; x_wconf 89' lang='lat' dir='ltr'>scriptum</span> <span class='ocrx_word' id='word_1_170' title='bbox 990 2802 1091 2885; x_wconf 89' lang='lat' dir='ltr'>sigilli</span> <span class='ocrx_word' id='word_1_171' title='bbox 1113 2803 1216 2870; x_wconf 87' lang='lat' dir='ltr'>nostri</span> <span class='ocrx_word' id='word_1_172' title='bbox 1245 2802 1426 2869; x_wconf 87' lang='lat' dir='ltr'>munimine</span> <span class='ocrx_word' id='word_1_173' title='bbox 1442 2803 1523 2886; x_wconf 85' lang='lat' dir='ltr'>jus—</span> 
     </span>
     <span class='ocr_line' id='line_1_20' title="bbox 220 2914 1525 3000; baseline 0.001 -18"><span class='ocrx_word' id='word_1_174' title='bbox 220 2917 320 2982; x_wconf 87' lang='lat' dir='ltr'>simus</span> <span class='ocrx_word' id='word_1_175' title='bbox 343 2918 510 3000; x_wconf 76' lang='lat' dir='ltr'>insignari.</span> <span class='ocrx_word' id='word_1_176' title='bbox 535 2919 654 2982; x_wconf 89' lang='lat' dir='ltr'>Datum</span> <span class='ocrx_word' id='word_1_177' title='bbox 670 2915 773 2998; x_wconf 85' lang='lat' dir='ltr'>Prage</span> <span class='ocrx_word' id='word_1_178' title='bbox 795 2934 852 2998; x_wconf 89' lang='lat' dir='ltr'>per</span> <span class='ocrx_word' id='word_1_179' title='bbox 867 2935 982 2982; x_wconf 90' lang='lat' dir='ltr'>manus</span> <span class='ocrx_word' id='word_1_180' title='bbox 997 2914 1170 3000; x_wconf 86' lang='lat' dir='ltr'>H[einrici]</span> <span class='ocrx_word' id='word_1_181' title='bbox 1193 2915 1313 2982; x_wconf 83' lang='lat' dir='ltr'>notarii</span> <span class='ocrx_word' id='word_1_182' title='bbox 1327 2917 1432 2983; x_wconf 85' lang='lat' dir='ltr'>nostri</span> <span class='ocrx_word' id='word_1_183' title='bbox 1451 2922 1525 2984; x_wconf 81' lang='lat' dir='ltr'>etc.</span> 
     </span>
    </p>
   </div>
   <div class='ocr_carea' id='block_1_6' title="bbox 214 3077 1521 3343">
    <p class='ocr_par' dir='ltr' id='par_1_6' title="bbox 214 3077 1521 3343">
     <span class='ocr_line' id='line_1_21' title="bbox 255 3077 1521 3174; baseline 0.002 -42"><span class='ocrx_word' id='word_1_184' title='bbox 255 3160 265 3174; x_wconf 72' lang='lat'><strong><em>.</em></strong></span> <span class='ocrx_word' id='word_1_185' title='bbox 318 3078 479 3134; x_wconf 83' lang='lat' dir='ltr'>chnkonis</span> <span class='ocrx_word' id='word_1_186' title='bbox 508 3079 542 3133; x_wconf 90' lang='lat' dir='ltr'>de</span> <span class='ocrx_word' id='word_1_187' title='bbox 569 3080 697 3143; x_wconf 83' lang='lat' dir='ltr'>Trebecz,</span> <span class='ocrx_word' id='word_1_188' title='bbox 732 3078 815 3133; x_wconf 87' lang='lat' dir='ltr'>Liber</span> <span class='ocrx_word' id='word_1_189' title='bbox 841 3093 859 3133; x_wconf 86' lang='lat' dir='ltr'>a</span> <span class='ocrx_word' id='word_1_190' title='bbox 887 3078 1065 3134; x_wconf 84' lang='lat' dir='ltr'>missionibus</span> <span class='ocrx_word' id='word_1_191' title='bbox 1091 3077 1176 3148; x_wconf 81' lang='lat' dir='ltr'>regiis</span> <span class='ocrx_word' id='word_1_192' title='bbox 1200 3077 1235 3133; x_wconf 82' lang='lat' dir='ltr'>ab</span> <span class='ocrx_word' id='word_1_193' title='bbox 1263 3095 1287 3134; x_wconf 78' lang='lat' dir='ltr'>a.</span> <span class='ocrx_word' id='word_1_194' title='bbox 1317 3085 1387 3137; x_wconf 80' lang='lat' dir='ltr'>laoo</span> <span class='ocrx_word' id='word_1_195' title='bbox 1412 3078 1453 3134; x_wconf 75' lang='grc' dir='ltr'>Ν·</span> <span class='ocrx_word' id='word_1_196' title='bbox 1476 3085 1521 3135; x_wconf 74' lang='lat'>22</span> 
     </span>
     <span class='ocr_line' id='line_1_22' title="bbox 214 3173 1510 3246; baseline 0 -17"><span class='ocrx_word' id='word_1_197' title='bbox 214 3177 366 3231; x_wconf 75' lang='lat' dir='ltr'>vCesksm</span> <span class='ocrx_word' id='word_1_198' title='bbox 394 3191 518 3231; x_wconf 78' lang='lat' dir='ltr'>miraeum</span> <span class='ocrx_word' id='word_1_199' title='bbox 546 3193 579 3231; x_wconf 85' lang='lat' dir='ltr'>no</span> <span class='ocrx_word' id='word_1_200' title='bbox 597 3176 737 3245; x_wconf 80' lang='lat' dir='ltr'>napisem:</span> <span class='ocrx_word' id='word_1_201' title='bbox 766 3175 881 3246; x_wconf 82' lang='lat' dir='ltr'>„Incipit</span> <span class='ocrx_word' id='word_1_202' title='bbox 898 3174 1001 3231; x_wconf 86' lang='lat' dir='ltr'>locaoio</span> <span class='ocrx_word' id='word_1_203' title='bbox 1021 3173 1118 3243; x_wconf 86' lang='lat' dir='ltr'>judicii</span> <span class='ocrx_word' id='word_1_204' title='bbox 1146 3174 1334 3231; x_wconf 83' lang='lat' dir='ltr'>Clatouiensis</span> <span class='ocrx_word' id='word_1_205' title='bbox 1362 3192 1413 3246; x_wconf 86' lang='lat' dir='ltr'>per</span> <span class='ocrx_word' id='word_1_206' title='bbox 1429 3191 1510 3229; x_wconf 83' lang='lat' dir='ltr'>mann</span> 
     </span>
     <span class='ocr_line' id='line_1_23' title="bbox 215 3269 1423 3343; baseline -0.002 -16"><span class='ocrx_word' id='word_1_207' title='bbox 215 3289 316 3327; x_wconf 88' lang='lat' dir='ltr'>annum</span> <span class='ocrx_word' id='word_1_208' title='bbox 337 3272 454 3343; x_wconf 81' lang='lat' dir='ltr'>simplex</span> <span class='ocrx_word' id='word_1_209' title='bbox 472 3271 554 3327; x_wconf 88' lang='lat' dir='ltr'>alicui</span> <span class='ocrx_word' id='word_1_210' title='bbox 572 3271 625 3327; x_wconf 90' lang='lat' dir='ltr'>ciui</span> <span class='ocrx_word' id='word_1_211' title='bbox 644 3272 718 3327; x_wconf 81' lang='lat' dir='ltr'>tacta</span> <span class='ocrx_word' id='word_1_212' title='bbox 735 3287 786 3342; x_wconf 88' lang='lat' dir='ltr'>per</span> <span class='ocrx_word' id='word_1_213' title='bbox 803 3276 921 3340; x_wconf 82' lang='lat' dir='ltr'>regem“.</span> <span class='ocrx_word' id='word_1_214' title='bbox 939 3301 974 3313; x_wconf 90' lang='lat'><em>-</em></span> <span class='ocrx_word' id='word_1_215' title='bbox 991 3270 1093 3339; x_wconf 71' lang='lat' dir='ltr'>Emlen</span> <span class='ocrx_word' id='word_1_216' title='bbox 1110 3270 1234 3340; x_wconf 81' lang='lat' dir='ltr'>Rogesta</span> <span class='ocrx_word' id='word_1_217' title='bbox 1249 3269 1285 3326; x_wconf 83' lang='lat' dir='ltr'>IL</span> <span class='ocrx_word' id='word_1_218' title='bbox 1303 3270 1326 3327; x_wconf 76' lang='grc' dir='ltr'>ἆ.</span> <span class='ocrx_word' id='word_1_219' title='bbox 1345 3276 1423 3328; x_wconf 74' lang='grc'><strong>2426.</strong></span> 
     </span>
    </p>
   </div>
   <div class='ocr_carea' id='block_1_7' title="bbox 571 3534 1153 3794">
    <p class='ocr_par' dir='ltr' id='par_1_7' title="bbox 571 3534 1153 3794">
     <span class='ocr_line' id='line_1_24' title="bbox 795 3534 937 3616; baseline 0 0"><span class='ocrx_word' id='word_1_220' title='bbox 795 3534 858 3616; x_wconf 72' lang='lat' dir='ltr'>Cis.</span> <span class='ocrx_word' id='word_1_221' title='bbox 886 3552 937 3616; x_wconf 85' lang='lat'>48.</span> 
     </span>
     <span class='ocr_line' id='line_1_25' title="bbox 571 3700 1153 3794; baseline 0 -20"><span class='ocrx_word' id='word_1_222' title='bbox 571 3705 683 3793; x_wconf 74' lang='lat' dir='ltr'>[oneo</span> <span class='ocrx_word' id='word_1_223' title='bbox 705 3723 736 3774; x_wconf 76' lang='lat' dir='ltr'>r.</span> <span class='ocrx_word' id='word_1_224' title='bbox 759 3704 876 3794; x_wconf 78' lang='lat' dir='ltr'>raon]</span> <span class='ocrx_word' id='word_1_225' title='bbox 904 3703 961 3774; x_wconf 73' lang='lat' dir='ltr'>ua</span> <span class='ocrx_word' id='word_1_226' title='bbox 982 3700 1153 3774; x_wconf 75' lang='lat' dir='ltr'>ursum.</span> 
     </span>
    </p>
   </div>
   <div class='ocr_carea' id='block_1_8' title="bbox 224 3872 1497 4073">
    <p class='ocr_par' dir='ltr' id='par_1_8' title="bbox 224 3872 1497 4073">
     <span class='ocr_line' id='line_1_26' title="bbox 224 3872 1497 3959; baseline 0.001 -18"><span class='ocrx_word' id='word_1_227' title='bbox 224 3878 308 3942; x_wconf 69' lang='lat' dir='ltr'>Kru‘i</span> <span class='ocrx_word' id='word_1_228' title='bbox 337 3877 450 3942; x_wconf 74' lang='lat' dir='ltr'>Vdclov</span> <span class='ocrx_word' id='word_1_229' title='bbox 472 3878 515 3940; x_wconf 91' lang='grc' dir='ltr'>ΙΙ.</span> <span class='ocrx_word' id='word_1_230' title='bbox 538 3877 659 3959; x_wconf 67' lang='lat' dir='ltr'>socrajo</span> <span class='ocrx_word' id='word_1_231' title='bbox 678 3896 724 3940; x_wconf 81' lang='lat' dir='ltr'>no</span> <span class='ocrx_word' id='word_1_232' title='bbox 744 3872 800 3939; x_wconf 75' lang='lat' dir='ltr'>rob</span> <span class='ocrx_word' id='word_1_233' title='bbox 815 3874 898 3938; x_wconf 79' lang='lat' dir='ltr'>cir&#39;od</span> <span class='ocrx_word' id='word_1_234' title='bbox 918 3872 1065 3956; x_wconf 64' lang='lat' dir='ltr'>recusare</span> <span class='ocrx_word' id='word_1_235' title='bbox 1085 3876 1188 3939; x_wconf 61' lang='lat' dir='ltr'>misto</span> <span class='ocrx_word' id='word_1_236' title='bbox 1209 3873 1330 3940; x_wconf 74' lang='lat' dir='ltr'>Koltna</span> <span class='ocrx_word' id='word_1_237' title='bbox 1344 3895 1375 3940; x_wconf 73' lang='lat' dir='ltr'>aa</span> <span class='ocrx_word' id='word_1_238' title='bbox 1391 3874 1497 3942; x_wconf 63' lang='lat' dir='ltr'>men</span> 
     </span>
     <span class='ocr_line' id='line_1_27' title="bbox 272 3984 1450 4073; baseline 0.002 -20"><span class='ocrx_word' id='word_1_239' title='bbox 272 3991 458 4056; x_wconf 80' lang='lat' dir='ltr'>Pcrnoldooe&#39;</span> <span class='ocrx_word' id='word_1_240' title='bbox 480 4012 502 4054; x_wconf 88' lang='lat' dir='ltr'>o</span> <span class='ocrx_word' id='word_1_241' title='bbox 522 3990 667 4073; x_wconf 62' lang='lat' dir='ltr'>rcoiicujc</span> <span class='ocrx_word' id='word_1_242' title='bbox 688 3989 846 4072; x_wconf 66' lang='lat' dir='ltr'>tomcjbim</span> <span class='ocrx_word' id='word_1_243' title='bbox 857 3989 1044 4062; x_wconf 64' lang='lat' dir='ltr'>mds&#39;t&#39;onbm,</span> <span class='ocrx_word' id='word_1_244' title='bbox 1067 3986 1129 4071; x_wconf 75' lang='lat' dir='ltr'>uby</span> <span class='ocrx_word' id='word_1_245' title='bbox 1142 3988 1192 4071; x_wconf 79' lang='lat' dir='ltr'>jej</span> <span class='ocrx_word' id='word_1_246' title='bbox 1212 3984 1278 4069; x_wconf 66' lang='lat' dir='ltr'>boli</span> <span class='ocrx_word' id='word_1_247' title='bbox 1292 3987 1450 4069; x_wconf 63' lang='lat' dir='ltr'>poohsiaa&#39;.</span> 
     </span>
    </p>
   </div>
   <div class='ocr_carea' id='block_1_9' title="bbox 215 4154 1506 4690">
    <p class='ocr_par' dir='ltr' id='par_1_9' title="bbox 215 4154 1506 4690">
     <span class='ocr_line' id='line_1_28' title="bbox 318 4154 1501 4237; baseline 0.003 -17"><span class='ocrx_word' id='word_1_248' title='bbox 318 4156 385 4222; x_wconf 89' lang='lat' dir='ltr'>Nos</span> <span class='ocrx_word' id='word_1_249' title='bbox 418 4156 628 4223; x_wconf 86' lang='lat' dir='ltr'>Wencenlaus</span> <span class='ocrx_word' id='word_1_250' title='bbox 651 4155 703 4220; x_wconf 91' lang='lat' dir='ltr'>dci</span> <span class='ocrx_word' id='word_1_251' title='bbox 737 4155 846 4237; x_wconf 91' lang='lat' dir='ltr'>gracia</span> <span class='ocrx_word' id='word_1_252' title='bbox 875 4173 932 4219; x_wconf 84' lang='lat' dir='ltr'>rex</span> <span class='ocrx_word' id='word_1_253' title='bbox 961 4154 1094 4220; x_wconf 90' lang='lat' dir='ltr'>Boemie</span> <span class='ocrx_word' id='word_1_254' title='bbox 1124 4159 1157 4221; x_wconf 86' lang='lat' dir='ltr'>et</span> <span class='ocrx_word' id='word_1_255' title='bbox 1185 4154 1330 4222; x_wconf 82' lang='lat' dir='ltr'>marchio</span> <span class='ocrx_word' id='word_1_256' title='bbox 1363 4155 1501 4223; x_wconf 75' lang='lat' dir='ltr'>Mortuis</span> 
     </span>
     <span class='ocr_line' id='line_1_29' title="bbox 215 4265 1503 4350; baseline 0.003 -17"><span class='ocrx_word' id='word_1_257' title='bbox 215 4269 342 4334; x_wconf 84' lang='lat' dir='ltr'>dilectis</span> <span class='ocrx_word' id='word_1_258' title='bbox 365 4269 514 4335; x_wconf 89' lang='lat' dir='ltr'>fidelibus</span> <span class='ocrx_word' id='word_1_259' title='bbox 537 4270 615 4349; x_wconf 69' lang='lat' dir='ltr'>suis,</span> <span class='ocrx_word' id='word_1_260' title='bbox 639 4269 801 4333; x_wconf 80' lang='lat' dir='ltr'>uniuersis</span> <span class='ocrx_word' id='word_1_261' title='bbox 824 4267 950 4332; x_wconf 91' lang='lat' dir='ltr'>ciuibus</span> <span class='ocrx_word' id='word_1_262' title='bbox 973 4267 1006 4333; x_wconf 95' lang='lat' dir='ltr'>in</span> <span class='ocrx_word' id='word_1_263' title='bbox 1030 4265 1174 4348; x_wconf 84' lang='lat' dir='ltr'>Colonia,</span> <span class='ocrx_word' id='word_1_264' title='bbox 1197 4267 1341 4350; x_wconf 82' lang='lat' dir='ltr'>graciam</span> <span class='ocrx_word' id='word_1_265' title='bbox 1364 4286 1455 4336; x_wconf 86' lang='lat' dir='ltr'>suam</span> <span class='ocrx_word' id='word_1_266' title='bbox 1473 4275 1503 4336; x_wconf 81' lang='lat' dir='ltr'>ot</span> 
     </span>
     <span class='ocr_line' id='line_1_30' title="bbox 216 4381 1504 4464; baseline 0.003 -18"><span class='ocrx_word' id='word_1_267' title='bbox 216 4383 456 4448; x_wconf 87' lang='lat' dir='ltr'>omnebonum.</span> <span class='ocrx_word' id='word_1_268' title='bbox 480 4383 531 4448; x_wconf 86' lang='lat' dir='ltr'>Ad</span> <span class='ocrx_word' id='word_1_269' title='bbox 554 4388 695 4446; x_wconf 86' lang='lat' dir='ltr'>vestrum</span> <span class='ocrx_word' id='word_1_270' title='bbox 719 4383 861 4447; x_wconf 92' lang='lat' dir='ltr'>omnium</span> <span class='ocrx_word' id='word_1_271' title='bbox 883 4381 1035 4447; x_wconf 88' lang='lat' dir='ltr'>noticiam</span> <span class='ocrx_word' id='word_1_272' title='bbox 1056 4386 1168 4447; x_wconf 84' lang='lat' dir='ltr'>tenore</span> <span class='ocrx_word' id='word_1_273' title='bbox 1190 4381 1399 4464; x_wconf 87' lang='lat' dir='ltr'>presencium</span> <span class='ocrx_word' id='word_1_274' title='bbox 1420 4383 1504 4450; x_wconf 86' lang='lat' dir='ltr'>duxi·</span> 
     </span>
     <span class='ocr_line' id='line_1_31' title="bbox 216 4493 1505 4582; baseline 0.005 -23"><span class='ocrx_word' id='word_1_275' title='bbox 216 4513 287 4559; x_wconf 87' lang='lat' dir='ltr'>mus</span> <span class='ocrx_word' id='word_1_276' title='bbox 311 4495 528 4576; x_wconf 81' lang='lat' dir='ltr'>deferendum,</span> <span class='ocrx_word' id='word_1_277' title='bbox 551 4494 635 4578; x_wconf 89' lang='lat' dir='ltr'>quod</span> <span class='ocrx_word' id='word_1_278' title='bbox 658 4494 775 4560; x_wconf 87' lang='lat' dir='ltr'>dilecto</span> <span class='ocrx_word' id='word_1_279' title='bbox 798 4494 885 4560; x_wconf 86' lang='lat' dir='ltr'>fideli</span> <span class='ocrx_word' id='word_1_280' title='bbox 907 4498 1017 4560; x_wconf 89' lang='lat' dir='ltr'>nostro</span> <span class='ocrx_word' id='word_1_281' title='bbox 1046 4493 1205 4561; x_wconf 90' lang='lat' dir='ltr'>Pernoldo</span> <span class='ocrx_word' id='word_1_282' title='bbox 1234 4494 1412 4564; x_wconf 83' lang='lat' dir='ltr'>exhibitori</span> <span class='ocrx_word' id='word_1_283' title='bbox 1440 4516 1505 4582; x_wconf 82' lang='lat' dir='ltr'>pro-</span> 
     </span>
     <span class='ocr_line' id='line_1_32' title="bbox 217 4606 1506 4690; baseline 0.005 -17"><span class='ocrx_word' id='word_1_284' title='bbox 217 4607 360 4673; x_wconf 90' lang='lat' dir='ltr'>sencium</span> <span class='ocrx_word' id='word_1_285' title='bbox 383 4626 403 4673; x_wconf 92' lang='lat' dir='ltr'>a</span> <span class='ocrx_word' id='word_1_286' title='bbox 424 4608 507 4675; x_wconf 87' lang='lat' dir='ltr'>sesto</span> <span class='ocrx_word' id='word_1_287' title='bbox 529 4608 616 4675; x_wconf 89' lang='lat' dir='ltr'>beati</span> <span class='ocrx_word' id='word_1_288' title='bbox 645 4606 734 4674; x_wconf 90' lang='lat' dir='ltr'>Petri</span> <span class='ocrx_word' id='word_1_289' title='bbox 763 4608 907 4690; x_wconf 81' lang='lat' dir='ltr'>proxime</span> <span class='ocrx_word' id='word_1_290' title='bbox 940 4606 1095 4689; x_wconf 84' lang='lat' dir='ltr'>preterito</span> <span class='ocrx_word' id='word_1_291' title='bbox 1117 4625 1220 4690; x_wconf 82' lang='lat' dir='ltr'>usque</span> <span class='ocrx_word' id='word_1_292' title='bbox 1252 4626 1312 4690; x_wconf 81' lang='lat' dir='ltr'>per</span> <span class='ocrx_word' id='word_1_293' title='bbox 1333 4612 1506 4679; x_wconf 82' lang='lat' dir='ltr'>annumin</span> 
     </span>
    </p>
   </div>
   <div class='ocr_carea' id='block_1_10' title="bbox 0 0 1562 5392">
    <p class='ocr_par' dir='ltr' id='par_1_10' title="bbox 0 0 1562 5392">
     <span class='ocr_line' id='line_1_33' title="bbox 0 0 1562 5392; baseline 0 0"><span class='ocrx_word' id='word_1_294' title='bbox 0 0 1562 5392; x_wconf 95' lang='lat' dir='ltr'> </span> 
     </span>
    </p>
   </div>
  </div>
 </body>
</html>
