<?xml version="1.0" encoding="UTF-8"?>
<!DOCTYPE html PUBLIC "-//W3C//DTD XHTML 1.0 Transitional//EN"
    "http://www.w3.org/TR/xhtml1/DTD/xhtml1-transitional.dtd">
<html xmlns="http://www.w3.org/1999/xhtml" xml:lang="en" lang="en">
 <head>
  <title>
</title>
<meta http-equiv="Content-Type" content="text/html;charset=utf-8" />
  <meta name='ocr-system' content='tesseract 3.04.00' />
  <meta name='ocr-capabilities' content='ocr_page ocr_carea ocr_par ocr_line ocrx_word'/>
</head>
<body>
  <div class='ocr_page' id='page_1' title='image "./sbrkapramenprva01kingoog/sbrkapramenprva01kingoog_0614.png"; bbox 0 0 3098 5392; ppageno 0'>
   <div class='ocr_carea' id='block_1_1' title="bbox 841 456 918 506">
    <p class='ocr_par' dir='ltr' id='par_1_1' title="bbox 841 456 918 506">
     <span class='ocr_line' id='line_1_1' title="bbox 841 456 918 506; baseline -0.026 0"><span class='ocrx_word' id='word_1_1' title='bbox 841 456 918 506; x_wconf 71' lang='grc'><strong>1362.</strong></span> 
     </span>
    </p>
   </div>
   <div class='ocr_carea' id='block_1_2' title="bbox 536 681 1197 940">
    <p class='ocr_par' dir='ltr' id='par_1_2' title="bbox 536 681 1197 940">
     <span class='ocr_line' id='line_1_2' title="bbox 788 681 950 766; baseline -0.006 -2"><span class='ocrx_word' id='word_1_2' title='bbox 788 681 852 764; x_wconf 80' lang='lat' dir='ltr'><strong>de.</strong></span> <span class='ocrx_word' id='word_1_3' title='bbox 875 700 950 766; x_wconf 88' lang='lat'>400.</span> 
     </span>
     <span class='ocr_line' id='line_1_3' title="bbox 536 852 1197 940; baseline -0.002 -19"><span class='ocrx_word' id='word_1_4' title='bbox 536 853 637 934; x_wconf 75' lang='lat'><strong>1362,</strong></span> <span class='ocrx_word' id='word_1_5' title='bbox 660 852 682 921; x_wconf 89' lang='grc'>8</span> <span class='ocrx_word' id='word_1_6' title='bbox 704 854 908 940; x_wconf 83' lang='lat' dir='ltr'><strong>listopadu.</strong></span> <span class='ocrx_word' id='word_1_7' title='bbox 930 853 964 923; x_wconf 83' lang='lat' dir='ltr'>V</span> <span class='ocrx_word' id='word_1_8' title='bbox 987 852 1197 938; x_wconf 76' lang='lat' dir='ltr'><strong>Arignond.</strong></span> 
     </span>
    </p>
   </div>
   <div class='ocr_carea' id='block_1_3' title="bbox 136 1024 1497 1566">
    <p class='ocr_par' dir='ltr' id='par_1_3' title="bbox 136 1024 1497 1566">
     <span class='ocr_line' id='line_1_4' title="bbox 218 1024 1496 1114; baseline -0.005 -17"><span class='ocrx_word' id='word_1_9' title='bbox 218 1032 324 1114; x_wconf 75' lang='lat' dir='ltr'><strong>Popei</strong></span> <span class='ocrx_word' id='word_1_10' title='bbox 341 1069 343 1073; x_wconf 33' lang='grc' dir='ltr'><em>ν</em></span> <span class='ocrx_word' id='word_1_11' title='bbox 362 1029 472 1096; x_wconf 83' lang='lat' dir='ltr'><strong>Urhon</strong></span> <span class='ocrx_word' id='word_1_12' title='bbox 501 1028 532 1092; x_wconf 92' lang='lat' dir='ltr'><strong><em>V</em></strong></span> <span class='ocrx_word' id='word_1_13' title='bbox 556 1049 601 1094; x_wconf 79' lang='lat' dir='ltr'><strong>no</strong></span> <span class='ocrx_word' id='word_1_14' title='bbox 633 1028 743 1095; x_wconf 75' lang='lat' dir='ltr'><strong>iddost</strong></span> <span class='ocrx_word' id='word_1_15' title='bbox 777 1027 981 1110; x_wconf 73' lang='lat' dir='ltr'><strong>arctoiskopa</strong></span> <span class='ocrx_word' id='word_1_16' title='bbox 1003 1025 1183 1094; x_wconf 67' lang='lat' dir='ltr'><strong>Prmsktto</strong></span> <span class='ocrx_word' id='word_1_17' title='bbox 1205 1026 1349 1093; x_wconf 70' lang='lat' dir='ltr'><strong>Anasta</strong></span> <span class='ocrx_word' id='word_1_18' title='bbox 1364 1024 1496 1109; x_wconf 69' lang='lat' dir='ltr'><strong>pooyiujc</strong></span> 
     </span>
     <span class='ocr_line' id='line_1_5' title="bbox 211 1138 1494 1231; baseline -0.007 -21"><span class='ocrx_word' id='word_1_19' title='bbox 211 1145 314 1231; x_wconf 77' lang='lat' dir='ltr'><strong>sorni</strong></span> <span class='ocrx_word' id='word_1_20' title='bbox 340 1141 437 1209; x_wconf 69' lang='lat' dir='ltr'><strong>roeo</strong></span> <span class='ocrx_word' id='word_1_21' title='bbox 467 1140 710 1223; x_wconf 77' lang='lat' dir='ltr'><strong>oRolcyconech</strong></span> <span class='ocrx_word' id='word_1_22' title='bbox 741 1163 786 1207; x_wconf 83' lang='lat' dir='ltr'><strong>no</strong></span> <span class='ocrx_word' id='word_1_23' title='bbox 807 1140 999 1224; x_wconf 75' lang='lat' dir='ltr'><strong>lcoliepidtnt,</strong></span> <span class='ocrx_word' id='word_1_24' title='bbox 1026 1139 1084 1204; x_wconf 83' lang='lat' dir='ltr'><strong>talc</strong></span> <span class='ocrx_word' id='word_1_25' title='bbox 1106 1140 1168 1223; x_wconf 73' lang='lat' dir='ltr'><strong>obp</strong></span> <span class='ocrx_word' id='word_1_26' title='bbox 1189 1139 1210 1204; x_wconf 79' lang='lat' dir='ltr'><em>k</em></span> <span class='ocrx_word' id='word_1_27' title='bbox 1229 1143 1326 1206; x_wconf 64' lang='grc' dir='ltr'><strong>κέων</strong></span> <span class='ocrx_word' id='word_1_28' title='bbox 1341 1138 1494 1222; x_wconf 73' lang='lat' dir='ltr'><strong>prodesto</strong></span> 
     </span>
     <span class='ocr_line' id='line_1_6' title="bbox 211 1247 1496 1342; baseline -0.004 -20"><span class='ocrx_word' id='word_1_29' title='bbox 211 1262 269 1342; x_wconf 67' lang='lat' dir='ltr'><strong>pit</strong></span> <span class='ocrx_word' id='word_1_30' title='bbox 301 1253 483 1323; x_wconf 70' lang='lat' dir='ltr'><strong>iacentia</strong></span> <span class='ocrx_word' id='word_1_31' title='bbox 515 1254 619 1321; x_wconf 70' lang='lat' dir='ltr'><strong>iehole</strong></span> <span class='ocrx_word' id='word_1_32' title='bbox 653 1278 698 1321; x_wconf 83' lang='lat' dir='ltr'><strong>so.</strong></span> <span class='ocrx_word' id='word_1_33' title='bbox 721 1255 905 1338; x_wconf 75' lang='lat' dir='ltr'><strong>Augustino</strong></span> <span class='ocrx_word' id='word_1_34' title='bbox 937 1254 1044 1339; x_wconf 58' lang='lat' dir='ltr'><strong>ideali</strong></span> <span class='ocrx_word' id='word_1_35' title='bbox 1076 1252 1277 1330; x_wconf 73' lang='lat' dir='ltr'><strong>doaoeoodas‘,</strong></span> <span class='ocrx_word' id='word_1_36' title='bbox 1300 1251 1364 1336; x_wconf 75' lang='lat' dir='ltr'><strong>jak</strong></span> <span class='ocrx_word' id='word_1_37' title='bbox 1382 1253 1421 1318; x_wconf 75' lang='lat' dir='ltr'><strong>sci</strong></span> <span class='ocrx_word' id='word_1_38' title='bbox 1440 1247 1496 1316; x_wconf 70' lang='lat' dir='ltr'><strong>tait</strong></span> 
     </span>
     <span class='ocr_line' id='line_1_7' title="bbox 136 1366 1497 1461; baseline -0.006 -22"><span class='ocrx_word' id='word_1_39' title='bbox 136 1370 139 1375; x_wconf 80' lang='grc'><strong>’</strong></span> <span class='ocrx_word' id='word_1_40' title='bbox 213 1370 410 1461; x_wconf 75' lang='lat' dir='ltr'><strong>pr&#39;edehddce</strong></span> <span class='ocrx_word' id='word_1_41' title='bbox 423 1367 508 1453; x_wconf 77' lang='lat' dir='ltr'><strong>jede,</strong></span> <span class='ocrx_word' id='word_1_42' title='bbox 525 1369 631 1451; x_wconf 77' lang='lat' dir='ltr'><strong>popei</strong></span> <span class='ocrx_word' id='word_1_43' title='bbox 652 1370 803 1433; x_wconf 81' lang='lat' dir='ltr'><strong>Innocenc</strong></span> <span class='ocrx_word' id='word_1_44' title='bbox 833 1368 883 1444; x_wconf 90' lang='lat' dir='ltr'><strong>VI,</strong></span> <span class='ocrx_word' id='word_1_45' title='bbox 914 1366 1033 1435; x_wconf 75' lang='lat' dir='ltr'><strong>como</strong></span> <span class='ocrx_word' id='word_1_46' title='bbox 1062 1366 1114 1450; x_wconf 79' lang='lat' dir='ltr'><strong>hyl</strong></span> <span class='ocrx_word' id='word_1_47' title='bbox 1143 1367 1200 1434; x_wconf 76' lang='lat' dir='ltr'><strong>dol</strong></span> <span class='ocrx_word' id='word_1_48' title='bbox 1223 1367 1352 1432; x_wconf 74' lang='lat' dir='ltr'><strong>sceleri.</strong></span> <span class='ocrx_word' id='word_1_49' title='bbox 1396 1367 1497 1432; x_wconf 85' lang='lat' dir='ltr'><strong>Datum</strong></span> 
     </span>
     <span class='ocr_line' id='line_1_8' title="bbox 289 1481 1438 1566; baseline -0.004 -15"><span class='ocrx_word' id='word_1_50' title='bbox 289 1485 453 1551; x_wconf 82' lang='lat' dir='ltr'><strong>Aninione</strong></span> <span class='ocrx_word' id='word_1_51' title='bbox 474 1482 520 1548; x_wconf 86' lang='lat' dir='ltr'><strong>VI</strong></span> <span class='ocrx_word' id='word_1_52' title='bbox 542 1482 616 1549; x_wconf 90' lang='lat' dir='ltr'><strong>idus</strong></span> <span class='ocrx_word' id='word_1_53' title='bbox 637 1483 841 1565; x_wconf 88' lang='lat' dir='ltr'><strong>Nouembris,</strong></span> <span class='ocrx_word' id='word_1_54' title='bbox 864 1483 1071 1566; x_wconf 84' lang='lat' dir='ltr'><strong>pontificatus</strong></span> <span class='ocrx_word' id='word_1_55' title='bbox 1093 1483 1198 1549; x_wconf 83' lang='lat' dir='ltr'><strong>nostri</strong></span> <span class='ocrx_word' id='word_1_56' title='bbox 1219 1500 1305 1548; x_wconf 81' lang='lat' dir='ltr'><strong>anno</strong></span> <span class='ocrx_word' id='word_1_57' title='bbox 1328 1481 1438 1564; x_wconf 88' lang='lat' dir='ltr'><strong>primo.</strong></span> 
     </span>
    </p>
   </div>
   <div class='ocr_carea' id='block_1_4' title="bbox 216 1649 1543 3738">
    <p class='ocr_par' dir='ltr' id='par_1_4' title="bbox 216 1649 1543 3738">
     <span class='ocr_line' id='line_1_9' title="bbox 320 1649 1497 1727; baseline -0.007 -16"><span class='ocrx_word' id='word_1_58' title='bbox 320 1657 392 1726; x_wconf 89' lang='lat' dir='ltr'><strong>Orig.</strong></span> <span class='ocrx_word' id='word_1_59' title='bbox 409 1671 485 1727; x_wconf 88' lang='lat' dir='ltr'><strong>perg.</strong></span> <span class='ocrx_word' id='word_1_60' title='bbox 504 1670 520 1707; x_wconf 82' lang='lat' dir='ltr'>v</span> <span class='ocrx_word' id='word_1_61' title='bbox 539 1653 650 1710; x_wconf 85' lang='lat' dir='ltr'><strong>arehiru</strong></span> <span class='ocrx_word' id='word_1_62' title='bbox 669 1653 794 1725; x_wconf 80' lang='lat' dir='ltr'><strong>kapitoly</strong></span> <span class='ocrx_word' id='word_1_63' title='bbox 810 1654 933 1710; x_wconf 73' lang='lat' dir='ltr'><strong>Pradslre</strong></span> <span class='ocrx_word' id='word_1_64' title='bbox 951 1655 1020 1725; x_wconf 89' lang='lat' dir='ltr'><strong>sign.</strong></span> <span class='ocrx_word' id='word_1_65' title='bbox 1039 1653 1114 1721; x_wconf 83' lang='lat' dir='ltr'><strong>XIII,</strong></span> <span class='ocrx_word' id='word_1_66' title='bbox 1132 1659 1157 1708; x_wconf 64' lang='lat' dir='ltr'><strong>t</strong></span> <span class='ocrx_word' id='word_1_67' title='bbox 1177 1683 1211 1693; x_wconf 88' lang='lat'>-</span> <span class='ocrx_word' id='word_1_68' title='bbox 1230 1652 1248 1707; x_wconf 88' lang='lat' dir='ltr'>S</span> <span class='ocrx_word' id='word_1_69' title='bbox 1264 1652 1402 1708; x_wconf 77' lang='lat' dir='ltr'><strong>olovdnou</strong></span> <span class='ocrx_word' id='word_1_70' title='bbox 1417 1649 1497 1706; x_wconf 85' lang='lat' dir='ltr'><strong>bulon</strong></span> 
     </span>
     <span class='ocr_line' id='line_1_10' title="bbox 216 1745 1499 1827; baseline 0 -19"><span class='ocrx_word' id='word_1_71' title='bbox 216 1754 380 1827; x_wconf 80' lang='lat' dir='ltr'><strong>papeiskou</strong></span> <span class='ocrx_word' id='word_1_72' title='bbox 397 1768 435 1807; x_wconf 89' lang='lat' dir='ltr'><strong>na</strong></span> <span class='ocrx_word' id='word_1_73' title='bbox 451 1749 638 1819; x_wconf 74' lang='lat' dir='ltr'><strong>hedvdhnych</strong></span> <span class='ocrx_word' id='word_1_74' title='bbox 657 1749 742 1804; x_wconf 85' lang='lat' dir='ltr'><strong>nitich</strong></span> <span class='ocrx_word' id='word_1_75' title='bbox 762 1751 848 1820; x_wconf 73' lang='lat' dir='ltr'><strong>barry</strong></span> <span class='ocrx_word' id='word_1_76' title='bbox 872 1751 988 1805; x_wconf 73' lang='lat' dir='ltr'><strong>iernene</strong></span> <span class='ocrx_word' id='word_1_77' title='bbox 1013 1766 1030 1804; x_wconf 80' lang='lat' dir='ltr'><strong>a</strong></span> <span class='ocrx_word' id='word_1_78' title='bbox 1051 1751 1125 1805; x_wconf 77' lang='lat' dir='ltr'><strong>ilntd</strong></span> <span class='ocrx_word' id='word_1_79' title='bbox 1147 1748 1325 1820; x_wconf 73' lang='lat' dir='ltr'><strong>pilrdienou.</strong></span> <span class='ocrx_word' id='word_1_80' title='bbox 1352 1779 1387 1789; x_wconf 89' lang='lat'>-</span> <span class='ocrx_word' id='word_1_81' title='bbox 1409 1745 1499 1808; x_wconf 76' lang='lat' dir='ltr'><strong>aeliu</strong></span> 
     </span>
     <span class='ocr_line' id='line_1_11' title="bbox 217 1841 1501 1917; baseline -0.005 -13"><span class='ocrx_word' id='word_1_82' title='bbox 217 1850 397 1904; x_wconf 87' lang='lat' dir='ltr'><strong>Miscellanea</strong></span> <span class='ocrx_word' id='word_1_83' title='bbox 415 1846 481 1901; x_wconf 84' lang='lat' dir='ltr'><strong>Dec</strong></span> <span class='ocrx_word' id='word_1_84' title='bbox 500 1846 521 1899; x_wconf 89' lang='grc' dir='ltr'><strong>Ι.</strong></span> <span class='ocrx_word' id='word_1_85' title='bbox 539 1846 600 1900; x_wconf 87' lang='lat' dir='ltr'>Lib.</span> <span class='ocrx_word' id='word_1_86' title='bbox 613 1846 650 1899; x_wconf 89' lang='lat' dir='ltr'><strong>VI</strong></span> <span class='ocrx_word' id='word_1_87' title='bbox 663 1853 712 1901; x_wconf 89' lang='lat' dir='ltr'><strong>str.</strong></span> <span class='ocrx_word' id='word_1_88' title='bbox 724 1852 766 1901; x_wconf 82' lang='grc'><strong>93.</strong></span> <span class='ocrx_word' id='word_1_89' title='bbox 785 1877 819 1887; x_wconf 91' lang='lat'><em>-</em></span> <span class='ocrx_word' id='word_1_90' title='bbox 837 1845 954 1917; x_wconf 76' lang='lat' dir='ltr'><strong>Borovy,</strong></span> <span class='ocrx_word' id='word_1_91' title='bbox 974 1846 1051 1901; x_wconf 85' lang='lat' dir='ltr'><strong>Libri</strong></span> <span class='ocrx_word' id='word_1_92' title='bbox 1065 1845 1233 1901; x_wconf 80' lang='lat' dir='ltr'><strong>erectionem</strong></span> <span class='ocrx_word' id='word_1_93' title='bbox 1244 1843 1267 1899; x_wconf 91' lang='lat' dir='ltr'><strong>I.</strong></span> <span class='ocrx_word' id='word_1_94' title='bbox 1280 1851 1331 1901; x_wconf 83' lang='lat' dir='ltr'><strong>stt.</strong></span> <span class='ocrx_word' id='word_1_95' title='bbox 1342 1849 1386 1899; x_wconf 61' lang='grc'><strong>44,</strong></span> <span class='ocrx_word' id='word_1_96' title='bbox 1395 1873 1432 1885; x_wconf 90' lang='lat'>-</span> <span class='ocrx_word' id='word_1_97' title='bbox 1440 1841 1501 1898; x_wconf 77' lang='lat' dir='ltr'><strong>Arsi·</strong></span> 
     </span>
     <span class='ocr_line' id='line_1_12' title="bbox 216 1939 1501 2013; baseline -0.007 -14"><span class='ocrx_word' id='word_1_98' title='bbox 216 1944 319 2013; x_wconf 86' lang='lat' dir='ltr'><strong>biskup</strong></span> <span class='ocrx_word' id='word_1_99' title='bbox 345 1941 451 1997; x_wconf 86' lang='lat' dir='ltr'><strong>Arnoit</strong></span> <span class='ocrx_word' id='word_1_100' title='bbox 476 1958 514 1997; x_wconf 88' lang='lat' dir='ltr'><strong>ne</strong></span> <span class='ocrx_word' id='word_1_101' title='bbox 536 1940 653 1996; x_wconf 76' lang='lat' dir='ltr'><strong>ztlrladd</strong></span> <span class='ocrx_word' id='word_1_102' title='bbox 675 1943 733 1996; x_wconf 71' lang='lat' dir='ltr'><strong>teto</strong></span> <span class='ocrx_word' id='word_1_103' title='bbox 757 1941 833 2011; x_wconf 81' lang='lat' dir='ltr'><strong>bully</strong></span> <span class='ocrx_word' id='word_1_104' title='bbox 855 1941 998 2012; x_wconf 80' lang='lat' dir='ltr'><strong>papeislrd</strong></span> <span class='ocrx_word' id='word_1_105' title='bbox 1023 1944 1105 1995; x_wconf 70' lang='lat' dir='ltr'><strong>liutem</strong></span> <span class='ocrx_word' id='word_1_106' title='bbox 1122 1944 1148 1996; x_wconf 86' lang='lat' dir='ltr'><strong>d.</strong></span> <span class='ocrx_word' id='word_1_107' title='bbox 1167 1961 1183 1994; x_wconf 85' lang='lat' dir='ltr'><strong>o</strong></span> <span class='ocrx_word' id='word_1_108' title='bbox 1198 1941 1278 1995; x_wconf 73' lang='lat' dir='ltr'><strong>Prone</strong></span> <span class='ocrx_word' id='word_1_109' title='bbox 1297 1945 1333 1994; x_wconf 81' lang='lat'><strong>18</strong></span> <span class='ocrx_word' id='word_1_110' title='bbox 1349 1959 1432 2009; x_wconf 72' lang='lat' dir='ltr'><strong>ripae</strong></span> <span class='ocrx_word' id='word_1_111' title='bbox 1449 1939 1501 1991; x_wconf 73' lang='lat'><strong>136³</strong></span> 
     </span>
     <span class='ocr_line' id='line_1_13' title="bbox 216 2032 1501 2109; baseline -0.006 -15"><span class='ocrx_word' id='word_1_112' title='bbox 216 2040 290 2094; x_wconf 82' lang='lat' dir='ltr'><strong>sarni</strong></span> <span class='ocrx_word' id='word_1_113' title='bbox 308 2038 400 2093; x_wconf 81' lang='lat' dir='ltr'><strong>kostel</strong></span> <span class='ocrx_word' id='word_1_114' title='bbox 411 2036 599 2109; x_wconf 73' lang='lat' dir='ltr'><strong>Rolrycanslry</strong></span> <span class='ocrx_word' id='word_1_115' title='bbox 612 2053 648 2092; x_wconf 83' lang='lat' dir='ltr'><strong>na</strong></span> <span class='ocrx_word' id='word_1_116' title='bbox 660 2038 821 2107; x_wconf 77' lang='lat' dir='ltr'><strong>lrollegittni</strong></span> <span class='ocrx_word' id='word_1_117' title='bbox 833 2038 950 2109; x_wconf 72' lang='lat' dir='ltr'><strong>povyiil,</strong></span> <span class='ocrx_word' id='word_1_118' title='bbox 968 2037 1130 2107; x_wconf 73' lang='lat' dir='ltr'><strong>dolrltdaje:</strong></span> <span class='ocrx_word' id='word_1_119' title='bbox 1151 2037 1225 2104; x_wconf 80' lang='lat' dir='ltr'><strong>,Nos</strong></span> <span class='ocrx_word' id='word_1_120' title='bbox 1237 2053 1305 2092; x_wconf 80' lang='lat' dir='ltr'><strong>vero</strong></span> <span class='ocrx_word' id='word_1_121' title='bbox 1317 2037 1399 2092; x_wconf 87' lang='lat' dir='ltr'><strong>dietis</strong></span> <span class='ocrx_word' id='word_1_122' title='bbox 1416 2032 1501 2090; x_wconf 88' lang='lat' dir='ltr'><strong>litteris</strong></span> 
     </span>
     <span class='ocr_line' id='line_1_14' title="bbox 217 2131 1500 2204; baseline -0.006 -16"><span class='ocrx_word' id='word_1_123' title='bbox 217 2133 337 2203; x_wconf 80' lang='lat' dir='ltr'><strong>receptis</strong></span> <span class='ocrx_word' id='word_1_124' title='bbox 356 2139 384 2186; x_wconf 87' lang='lat' dir='ltr'><strong>et</strong></span> <span class='ocrx_word' id='word_1_125' title='bbox 402 2147 495 2188; x_wconf 83' lang='lat' dir='ltr'><strong>earum</strong></span> <span class='ocrx_word' id='word_1_126' title='bbox 513 2138 610 2187; x_wconf 88' lang='lat' dir='ltr'><strong>tenore</strong></span> <span class='ocrx_word' id='word_1_127' title='bbox 628 2132 811 2200; x_wconf 87' lang='lat' dir='ltr'><strong>considerato,</strong></span> <span class='ocrx_word' id='word_1_128' title='bbox 840 2134 997 2204; x_wconf 87' lang='lat' dir='ltr'><strong>sapientum</strong></span> <span class='ocrx_word' id='word_1_129' title='bbox 1024 2133 1139 2189; x_wconf 89' lang='lat' dir='ltr'><strong>consilio</strong></span> <span class='ocrx_word' id='word_1_130' title='bbox 1158 2132 1315 2203; x_wconf 77' lang='lat' dir='ltr'><strong>prehabito,</strong></span> <span class='ocrx_word' id='word_1_131' title='bbox 1332 2131 1368 2189; x_wconf 87' lang='lat' dir='ltr'><strong>ad</strong></span> <span class='ocrx_word' id='word_1_132' title='bbox 1385 2131 1500 2187; x_wconf 87' lang='lat' dir='ltr'><strong>honorem</strong></span> 
     </span>
     <span class='ocr_line' id='line_1_15' title="bbox 217 2226 1503 2298; baseline -0.003 -15"><span class='ocrx_word' id='word_1_133' title='bbox 217 2229 270 2283; x_wconf 91' lang='lat' dir='ltr'><strong>Dei</strong></span> <span class='ocrx_word' id='word_1_134' title='bbox 290 2228 487 2298; x_wconf 87' lang='lat' dir='ltr'><strong>omnipotentis</strong></span> <span class='ocrx_word' id='word_1_135' title='bbox 507 2233 534 2283; x_wconf 89' lang='lat' dir='ltr'><strong>et</strong></span> <span class='ocrx_word' id='word_1_136' title='bbox 552 2228 671 2296; x_wconf 82' lang='lat' dir='ltr'><strong>gloriose</strong></span> <span class='ocrx_word' id='word_1_137' title='bbox 682 2228 795 2298; x_wconf 76' lang='lat' dir='ltr'><strong>virginis</strong></span> <span class='ocrx_word' id='word_1_138' title='bbox 813 2230 909 2284; x_wconf 85' lang='lat' dir='ltr'><strong>matris</strong></span> <span class='ocrx_word' id='word_1_139' title='bbox 923 2230 983 2285; x_wconf 89' lang='lat' dir='ltr'><strong>eius</strong></span> <span class='ocrx_word' id='word_1_140' title='bbox 995 2229 1084 2285; x_wconf 76' lang='lat' dir='ltr'><strong>Marde</strong></span> <span class='ocrx_word' id='word_1_141' title='bbox 1102 2234 1130 2283; x_wconf 88' lang='lat' dir='ltr'><strong>et</strong></span> <span class='ocrx_word' id='word_1_142' title='bbox 1147 2226 1274 2283; x_wconf 85' lang='lat' dir='ltr'><strong>Omuium</strong></span> <span class='ocrx_word' id='word_1_143' title='bbox 1288 2234 1503 2297; x_wconf 77' lang='lat' dir='ltr'><strong>sanctorumpre</strong></span> 
     </span>
     <span class='ocr_line' id='line_1_16' title="bbox 221 2322 1504 2397; baseline 0 -19"><span class='ocrx_word' id='word_1_144' title='bbox 221 2324 322 2380; x_wconf 88' lang='lat' dir='ltr'><strong>dictam</strong></span> <span class='ocrx_word' id='word_1_145' title='bbox 341 2324 485 2379; x_wconf 78' lang='lat' dir='ltr'><strong>ecclesiam</strong></span> <span class='ocrx_word' id='word_1_146' title='bbox 510 2323 710 2394; x_wconf 70' lang='lat' dir='ltr'><strong>parrochialem</strong></span> <span class='ocrx_word' id='word_1_147' title='bbox 729 2325 757 2379; x_wconf 92' lang='lat' dir='ltr'><strong>in</strong></span> <span class='ocrx_word' id='word_1_148' title='bbox 775 2324 942 2396; x_wconf 79' lang='lat' dir='ltr'><strong>Rokycaeno</strong></span> <span class='ocrx_word' id='word_1_149' title='bbox 959 2326 988 2381; x_wconf 92' lang='lat' dir='ltr'><strong>iu</strong></span> <span class='ocrx_word' id='word_1_150' title='bbox 1006 2325 1158 2397; x_wconf 85' lang='lat' dir='ltr'><strong>regularem</strong></span> <span class='ocrx_word' id='word_1_151' title='bbox 1177 2330 1205 2378; x_wconf 86' lang='lat' dir='ltr'><strong>et</strong></span> <span class='ocrx_word' id='word_1_152' title='bbox 1223 2322 1436 2380; x_wconf 68' lang='lat' dir='ltr'><strong>conuentuelem</strong></span> <span class='ocrx_word' id='word_1_153' title='bbox 1454 2335 1504 2391; x_wconf 68' lang='lat' dir='ltr'><strong>pre</strong></span> 
     </span>
     <span class='ocr_line' id='line_1_17' title="bbox 221 2415 1504 2492; baseline -0.003 -17"><span class='ocrx_word' id='word_1_154' title='bbox 221 2421 371 2492; x_wconf 84' lang='lat' dir='ltr'><strong>positatnm</strong></span> <span class='ocrx_word' id='word_1_155' title='bbox 391 2420 528 2475; x_wconf 83' lang='lat' dir='ltr'><strong>ereximus</strong></span> <span class='ocrx_word' id='word_1_156' title='bbox 548 2426 575 2475; x_wconf 92' lang='lat' dir='ltr'><strong>et</strong></span> <span class='ocrx_word' id='word_1_157' title='bbox 593 2421 755 2489; x_wconf 84' lang='lat' dir='ltr'><strong>creauimus,</strong></span> <span class='ocrx_word' id='word_1_158' title='bbox 774 2428 802 2476; x_wconf 91' lang='lat' dir='ltr'><strong>et</strong></span> <span class='ocrx_word' id='word_1_159' title='bbox 821 2422 951 2492; x_wconf 79' lang='lat' dir='ltr'><strong>erigimus</strong></span> <span class='ocrx_word' id='word_1_160' title='bbox 971 2429 998 2477; x_wconf 91' lang='lat' dir='ltr'><strong>et</strong></span> <span class='ocrx_word' id='word_1_161' title='bbox 1016 2436 1149 2489; x_wconf 86' lang='lat' dir='ltr'><strong>creamus,</strong></span> <span class='ocrx_word' id='word_1_162' title='bbox 1170 2436 1203 2476; x_wconf 85' lang='lat' dir='ltr'><strong>ae</strong></span> <span class='ocrx_word' id='word_1_163' title='bbox 1219 2420 1250 2475; x_wconf 91' lang='lat' dir='ltr'><strong>in</strong></span> <span class='ocrx_word' id='word_1_164' title='bbox 1268 2435 1304 2475; x_wconf 85' lang='lat' dir='ltr'><strong>ea</strong></span> <span class='ocrx_word' id='word_1_165' title='bbox 1321 2415 1504 2475; x_wconf 79' lang='lat' dir='ltr'><strong>instituendum</strong></span> 
     </span>
     <span class='ocr_line' id='line_1_18' title="bbox 220 2511 1505 2586; baseline -0.003 -15"><span class='ocrx_word' id='word_1_166' title='bbox 220 2516 348 2571; x_wconf 81' lang='lat' dir='ltr'><strong>duximus</strong></span> <span class='ocrx_word' id='word_1_167' title='bbox 368 2523 395 2571; x_wconf 90' lang='lat' dir='ltr'><strong>et</strong></span> <span class='ocrx_word' id='word_1_168' title='bbox 412 2517 583 2572; x_wconf 85' lang='lat' dir='ltr'><strong>instituimus</strong></span> <span class='ocrx_word' id='word_1_169' title='bbox 602 2524 769 2572; x_wconf 88' lang='lat' dir='ltr'><strong>conuentum</strong></span> <span class='ocrx_word' id='word_1_170' title='bbox 789 2534 838 2574; x_wconf 83' lang='lat' dir='ltr'><strong>sex</strong></span> <span class='ocrx_word' id='word_1_171' title='bbox 857 2519 1051 2575; x_wconf 81' lang='lat' dir='ltr'><strong>canonicorum</strong></span> <span class='ocrx_word' id='word_1_172' title='bbox 1073 2517 1178 2573; x_wconf 86' lang='lat' dir='ltr'><strong>ordinis</strong></span> <span class='ocrx_word' id='word_1_173' title='bbox 1196 2516 1288 2572; x_wconf 84' lang='lat' dir='ltr'><strong>sancti</strong></span> <span class='ocrx_word' id='word_1_174' title='bbox 1306 2513 1460 2586; x_wconf 79' lang='lat' dir='ltr'><strong>Augustini,</strong></span> <span class='ocrx_word' id='word_1_175' title='bbox 1474 2511 1505 2566; x_wconf 84' lang='lat' dir='ltr'><strong>sit</strong></span> 
     </span>
     <span class='ocr_line' id='line_1_19' title="bbox 218 2611 1505 2684; baseline -0.003 -17"><span class='ocrx_word' id='word_1_176' title='bbox 218 2612 291 2683; x_wconf 89' lang='lat' dir='ltr'><strong>quod</strong></span> <span class='ocrx_word' id='word_1_177' title='bbox 313 2628 383 2668; x_wconf 84' lang='lat' dir='ltr'><strong>vnus</strong></span> <span class='ocrx_word' id='word_1_178' title='bbox 403 2629 436 2667; x_wconf 87' lang='lat' dir='ltr'><strong>ex</strong></span> <span class='ocrx_word' id='word_1_179' title='bbox 455 2613 494 2667; x_wconf 90' lang='lat' dir='ltr'><strong>eis</strong></span> <span class='ocrx_word' id='word_1_180' title='bbox 514 2612 551 2666; x_wconf 83' lang='lat' dir='ltr'><strong>sit</strong></span> <span class='ocrx_word' id='word_1_181' title='bbox 568 2613 736 2683; x_wconf 88' lang='lat' dir='ltr'><strong>prepositus,</strong></span> <span class='ocrx_word' id='word_1_182' title='bbox 764 2614 811 2684; x_wconf 89' lang='lat' dir='ltr'><strong>qui</strong></span> <span class='ocrx_word' id='word_1_183' title='bbox 836 2614 897 2670; x_wconf 85' lang='lat' dir='ltr'><strong>aliis</strong></span> <span class='ocrx_word' id='word_1_184' title='bbox 914 2629 1030 2684; x_wconf 85' lang='lat' dir='ltr'><strong>preesse</strong></span> <span class='ocrx_word' id='word_1_185' title='bbox 1052 2613 1151 2669; x_wconf 80' lang='lat' dir='ltr'><strong>debeat</strong></span> <span class='ocrx_word' id='word_1_186' title='bbox 1176 2617 1204 2668; x_wconf 87' lang='lat' dir='ltr'><strong>ot</strong></span> <span class='ocrx_word' id='word_1_187' title='bbox 1227 2612 1327 2683; x_wconf 83' lang='lat' dir='ltr'><strong>presit,</strong></span> <span class='ocrx_word' id='word_1_188' title='bbox 1348 2617 1378 2666; x_wconf 85' lang='lat' dir='ltr'><strong>et</strong></span> <span class='ocrx_word' id='word_1_189' title='bbox 1398 2611 1505 2681; x_wconf 81' lang='lat' dir='ltr'><strong>ipsorum</strong></span> 
     </span>
     <span class='ocr_line' id='line_1_20' title="bbox 218 2706 1504 2778; baseline -0.002 -15"><span class='ocrx_word' id='word_1_190' title='bbox 218 2725 310 2764; x_wconf 90' lang='lat' dir='ltr'><strong>curam</strong></span> <span class='ocrx_word' id='word_1_191' title='bbox 329 2723 425 2778; x_wconf 81' lang='lat' dir='ltr'><strong>gerere</strong></span> <span class='ocrx_word' id='word_1_192' title='bbox 444 2706 544 2762; x_wconf 83' lang='lat' dir='ltr'><strong>debeat</strong></span> <span class='ocrx_word' id='word_1_193' title='bbox 563 2714 590 2762; x_wconf 89' lang='lat' dir='ltr'><strong>et</strong></span> <span class='ocrx_word' id='word_1_194' title='bbox 609 2715 685 2778; x_wconf 87' lang='lat' dir='ltr'><strong>gerat</strong></span> <span class='ocrx_word' id='word_1_195' title='bbox 704 2709 865 2775; x_wconf 84' lang='lat' dir='ltr'><strong>animarum,</strong></span> <span class='ocrx_word' id='word_1_196' title='bbox 890 2715 917 2763; x_wconf 91' lang='lat' dir='ltr'><strong>et</strong></span> <span class='ocrx_word' id='word_1_197' title='bbox 944 2709 1014 2764; x_wconf 83' lang='lat' dir='ltr'><strong>alius</strong></span> <span class='ocrx_word' id='word_1_198' title='bbox 1040 2724 1073 2762; x_wconf 84' lang='lat' dir='ltr'><strong>ex</strong></span> <span class='ocrx_word' id='word_1_199' title='bbox 1098 2706 1179 2763; x_wconf 90' lang='lat' dir='ltr'><strong>dictis</strong></span> <span class='ocrx_word' id='word_1_200' title='bbox 1199 2723 1249 2764; x_wconf 86' lang='lat' dir='ltr'><strong>sex</strong></span> <span class='ocrx_word' id='word_1_201' title='bbox 1267 2707 1411 2764; x_wconf 79' lang='lat' dir='ltr'><strong>canomcis</strong></span> <span class='ocrx_word' id='word_1_202' title='bbox 1427 2718 1504 2761; x_wconf 83' lang='lat' dir='ltr'><strong>curam</strong></span> 
     </span>
     <span class='ocr_line' id='line_1_21' title="bbox 218 2803 1506 2873; baseline -0.002 -13"><span class='ocrx_word' id='word_1_203' title='bbox 218 2805 370 2860; x_wconf 90' lang='lat' dir='ltr'><strong>animarum</strong></span> <span class='ocrx_word' id='word_1_204' title='bbox 390 2804 633 2873; x_wconf 84' lang='lat' dir='ltr'><strong>parrochianornm</strong></span> <span class='ocrx_word' id='word_1_205' title='bbox 653 2804 775 2860; x_wconf 89' lang='lat' dir='ltr'><strong>eiusdem</strong></span> <span class='ocrx_word' id='word_1_206' title='bbox 795 2806 910 2860; x_wconf 87' lang='lat' dir='ltr'><strong>ecclesie</strong></span> <span class='ocrx_word' id='word_1_207' title='bbox 931 2810 1057 2860; x_wconf 85' lang='lat' dir='ltr'><strong>exerceat</strong></span> <span class='ocrx_word' id='word_1_208' title='bbox 1070 2820 1120 2859; x_wconf 89' lang='lat' dir='ltr'><strong>seu</strong></span> <span class='ocrx_word' id='word_1_209' title='bbox 1133 2803 1235 2860; x_wconf 85' lang='lat' dir='ltr'><strong>debeat</strong></span> <span class='ocrx_word' id='word_1_210' title='bbox 1247 2820 1387 2860; x_wconf 87' lang='lat' dir='ltr'><strong>exercere.</strong></span> <span class='ocrx_word' id='word_1_211' title='bbox 1405 2805 1506 2870; x_wconf 78' lang='lat' dir='ltr'><strong>Insuper</strong></span> 
     </span>
     <span class='ocr_line' id='line_1_22' title="bbox 220 2897 1504 2972; baseline -0.004 -19"><span class='ocrx_word' id='word_1_212' title='bbox 220 2898 369 2972; x_wconf 86' lang='lat' dir='ltr'><strong>predictos,</strong></span> <span class='ocrx_word' id='word_1_213' title='bbox 395 2899 538 2953; x_wconf 89' lang='lat' dir='ltr'><strong>ecclesiam</strong></span> <span class='ocrx_word' id='word_1_214' title='bbox 557 2900 756 2970; x_wconf 78' lang='lat' dir='ltr'><strong>parrochialem</strong></span> <span class='ocrx_word' id='word_1_215' title='bbox 779 2901 808 2954; x_wconf 91' lang='lat' dir='ltr'><strong>in</strong></span> <span class='ocrx_word' id='word_1_216' title='bbox 830 2901 996 2971; x_wconf 86' lang='lat' dir='ltr'><strong>Rokyczano</strong></span> <span class='ocrx_word' id='word_1_217' title='bbox 1021 2906 1049 2955; x_wconf 87' lang='lat' dir='ltr'><strong>ct</strong></span> <span class='ocrx_word' id='word_1_218' title='bbox 1071 2900 1195 2956; x_wconf 87' lang='lat' dir='ltr'><strong>redditus</strong></span> <span class='ocrx_word' id='word_1_219' title='bbox 1215 2907 1243 2955; x_wconf 91' lang='lat' dir='ltr'><strong>et</strong></span> <span class='ocrx_word' id='word_1_220' title='bbox 1259 2905 1416 2971; x_wconf 87' lang='lat' dir='ltr'><strong>prouentus</strong></span> <span class='ocrx_word' id='word_1_221' title='bbox 1431 2897 1504 2969; x_wconf 85' lang='lat' dir='ltr'><strong>ipsius</strong></span> 
     </span>
     <span class='ocr_line' id='line_1_23' title="bbox 219 2994 1503 3069; baseline 0.003 -18"><span class='ocrx_word' id='word_1_222' title='bbox 219 2996 333 3051; x_wconf 85' lang='lat' dir='ltr'><strong>ecclesie</strong></span> <span class='ocrx_word' id='word_1_223' title='bbox 344 2994 529 3066; x_wconf 84' lang='lat' dir='ltr'><strong>parrochialis</strong></span> <span class='ocrx_word' id='word_1_224' title='bbox 548 2995 583 3049; x_wconf 86' lang='lat' dir='ltr'><strong>ad</strong></span> <span class='ocrx_word' id='word_1_225' title='bbox 602 3002 735 3051; x_wconf 88' lang='lat' dir='ltr'><strong>rectorem</strong></span> <span class='ocrx_word' id='word_1_226' title='bbox 753 2997 841 3067; x_wconf 89' lang='lat' dir='ltr'><strong>ipsius</strong></span> <span class='ocrx_word' id='word_1_227' title='bbox 858 2997 973 3053; x_wconf 89' lang='lat' dir='ltr'><strong>ecclesie</strong></span> <span class='ocrx_word' id='word_1_228' title='bbox 985 2997 1174 3069; x_wconf 88' lang='lat' dir='ltr'><strong>parrochialis,</strong></span> <span class='ocrx_word' id='word_1_229' title='bbox 1191 2997 1240 3066; x_wconf 89' lang='lat' dir='ltr'><strong>qui</strong></span> <span class='ocrx_word' id='word_1_230' title='bbox 1258 2995 1313 3051; x_wconf 81' lang='lat' dir='ltr'><strong>fuit</strong></span> <span class='ocrx_word' id='word_1_231' title='bbox 1324 3013 1376 3068; x_wconf 89' lang='lat' dir='ltr'><strong>pro</strong></span> <span class='ocrx_word' id='word_1_232' title='bbox 1389 3003 1503 3065; x_wconf 81' lang='lat' dir='ltr'><strong>tempore</strong></span> 
     </span>
     <span class='ocr_line' id='line_1_24' title="bbox 219 3090 1502 3163; baseline 0 -18"><span class='ocrx_word' id='word_1_233' title='bbox 219 3097 387 3162; x_wconf 87' lang='lat' dir='ltr'><strong>spectantes,</strong></span> <span class='ocrx_word' id='word_1_234' title='bbox 406 3090 495 3144; x_wconf 90' lang='lat' dir='ltr'><strong>eidem</strong></span> <span class='ocrx_word' id='word_1_235' title='bbox 509 3091 653 3161; x_wconf 88' lang='lat' dir='ltr'><strong>preposito</strong></span> <span class='ocrx_word' id='word_1_236' title='bbox 670 3098 697 3146; x_wconf 89' lang='lat' dir='ltr'><strong>et</strong></span> <span class='ocrx_word' id='word_1_237' title='bbox 710 3093 859 3147; x_wconf 89' lang='lat' dir='ltr'><strong>conuentui</strong></span> <span class='ocrx_word' id='word_1_238' title='bbox 871 3093 1033 3148; x_wconf 82' lang='lat' dir='ltr'><strong>auctoritate</strong></span> <span class='ocrx_word' id='word_1_239' title='bbox 1046 3093 1199 3163; x_wconf 83' lang='lat' dir='ltr'><strong>apostolica</strong></span> <span class='ocrx_word' id='word_1_240' title='bbox 1212 3091 1375 3163; x_wconf 85' lang='lat' dir='ltr'><strong>supradicta</strong></span> <span class='ocrx_word' id='word_1_241' title='bbox 1386 3091 1502 3147; x_wconf 79' lang='lat' dir='ltr'><strong>rniuimut</strong></span> 
     </span>
     <span class='ocr_line' id='line_1_25' title="bbox 219 3186 1500 3260; baseline -0.001 -19"><span class='ocrx_word' id='word_1_242' title='bbox 219 3195 247 3241; x_wconf 91' lang='lat' dir='ltr'><strong>et</strong></span> <span class='ocrx_word' id='word_1_243' title='bbox 264 3187 380 3253; x_wconf 85' lang='lat' dir='ltr'><strong>ruimus,</strong></span> <span class='ocrx_word' id='word_1_244' title='bbox 399 3187 438 3240; x_wconf 87' lang='lat' dir='ltr'><strong>ita</strong></span> <span class='ocrx_word' id='word_1_245' title='bbox 457 3186 543 3256; x_wconf 91' lang='lat' dir='ltr'><strong>quod,</strong></span> <span class='ocrx_word' id='word_1_246' title='bbox 562 3187 623 3256; x_wconf 92' lang='lat' dir='ltr'><strong>ipso</strong></span> <span class='ocrx_word' id='word_1_247' title='bbox 642 3193 749 3242; x_wconf 87' lang='lat' dir='ltr'><strong>rectore</strong></span> <span class='ocrx_word' id='word_1_248' title='bbox 759 3187 873 3242; x_wconf 88' lang='lat' dir='ltr'><strong>cedente</strong></span> <span class='ocrx_word' id='word_1_249' title='bbox 887 3188 930 3242; x_wconf 87' lang='lat' dir='ltr'><strong>uel</strong></span> <span class='ocrx_word' id='word_1_250' title='bbox 944 3189 1094 3244; x_wconf 86' lang='lat' dir='ltr'><strong>decedente</strong></span> <span class='ocrx_word' id='word_1_251' title='bbox 1107 3195 1155 3244; x_wconf 87' lang='lat' dir='ltr'><strong>eut</strong></span> <span class='ocrx_word' id='word_1_252' title='bbox 1165 3189 1257 3260; x_wconf 88' lang='lat' dir='ltr'><strong>ipsam</strong></span> <span class='ocrx_word' id='word_1_253' title='bbox 1270 3188 1500 3257; x_wconf 74' lang='lat' dir='ltr'><strong>ecclesiampsmr</strong></span> 
     </span>
     <span class='ocr_line' id='line_1_26' title="bbox 218 3280 1498 3354; baseline 0.003 -16"><span class='ocrx_word' id='word_1_254' title='bbox 218 3283 333 3338; x_wconf 87' lang='lat' dir='ltr'><strong>chislem</strong></span> <span class='ocrx_word' id='word_1_255' title='bbox 344 3280 552 3352; x_wconf 87' lang='lat' dir='ltr'><strong>quomodolibet</strong></span> <span class='ocrx_word' id='word_1_256' title='bbox 564 3281 728 3349; x_wconf 90' lang='lat' dir='ltr'><strong>dimittente,</strong></span> <span class='ocrx_word' id='word_1_257' title='bbox 741 3282 805 3338; x_wconf 89' lang='lat' dir='ltr'><strong>dicti</strong></span> <span class='ocrx_word' id='word_1_258' title='bbox 818 3285 979 3354; x_wconf 90' lang='lat' dir='ltr'><strong>prepositus</strong></span> <span class='ocrx_word' id='word_1_259' title='bbox 993 3291 1020 3339; x_wconf 90' lang='lat' dir='ltr'><strong>et</strong></span> <span class='ocrx_word' id='word_1_260' title='bbox 1031 3292 1187 3340; x_wconf 85' lang='lat' dir='ltr'><strong>conuentus</strong></span> <span class='ocrx_word' id='word_1_261' title='bbox 1201 3285 1318 3341; x_wconf 87' lang='lat' dir='ltr'><strong>ecclesie</strong></span> <span class='ocrx_word' id='word_1_262' title='bbox 1330 3301 1364 3340; x_wconf 85' lang='lat' dir='ltr'><strong>ac</strong></span> <span class='ocrx_word' id='word_1_263' title='bbox 1375 3283 1498 3342; x_wconf 72' lang='lat' dir='ltr'><strong>manuue</strong></span> 
     </span>
     <span class='ocr_line' id='line_1_27' title="bbox 219 3376 1494 3452; baseline 0 -18"><span class='ocrx_word' id='word_1_264' title='bbox 219 3378 374 3434; x_wconf 88' lang='lat' dir='ltr'><strong>reddituum</strong></span> <span class='ocrx_word' id='word_1_265' title='bbox 394 3383 421 3432; x_wconf 87' lang='lat' dir='ltr'><strong>et</strong></span> <span class='ocrx_word' id='word_1_266' title='bbox 438 3383 624 3447; x_wconf 84' lang='lat' dir='ltr'><strong>prouentunm</strong></span> <span class='ocrx_word' id='word_1_267' title='bbox 644 3379 800 3433; x_wconf 87' lang='lat' dir='ltr'><strong>eorumdem</strong></span> <span class='ocrx_word' id='word_1_268' title='bbox 823 3381 1039 3450; x_wconf 88' lang='lat' dir='ltr'><strong>possessionem,</strong></span> <span class='ocrx_word' id='word_1_269' title='bbox 1061 3383 1255 3452; x_wconf 89' lang='lat' dir='ltr'><strong>cuiuscumque</strong></span> <span class='ocrx_word' id='word_1_270' title='bbox 1273 3381 1391 3437; x_wconf 80' lang='lat' dir='ltr'><strong>licencia</strong></span> <span class='ocrx_word' id='word_1_271' title='bbox 1406 3376 1494 3434; x_wconf 81' lang='lat' dir='ltr'><strong>minim</strong></span> 
     </span>
     <span class='ocr_line' id='line_1_28' title="bbox 222 3471 1495 3547; baseline 0.002 -19"><span class='ocrx_word' id='word_1_272' title='bbox 222 3474 365 3544; x_wconf 83' lang='lat' dir='ltr'><strong>requisita,</strong></span> <span class='ocrx_word' id='word_1_273' title='bbox 383 3473 497 3543; x_wconf 85' lang='lat' dir='ltr'><strong>propria</strong></span> <span class='ocrx_word' id='word_1_274' title='bbox 516 3473 680 3528; x_wconf 83' lang='lat' dir='ltr'><strong>auctoritate</strong></span> <span class='ocrx_word' id='word_1_275' title='bbox 698 3475 907 3544; x_wconf 77' lang='lat' dir='ltr'><strong>apprehendere</strong></span> <span class='ocrx_word' id='word_1_276' title='bbox 925 3482 953 3529; x_wconf 91' lang='lat' dir='ltr'><strong>et</strong></span> <span class='ocrx_word' id='word_1_277' title='bbox 971 3476 1090 3530; x_wconf 88' lang='lat' dir='ltr'><strong>retinere</strong></span> <span class='ocrx_word' id='word_1_278' title='bbox 1106 3477 1239 3547; x_wconf 88' lang='lat' dir='ltr'><strong>ipsosque</strong></span> <span class='ocrx_word' id='word_1_279' title='bbox 1257 3477 1374 3544; x_wconf 65' lang='lat' dir='ltr'><strong>humus,</strong></span> <span class='ocrx_word' id='word_1_280' title='bbox 1396 3471 1495 3530; x_wconf 70' lang='lat' dir='ltr'><strong>redditus</strong></span> 
     </span>
     <span class='ocr_line' id='line_1_29' title="bbox 220 3568 1543 3640; baseline 0.001 -15"><span class='ocrx_word' id='word_1_281' title='bbox 220 3577 247 3625; x_wconf 89' lang='lat' dir='ltr'><strong>et</strong></span> <span class='ocrx_word' id='word_1_282' title='bbox 264 3576 417 3640; x_wconf 83' lang='lat' dir='ltr'><strong>prouentus</strong></span> <span class='ocrx_word' id='word_1_283' title='bbox 435 3570 464 3623; x_wconf 94' lang='lat' dir='ltr'><strong>in</strong></span> <span class='ocrx_word' id='word_1_284' title='bbox 483 3585 549 3624; x_wconf 93' lang='lat' dir='ltr'><strong>suos</strong></span> <span class='ocrx_word' id='word_1_285' title='bbox 568 3586 634 3625; x_wconf 82' lang='lat' dir='ltr'><strong>rsus</strong></span> <span class='ocrx_word' id='word_1_286' title='bbox 654 3576 817 3626; x_wconf 90' lang='lat' dir='ltr'><strong>conuertere</strong></span> <span class='ocrx_word' id='word_1_287' title='bbox 842 3571 915 3626; x_wconf 89' lang='lat' dir='ltr'><strong>licite</strong></span> <span class='ocrx_word' id='word_1_288' title='bbox 934 3572 1052 3640; x_wconf 83' lang='lat' dir='ltr'><strong>valeant,</strong></span> <span class='ocrx_word' id='word_1_289' title='bbox 1076 3571 1254 3629; x_wconf 89' lang='lat' dir='ltr'><strong>concedimus</strong></span> <span class='ocrx_word' id='word_1_290' title='bbox 1273 3574 1434 3630; x_wconf 86' lang='lat' dir='ltr'><strong>anctoritate</strong></span> <span class='ocrx_word' id='word_1_291' title='bbox 1448 3568 1496 3640; x_wconf 72' lang='lat' dir='ltr'><strong>tpl&#39;</strong></span> <span class='ocrx_word' id='word_1_292' title='bbox 1541 3572 1543 3636; x_wconf 76' lang='lat' dir='ltr'>j</span> 
     </span>
     <span class='ocr_line' id='line_1_30' title="bbox 220 3664 1410 3738; baseline 0.002 -16"><span class='ocrx_word' id='word_1_293' title='bbox 220 3666 317 3722; x_wconf 88' lang='lat' dir='ltr'><strong>stolica</strong></span> <span class='ocrx_word' id='word_1_294' title='bbox 335 3664 525 3736; x_wconf 85' lang='lat' dir='ltr'><strong>supradicto.“</strong></span> <span class='ocrx_word' id='word_1_295' title='bbox 547 3664 630 3734; x_wconf 88' lang='lat' dir='ltr'><strong>(Orig.</strong></span> <span class='ocrx_word' id='word_1_296' title='bbox 649 3682 725 3735; x_wconf 86' lang='lat' dir='ltr'><strong>perg.</strong></span> <span class='ocrx_word' id='word_1_297' title='bbox 744 3683 760 3720; x_wconf 82' lang='lat' dir='ltr'>v</span> <span class='ocrx_word' id='word_1_298' title='bbox 779 3667 891 3721; x_wconf 83' lang='lat' dir='ltr'><strong>archivo</strong></span> <span class='ocrx_word' id='word_1_299' title='bbox 909 3666 1035 3737; x_wconf 77' lang='lat' dir='ltr'><strong>kapitoly</strong></span> <span class='ocrx_word' id='word_1_300' title='bbox 1052 3666 1173 3722; x_wconf 79' lang='lat' dir='ltr'><strong>Praislrt</strong></span> <span class='ocrx_word' id='word_1_301' title='bbox 1190 3668 1261 3738; x_wconf 86' lang='lat' dir='ltr'><strong>sign.</strong></span> <span class='ocrx_word' id='word_1_302' title='bbox 1279 3669 1342 3738; x_wconf 78' lang='lat' dir='ltr'><strong>XII,</strong></span> <span class='ocrx_word' id='word_1_303' title='bbox 1359 3673 1410 3734; x_wconf 73' lang='lat'><strong>2⁷.)</strong></span> 
     </span>
    </p>
   </div>
   <div class='ocr_carea' id='block_1_5' title="bbox 724 3933 1030 4192">
    <p class='ocr_par' dir='ltr' id='par_1_5' title="bbox 724 3933 1030 4192">
     <span class='ocr_line' id='line_1_31' title="bbox 773 3933 976 4015; baseline 0 0"><span class='ocrx_word' id='word_1_304' title='bbox 773 3948 790 3987; x_wconf 82' lang='grc'>*</span> <span class='ocrx_word' id='word_1_305' title='bbox 815 3933 879 4015; x_wconf 80' lang='lat' dir='ltr'><strong>os.</strong></span> <span class='ocrx_word' id='word_1_306' title='bbox 902 3951 976 4015; x_wconf 86' lang='lat'>401.</span> 
     </span>
     <span class='ocr_line' id='line_1_32' title="bbox 724 4120 1030 4192; baseline 0.007 -4"><span class='ocrx_word' id='word_1_307' title='bbox 724 4120 819 4190; x_wconf 72' lang='lat'><strong>1362.</strong></span> <span class='ocrx_word' id='word_1_308' title='bbox 842 4122 876 4190; x_wconf 84' lang='lat' dir='ltr'>V</span> <span class='ocrx_word' id='word_1_309' title='bbox 898 4120 1030 4192; x_wconf 84' lang='lat' dir='ltr'><strong>Praze.</strong></span> 
     </span>
    </p>
   </div>
   <div class='ocr_carea' id='block_1_6' title="bbox 219 4294 1519 4720">
    <p class='ocr_par' dir='ltr' id='par_1_6' title="bbox 219 4294 1510 4381">
     <span class='ocr_line' id='line_1_33' title="bbox 219 4294 1510 4381; baseline 0.006 -23"><span class='ocrx_word' id='word_1_310' title='bbox 219 4294 352 4359; x_wconf 72' lang='lat' dir='ltr'><strong>Issds&#39;ter</strong></span> <span class='ocrx_word' id='word_1_311' title='bbox 376 4316 421 4360; x_wconf 87' lang='lat' dir='ltr'><strong>so.</strong></span> <span class='ocrx_word' id='word_1_312' title='bbox 445 4295 515 4361; x_wconf 76' lang='lat' dir='ltr'><strong>Jo&#39;r&#39;t</strong></span> <span class='ocrx_word' id='word_1_313' title='bbox 534 4316 579 4360; x_wconf 79' lang='lat' dir='ltr'><strong>ou</strong></span> <span class='ocrx_word' id='word_1_314' title='bbox 601 4295 703 4361; x_wconf 64' lang='lat' dir='ltr'><strong>hrode</strong></span> <span class='ocrx_word' id='word_1_315' title='bbox 723 4295 895 4362; x_wconf 71' lang='lat' dir='ltr'><strong>Prodsltem</strong></span> <span class='ocrx_word' id='word_1_316' title='bbox 909 4299 1057 4381; x_wconf 75' lang='lat' dir='ltr'><strong>raoosoje</strong></span> <span class='ocrx_word' id='word_1_317' title='bbox 1072 4319 1106 4364; x_wconf 84' lang='lat' dir='ltr'><strong>se</strong></span> <span class='ocrx_word' id='word_1_318' title='bbox 1126 4297 1233 4364; x_wconf 68' lang='lat' dir='ltr'><strong>torci</strong></span> <span class='ocrx_word' id='word_1_319' title='bbox 1254 4300 1337 4365; x_wconf 73' lang='lat' dir='ltr'><strong>nect</strong></span> <span class='ocrx_word' id='word_1_320' title='bbox 1357 4321 1379 4364; x_wconf 84' lang='lat' dir='ltr'><strong>o</strong></span> <span class='ocrx_word' id='word_1_321' title='bbox 1401 4298 1510 4373; x_wconf 56' lang='lat' dir='ltr'><strong>droam</strong></span> 
     </span>
    </p>

    <p class='ocr_par' dir='ltr' id='par_1_7' title="bbox 219 4400 1512 4498">
     <span class='ocr_line' id='line_1_34' title="bbox 219 4400 1512 4498; baseline 0.011 -32"><span class='ocrx_word' id='word_1_322' title='bbox 219 4400 303 4468; x_wconf 80' lang='lat' dir='ltr'><strong>ktero&#39;</strong></span> <span class='ocrx_word' id='word_1_323' title='bbox 331 4405 510 4470; x_wconf 77' lang='lat' dir='ltr'><strong>simluvcood</strong></span> <span class='ocrx_word' id='word_1_324' title='bbox 540 4407 580 4471; x_wconf 86' lang='lat' dir='ltr'><strong>od</strong></span> <span class='ocrx_word' id='word_1_325' title='bbox 610 4406 688 4472; x_wconf 75' lang='lat' dir='ltr'><strong>odio</strong></span> <span class='ocrx_word' id='word_1_326' title='bbox 720 4429 741 4472; x_wconf 89' lang='lat' dir='ltr'><strong>o</strong></span> <span class='ocrx_word' id='word_1_327' title='bbox 763 4409 803 4473; x_wconf 89' lang='lat' dir='ltr'><strong>od</strong></span> <span class='ocrx_word' id='word_1_328' title='bbox 825 4409 893 4475; x_wconf 82' lang='lat' dir='ltr'><strong>ohce</strong></span> <span class='ocrx_word' id='word_1_329' title='bbox 921 4408 1076 4475; x_wconf 68' lang='lat' dir='ltr'><strong>Melnicke&#39;</strong></span> <span class='ocrx_word' id='word_1_330' title='bbox 1096 4409 1218 4476; x_wconf 74' lang='lat' dir='ltr'><strong>rocleni</strong></span> <span class='ocrx_word' id='word_1_331' title='bbox 1234 4413 1415 4480; x_wconf 73' lang='lat' dir='ltr'><strong>ostomedi</strong></span> <span class='ocrx_word' id='word_1_332' title='bbox 1430 4419 1512 4498; x_wconf 83' lang='lat' dir='ltr'><strong>posi-</strong></span> 
     </span>
    </p>

    <p class='ocr_par' dir='ltr' id='par_1_8' title="bbox 219 4516 1519 4720">
     <span class='ocr_line' id='line_1_35' title="bbox 219 4516 1519 4602; baseline 0.012 -21"><span class='ocrx_word' id='word_1_333' title='bbox 219 4516 327 4581; x_wconf 83' lang='lat' dir='ltr'><strong>oc&#39;nc&#39;m</strong></span> <span class='ocrx_word' id='word_1_334' title='bbox 357 4539 378 4583; x_wconf 87' lang='lat' dir='ltr'><strong>o</strong></span> <span class='ocrx_word' id='word_1_335' title='bbox 411 4519 530 4595; x_wconf 62' lang='lat' dir='ltr'><strong>ludiim,</strong></span> <span class='ocrx_word' id='word_1_336' title='bbox 556 4522 609 4602; x_wconf 72' lang='lat' dir='ltr'><strong>jei</strong></span> <span class='ocrx_word' id='word_1_337' title='bbox 638 4542 671 4585; x_wconf 81' lang='lat' dir='ltr'><strong>se</strong></span> <span class='ocrx_word' id='word_1_338' title='bbox 700 4519 719 4583; x_wconf 75' lang='lat' dir='ltr'><strong>lc</strong></span> <span class='ocrx_word' id='word_1_339' title='bbox 748 4520 849 4587; x_wconf 78' lang='lat' dir='ltr'><strong>obrem</strong></span> <span class='ocrx_word' id='word_1_340' title='bbox 880 4520 1023 4587; x_wconf 66' lang='lat' dir='ltr'><strong>teotolo</strong></span> <span class='ocrx_word' id='word_1_341' title='bbox 1044 4544 1065 4588; x_wconf 86' lang='lat' dir='ltr'><strong>o</strong></span> <span class='ocrx_word' id='word_1_342' title='bbox 1087 4521 1245 4590; x_wconf 69' lang='lat' dir='ltr'><strong>Jcleoicko</strong></span> <span class='ocrx_word' id='word_1_343' title='bbox 1272 4524 1397 4593; x_wconf 76' lang='lat' dir='ltr'><strong>tdhnoss</strong></span> <span class='ocrx_word' id='word_1_344' title='bbox 1419 4549 1441 4596; x_wconf 87' lang='lat' dir='ltr'><strong>o</strong></span> <span class='ocrx_word' id='word_1_345' title='bbox 1461 4528 1519 4596; x_wconf 70' lang='lat' dir='ltr'><strong>odoi</strong></span> 
     </span>
     <span class='ocr_line' id='line_1_36' title="bbox 691 4634 1063 4720; baseline 0.013 -22"><span class='ocrx_word' id='word_1_346' title='bbox 691 4634 845 4701; x_wconf 65' lang='lat' dir='ltr'><strong>histniche</strong></span> <span class='ocrx_word' id='word_1_347' title='bbox 862 4636 1063 4720; x_wconf 61' lang='lat' dir='ltr'><strong>piindieiq&#39;ss</strong></span> 
     </span>
    </p>
   </div>
   <div class='ocr_carea' id='block_1_7' title="bbox 0 0 1560 5392">
    <p class='ocr_par' dir='ltr' id='par_1_9' title="bbox 0 0 1560 5392">
     <span class='ocr_line' id='line_1_37' title="bbox 0 0 1560 5392; baseline 0 0"><span class='ocrx_word' id='word_1_348' title='bbox 0 0 1560 5392; x_wconf 95' lang='lat' dir='ltr'><strong> </strong></span> 
     </span>
    </p>
   </div>
  </div>
 </body>
</html>
