<?xml version="1.0" encoding="UTF-8"?>
<!DOCTYPE html PUBLIC "-//W3C//DTD XHTML 1.0 Transitional//EN"
    "http://www.w3.org/TR/xhtml1/DTD/xhtml1-transitional.dtd">
<html xmlns="http://www.w3.org/1999/xhtml" xml:lang="en" lang="en">
 <head>
  <title>
</title>
<meta http-equiv="Content-Type" content="text/html;charset=utf-8" />
  <meta name='ocr-system' content='tesseract 3.04.00' />
  <meta name='ocr-capabilities' content='ocr_page ocr_carea ocr_par ocr_line ocrx_word'/>
</head>
<body>
  <div class='ocr_page' id='page_1' title='image "./sbrkapramenprva01kingoog/sbrkapramenprva01kingoog_0396.png"; bbox 0 0 3098 5392; ppageno 0'>
   <div class='ocr_carea' id='block_1_1' title="bbox 125 421 830 488">
    <p class='ocr_par' dir='ltr' id='par_1_1' title="bbox 125 421 830 488">
     <span class='ocr_line' id='line_1_1' title="bbox 125 421 830 488; baseline -0.007 -11"><span class='ocrx_word' id='word_1_1' title='bbox 125 421 191 488; x_wconf 83' lang='grc'>360</span> <span class='ocrx_word' id='word_1_2' title='bbox 754 423 830 473; x_wconf 76' lang='grc'><strong>1841.</strong></span> 
     </span>
    </p>
   </div>
   <div class='ocr_carea' id='block_1_2' title="bbox 128 651 1341 3230">
    <p class='ocr_par' dir='ltr' id='par_1_2' title="bbox 128 651 1341 3230">
     <span class='ocr_line' id='line_1_2' title="bbox 129 651 1341 734; baseline 0.002 -15"><span class='ocrx_word' id='word_1_3' title='bbox 129 672 260 720; x_wconf 91' lang='lat' dir='ltr'>suorum</span> <span class='ocrx_word' id='word_1_4' title='bbox 282 653 488 719; x_wconf 89' lang='lat' dir='ltr'>subditorum</span> <span class='ocrx_word' id='word_1_5' title='bbox 511 653 641 734; x_wconf 80' lang='lat' dir='ltr'>graciis,</span> <span class='ocrx_word' id='word_1_6' title='bbox 665 653 896 720; x_wconf 88' lang='lat' dir='ltr'>donacionibus</span> <span class='ocrx_word' id='word_1_7' title='bbox 912 657 945 720; x_wconf 88' lang='lat' dir='ltr'>et</span> <span class='ocrx_word' id='word_1_8' title='bbox 957 651 1162 720; x_wconf 88' lang='lat' dir='ltr'>libertatibus</span> <span class='ocrx_word' id='word_1_9' title='bbox 1186 655 1301 721; x_wconf 88' lang='lat' dir='ltr'>taliter</span> <span class='ocrx_word' id='word_1_10' title='bbox 1322 675 1341 720; x_wconf 94' lang='lat' dir='ltr'>n</span> 
     </span>
     <span class='ocr_line' id='line_1_3' title="bbox 128 766 1341 850; baseline 0.001 -18"><span class='ocrx_word' id='word_1_11' title='bbox 128 773 218 834; x_wconf 87' lang='lat' dir='ltr'>retur</span> <span class='ocrx_word' id='word_1_12' title='bbox 241 767 398 848; x_wconf 78' lang='lat' dir='ltr'>condicio,</span> <span class='ocrx_word' id='word_1_13' title='bbox 422 785 518 849; x_wconf 91' lang='lat' dir='ltr'>quam</span> <span class='ocrx_word' id='word_1_14' title='bbox 541 785 604 832; x_wconf 94' lang='lat' dir='ltr'>non</span> <span class='ocrx_word' id='word_1_15' title='bbox 627 767 731 833; x_wconf 90' lang='lat' dir='ltr'>solum</span> <span class='ocrx_word' id='word_1_16' title='bbox 753 768 966 850; x_wconf 81' lang='lat' dir='ltr'>presencium,</span> <span class='ocrx_word' id='word_1_17' title='bbox 990 785 1101 833; x_wconf 88' lang='lat' dir='ltr'>verum</span> <span class='ocrx_word' id='word_1_18' title='bbox 1123 766 1227 833; x_wconf 85' lang='lat' dir='ltr'>eclam</span> <span class='ocrx_word' id='word_1_19' title='bbox 1251 767 1341 833; x_wconf 82' lang='lat' dir='ltr'>futur</span> 
     </span>
     <span class='ocr_line' id='line_1_4' title="bbox 128 879 1334 964; baseline 0.001 -18"><span class='ocrx_word' id='word_1_20' title='bbox 128 881 240 964; x_wconf 82' lang='lat' dir='ltr'>augeri</span> <span class='ocrx_word' id='word_1_21' title='bbox 264 881 429 947; x_wconf 87' lang='lat' dir='ltr'>senciatur</span> <span class='ocrx_word' id='word_1_22' title='bbox 451 880 574 945; x_wconf 77' lang='lat' dir='ltr'>vtilitas</span> <span class='ocrx_word' id='word_1_23' title='bbox 598 885 631 946; x_wconf 87' lang='lat' dir='ltr'>et</span> <span class='ocrx_word' id='word_1_24' title='bbox 652 879 826 963; x_wconf 87' lang='lat' dir='ltr'>proiectus.</span> <span class='ocrx_word' id='word_1_25' title='bbox 858 879 927 946; x_wconf 90' lang='lat' dir='ltr'>Hec</span> <span class='ocrx_word' id='word_1_26' title='bbox 951 880 1070 946; x_wconf 79' lang='lat' dir='ltr'>etenim</span> <span class='ocrx_word' id='word_1_27' title='bbox 1092 880 1334 963; x_wconf 84' lang='lat' dir='ltr'>pretendentes,</span> 
     </span>
     <span class='ocr_line' id='line_1_5' title="bbox 129 993 1341 1076; baseline 0 -16"><span class='ocrx_word' id='word_1_28' title='bbox 129 995 214 1061; x_wconf 94' lang='lat' dir='ltr'>libus</span> <span class='ocrx_word' id='word_1_29' title='bbox 236 994 356 1061; x_wconf 86' lang='lat' dir='ltr'>nostris</span> <span class='ocrx_word' id='word_1_30' title='bbox 379 993 507 1059; x_wconf 91' lang='lat' dir='ltr'>dilectis</span> <span class='ocrx_word' id='word_1_31' title='bbox 538 993 665 1060; x_wconf 90' lang='lat' dir='ltr'>cluibus</span> <span class='ocrx_word' id='word_1_32' title='bbox 689 995 722 1059; x_wconf 92' lang='lat' dir='ltr'>in</span> <span class='ocrx_word' id='word_1_33' title='bbox 755 993 943 1060; x_wconf 85' lang='lat' dir='ltr'>Czasslauia</span> <span class='ocrx_word' id='word_1_34' title='bbox 965 999 998 1059; x_wconf 87' lang='lat' dir='ltr'>et</span> <span class='ocrx_word' id='word_1_35' title='bbox 1020 995 1084 1076; x_wconf 93' lang='lat' dir='ltr'>ipsi</span> <span class='ocrx_word' id='word_1_36' title='bbox 1111 994 1241 1060; x_wconf 89' lang='lat' dir='ltr'>ciuitati</span> <span class='ocrx_word' id='word_1_37' title='bbox 1264 994 1341 1060; x_wconf 91' lang='lat' dir='ltr'>der</span> 
     </span>
     <span class='ocr_line' id='line_1_6' title="bbox 128 1106 1341 1190; baseline 0.002 -17"><span class='ocrx_word' id='word_1_38' title='bbox 128 1106 262 1173; x_wconf 87' lang='lat' dir='ltr'>licencia</span> <span class='ocrx_word' id='word_1_39' title='bbox 284 1106 374 1190; x_wconf 91' lang='lat' dir='ltr'>regia</span> <span class='ocrx_word' id='word_1_40' title='bbox 407 1106 612 1173; x_wconf 73' lang='lat' dir='ltr'>concedimus</span> <span class='ocrx_word' id='word_1_41' title='bbox 637 1112 671 1173; x_wconf 89' lang='lat' dir='ltr'>et</span> <span class='ocrx_word' id='word_1_42' title='bbox 691 1106 858 1187; x_wconf 86' lang='lat' dir='ltr'>donamus,</span> <span class='ocrx_word' id='word_1_43' title='bbox 882 1112 1076 1188; x_wconf 85' lang='lat' dir='ltr'>statuentes,</span> <span class='ocrx_word' id='word_1_44' title='bbox 1100 1108 1186 1188; x_wconf 92' lang='lat' dir='ltr'>quod</span> <span class='ocrx_word' id='word_1_45' title='bbox 1206 1108 1341 1175; x_wconf 87' lang='lat' dir='ltr'>inantea</span> 
     </span>
     <span class='ocr_line' id='line_1_7' title="bbox 129 1220 1307 1304; baseline 0.002 -18"><span class='ocrx_word' id='word_1_46' title='bbox 129 1221 236 1304; x_wconf 89' lang='lat' dir='ltr'>petuis</span> <span class='ocrx_word' id='word_1_47' title='bbox 268 1220 467 1302; x_wconf 76' lang='lat' dir='ltr'>temporibus</span> <span class='ocrx_word' id='word_1_48' title='bbox 502 1222 535 1285; x_wconf 93' lang='lat' dir='ltr'>in</span> <span class='ocrx_word' id='word_1_49' title='bbox 566 1221 713 1303; x_wconf 87' lang='lat' dir='ltr'>proxima</span> <span class='ocrx_word' id='word_1_50' title='bbox 745 1220 905 1287; x_wconf 87' lang='lat' dir='ltr'>dominica</span> <span class='ocrx_word' id='word_1_51' title='bbox 937 1225 1012 1303; x_wconf 87' lang='lat' dir='ltr'>post</span> <span class='ocrx_word' id='word_1_52' title='bbox 1044 1221 1307 1302; x_wconf 88' lang='lat' dir='ltr'>assumpcionem</span> 
     </span>
     <span class='ocr_line' id='line_1_8' title="bbox 131 1331 1341 1416; baseline -0.002 -16"><span class='ocrx_word' id='word_1_53' title='bbox 131 1331 235 1400; x_wconf 87' lang='lat' dir='ltr'>Marie</span> <span class='ocrx_word' id='word_1_54' title='bbox 257 1333 393 1416; x_wconf 86' lang='lat' dir='ltr'>virginis</span> <span class='ocrx_word' id='word_1_55' title='bbox 416 1334 557 1416; x_wconf 83' lang='lat' dir='ltr'>gloriose</span> <span class='ocrx_word' id='word_1_56' title='bbox 582 1334 616 1398; x_wconf 93' lang='lat' dir='ltr'>in</span> <span class='ocrx_word' id='word_1_57' title='bbox 639 1335 711 1414; x_wconf 91' lang='lat' dir='ltr'>ipsa</span> <span class='ocrx_word' id='word_1_58' title='bbox 735 1334 870 1398; x_wconf 90' lang='lat' dir='ltr'>ciuitate</span> <span class='ocrx_word' id='word_1_59' title='bbox 892 1339 1003 1399; x_wconf 90' lang='lat' dir='ltr'>nostra</span> <span class='ocrx_word' id='word_1_60' title='bbox 1026 1331 1267 1399; x_wconf 81' lang='lat' dir='ltr'>Onasslauiensi</span> <span class='ocrx_word' id='word_1_61' title='bbox 1289 1354 1341 1400; x_wconf 81' lang='lat' dir='ltr'>nur</span> 
     </span>
     <span class='ocr_line' id='line_1_9' title="bbox 130 1444 1338 1528; baseline 0 -16"><span class='ocrx_word' id='word_1_62' title='bbox 130 1465 188 1513; x_wconf 90' lang='lat' dir='ltr'>seu</span> <span class='ocrx_word' id='word_1_63' title='bbox 210 1447 349 1512; x_wconf 81' lang='lat' dir='ltr'>annuale</span> <span class='ocrx_word' id='word_1_64' title='bbox 370 1444 478 1512; x_wconf 87' lang='lat' dir='ltr'>forum</span> <span class='ocrx_word' id='word_1_65' title='bbox 501 1447 656 1511; x_wconf 87' lang='lat' dir='ltr'>celebrari</span> <span class='ocrx_word' id='word_1_66' title='bbox 680 1445 796 1512; x_wconf 88' lang='lat' dir='ltr'>debeat</span> <span class='ocrx_word' id='word_1_67' title='bbox 810 1451 844 1512; x_wconf 88' lang='lat' dir='ltr'>et</span> <span class='ocrx_word' id='word_1_68' title='bbox 858 1444 978 1512; x_wconf 89' lang='lat' dir='ltr'>haberi.</span> <span class='ocrx_word' id='word_1_69' title='bbox 1003 1445 1053 1511; x_wconf 83' lang='lat' dir='ltr'>Ad</span> <span class='ocrx_word' id='word_1_70' title='bbox 1076 1447 1169 1512; x_wconf 90' lang='lat' dir='ltr'>cuius</span> <span class='ocrx_word' id='word_1_71' title='bbox 1191 1449 1338 1528; x_wconf 91' lang='lat' dir='ltr'>promoci</span> 
     </span>
     <span class='ocr_line' id='line_1_10' title="bbox 130 1559 1340 1642; baseline 0.001 -18"><span class='ocrx_word' id='word_1_72' title='bbox 130 1562 299 1627; x_wconf 85' lang='lat' dir='ltr'>vniuersos</span> <span class='ocrx_word' id='word_1_73' title='bbox 322 1564 359 1625; x_wconf 89' lang='lat' dir='ltr'>et</span> <span class='ocrx_word' id='word_1_74' title='bbox 380 1559 525 1642; x_wconf 89' lang='lat' dir='ltr'>singulos</span> <span class='ocrx_word' id='word_1_75' title='bbox 548 1560 729 1642; x_wconf 88' lang='lat' dir='ltr'>regnicolas</span> <span class='ocrx_word' id='word_1_76' title='bbox 752 1566 785 1625; x_wconf 90' lang='lat' dir='ltr'>et</span> <span class='ocrx_word' id='word_1_77' title='bbox 806 1560 889 1625; x_wconf 91' lang='lat' dir='ltr'>alios</span> <span class='ocrx_word' id='word_1_78' title='bbox 911 1559 1056 1641; x_wconf 82' lang='lat' dir='ltr'>hospites</span> <span class='ocrx_word' id='word_1_79' title='bbox 1079 1559 1120 1625; x_wconf 91' lang='lat' dir='ltr'>de</span> <span class='ocrx_word' id='word_1_80' title='bbox 1141 1559 1217 1625; x_wconf 92' lang='lat' dir='ltr'>aliis</span> <span class='ocrx_word' id='word_1_81' title='bbox 1240 1563 1340 1626; x_wconf 89' lang='lat' dir='ltr'>terris</span> 
     </span>
     <span class='ocr_line' id='line_1_11' title="bbox 129 1672 1329 1757; baseline -0.001 -18"><span class='ocrx_word' id='word_1_82' title='bbox 129 1672 328 1757; x_wconf 90' lang='lat' dir='ltr'>buscumque</span> <span class='ocrx_word' id='word_1_83' title='bbox 350 1673 392 1739; x_wconf 91' lang='lat' dir='ltr'>ad</span> <span class='ocrx_word' id='word_1_84' title='bbox 418 1673 537 1739; x_wconf 88' lang='lat' dir='ltr'>dictam</span> <span class='ocrx_word' id='word_1_85' title='bbox 560 1674 726 1739; x_wconf 89' lang='lat' dir='ltr'>ciuitatem</span> <span class='ocrx_word' id='word_1_86' title='bbox 750 1673 783 1737; x_wconf 92' lang='lat' dir='ltr'>in</span> <span class='ocrx_word' id='word_1_87' title='bbox 803 1672 926 1754; x_wconf 85' lang='lat' dir='ltr'>prefato</span> <span class='ocrx_word' id='word_1_88' title='bbox 948 1673 1085 1739; x_wconf 88' lang='lat' dir='ltr'>termino</span> <span class='ocrx_word' id='word_1_89' title='bbox 1101 1674 1270 1739; x_wconf 88' lang='lat' dir='ltr'>venientes</span> <span class='ocrx_word' id='word_1_90' title='bbox 1286 1674 1329 1738; x_wconf 90' lang='lat' dir='ltr'>ab</span> 
     </span>
     <span class='ocr_line' id='line_1_12' title="bbox 130 1786 1341 1869; baseline 0 -17"><span class='ocrx_word' id='word_1_91' title='bbox 130 1787 251 1868; x_wconf 81' lang='lat' dir='ltr'>mutha‚</span> <span class='ocrx_word' id='word_1_92' title='bbox 274 1788 446 1854; x_wconf 87' lang='lat' dir='ltr'>theoloneo</span> <span class='ocrx_word' id='word_1_93' title='bbox 469 1792 501 1852; x_wconf 87' lang='lat' dir='ltr'>et</span> <span class='ocrx_word' id='word_1_94' title='bbox 524 1787 653 1869; x_wconf 84' lang='lat' dir='ltr'>mgelto</span> <span class='ocrx_word' id='word_1_95' title='bbox 676 1787 716 1852; x_wconf 90' lang='lat' dir='ltr'>de</span> <span class='ocrx_word' id='word_1_96' title='bbox 739 1786 900 1852; x_wconf 78' lang='lat' dir='ltr'>uniuersis</span> <span class='ocrx_word' id='word_1_97' title='bbox 923 1786 1019 1851; x_wconf 90' lang='lat' dir='ltr'>rebus</span> <span class='ocrx_word' id='word_1_98' title='bbox 1042 1791 1075 1851; x_wconf 90' lang='lat' dir='ltr'>et</span> <span class='ocrx_word' id='word_1_99' title='bbox 1096 1786 1258 1852; x_wconf 90' lang='lat' dir='ltr'>mercibus</span> <span class='ocrx_word' id='word_1_100' title='bbox 1282 1805 1341 1868; x_wconf 89' lang='lat' dir='ltr'>per</span> 
     </span>
     <span class='ocr_line' id='line_1_13' title="bbox 132 1899 1341 1981; baseline -0.002 -14"><span class='ocrx_word' id='word_1_101' title='bbox 132 1901 202 1967; x_wconf 91' lang='lat' dir='ltr'>dies</span> <span class='ocrx_word' id='word_1_102' title='bbox 233 1902 402 1967; x_wconf 89' lang='lat' dir='ltr'>continuos</span> <span class='ocrx_word' id='word_1_103' title='bbox 432 1901 630 1965; x_wconf 90' lang='lat' dir='ltr'>absoluimus</span> <span class='ocrx_word' id='word_1_104' title='bbox 660 1906 693 1965; x_wconf 88' lang='lat' dir='ltr'>et</span> <span class='ocrx_word' id='word_1_105' title='bbox 716 1901 801 1965; x_wconf 93' lang='lat' dir='ltr'>omni</span> <span class='ocrx_word' id='word_1_106' title='bbox 831 1899 990 1979; x_wconf 85' lang='lat' dir='ltr'>libertate,</span> <span class='ocrx_word' id='word_1_107' title='bbox 1024 1918 1088 1981; x_wconf 90' lang='lat' dir='ltr'>qua</span> <span class='ocrx_word' id='word_1_108' title='bbox 1120 1901 1210 1965; x_wconf 89' lang='lat' dir='ltr'>ciues</span> <span class='ocrx_word' id='word_1_109' title='bbox 1233 1904 1266 1964; x_wconf 89' lang='lat' dir='ltr'>et</span> <span class='ocrx_word' id='word_1_110' title='bbox 1289 1901 1341 1966; x_wconf 78' lang='lat' dir='ltr'>bos</span> 
     </span>
     <span class='ocr_line' id='line_1_14' title="bbox 132 2012 1341 2094; baseline -0.001 -15"><span class='ocrx_word' id='word_1_111' title='bbox 132 2015 276 2080; x_wconf 88' lang='lat' dir='ltr'>ciuitatis</span> <span class='ocrx_word' id='word_1_112' title='bbox 300 2018 409 2079; x_wconf 92' lang='lat' dir='ltr'>nostre</span> <span class='ocrx_word' id='word_1_113' title='bbox 431 2013 604 2094; x_wconf 86' lang='lat' dir='ltr'>Pragensis</span> <span class='ocrx_word' id='word_1_114' title='bbox 627 2013 660 2077; x_wconf 95' lang='lat' dir='ltr'>in</span> <span class='ocrx_word' id='word_1_115' title='bbox 684 2012 766 2078; x_wconf 85' lang='lat' dir='ltr'>festo</span> <span class='ocrx_word' id='word_1_116' title='bbox 789 2013 875 2077; x_wconf 88' lang='lat' dir='ltr'>beati</span> <span class='ocrx_word' id='word_1_117' title='bbox 898 2012 1081 2077; x_wconf 89' lang='lat' dir='ltr'>Wencezlai</span> <span class='ocrx_word' id='word_1_118' title='bbox 1103 2012 1286 2093; x_wconf 88' lang='lat' dir='ltr'>pociuntur,</span> <span class='ocrx_word' id='word_1_119' title='bbox 1315 2015 1341 2078; x_wconf 93' lang='lat' dir='ltr'>in</span> 
     </span>
     <span class='ocr_line' id='line_1_15' title="bbox 132 2123 1331 2210; baseline -0.003 -17"><span class='ocrx_word' id='word_1_120' title='bbox 132 2132 265 2210; x_wconf 88' lang='lat' dir='ltr'>petuum</span> <span class='ocrx_word' id='word_1_121' title='bbox 294 2125 492 2207; x_wconf 64' lang='lat' dir='ltr'>libabimus,</span> <span class='ocrx_word' id='word_1_122' title='bbox 522 2126 711 2191; x_wconf 86' lang='lat' dir='ltr'>mandantes</span> <span class='ocrx_word' id='word_1_123' title='bbox 734 2126 896 2191; x_wconf 77' lang='lat' dir='ltr'>uniuersis</span> <span class='ocrx_word' id='word_1_124' title='bbox 929 2126 1048 2190; x_wconf 90' lang='lat' dir='ltr'>nostris</span> <span class='ocrx_word' id='word_1_125' title='bbox 1078 2123 1274 2192; x_wconf 79' lang='lat' dir='ltr'>officialibus</span> <span class='ocrx_word' id='word_1_126' title='bbox 1298 2132 1331 2192; x_wconf 90' lang='lat' dir='ltr'>et</span> 
     </span>
     <span class='ocr_line' id='line_1_16' title="bbox 136 2238 1341 2322; baseline -0.001 -16"><span class='ocrx_word' id='word_1_127' title='bbox 136 2241 234 2322; x_wconf 90' lang='lat' dir='ltr'>libus,</span> <span class='ocrx_word' id='word_1_128' title='bbox 257 2238 461 2322; x_wconf 86' lang='lat' dir='ltr'>presentibus</span> <span class='ocrx_word' id='word_1_129' title='bbox 485 2245 517 2305; x_wconf 87' lang='lat' dir='ltr'>et</span> <span class='ocrx_word' id='word_1_130' title='bbox 539 2239 668 2320; x_wconf 81' lang='lat' dir='ltr'>futuris,</span> <span class='ocrx_word' id='word_1_131' title='bbox 694 2243 852 2322; x_wconf 88' lang='lat' dir='ltr'>quatenus</span> <span class='ocrx_word' id='word_1_132' title='bbox 875 2238 1053 2320; x_wconf 87' lang='lat' dir='ltr'>predictam</span> <span class='ocrx_word' id='word_1_133' title='bbox 1075 2238 1241 2305; x_wconf 87' lang='lat' dir='ltr'>ciuitatem</span> <span class='ocrx_word' id='word_1_134' title='bbox 1265 2240 1299 2305; x_wconf 95' lang='lat' dir='ltr'>in</span> <span class='ocrx_word' id='word_1_135' title='bbox 1323 2241 1341 2305; x_wconf 94' lang='lat' dir='ltr'>b</span> 
     </span>
     <span class='ocr_line' id='line_1_17' title="bbox 138 2352 1341 2434; baseline -0.002 -13"><span class='ocrx_word' id='word_1_136' title='bbox 138 2354 226 2421; x_wconf 92' lang='lat' dir='ltr'>modi</span> <span class='ocrx_word' id='word_1_137' title='bbox 249 2359 359 2421; x_wconf 87' lang='lat' dir='ltr'>nostre</span> <span class='ocrx_word' id='word_1_138' title='bbox 381 2352 569 2419; x_wconf 90' lang='lat' dir='ltr'>donacionis</span> <span class='ocrx_word' id='word_1_139' title='bbox 585 2353 695 2434; x_wconf 88' lang='lat' dir='ltr'>gracia</span> <span class='ocrx_word' id='word_1_140' title='bbox 709 2370 773 2418; x_wconf 95' lang='lat' dir='ltr'>non</span> <span class='ocrx_word' id='word_1_141' title='bbox 789 2352 967 2433; x_wconf 90' lang='lat' dir='ltr'>impediant</span> <span class='ocrx_word' id='word_1_142' title='bbox 982 2370 1041 2417; x_wconf 90' lang='lat' dir='ltr'>nec</span> <span class='ocrx_word' id='word_1_143' title='bbox 1056 2353 1164 2417; x_wconf 89' lang='lat' dir='ltr'>sinant</span> <span class='ocrx_word' id='word_1_144' title='bbox 1178 2371 1237 2434; x_wconf 89' lang='lat' dir='ltr'>per</span> <span class='ocrx_word' id='word_1_145' title='bbox 1252 2370 1341 2433; x_wconf 90' lang='lat' dir='ltr'>quem</span> 
     </span>
     <span class='ocr_line' id='line_1_18' title="bbox 133 2465 1341 2552; baseline -0.002 -18"><span class='ocrx_word' id='word_1_146' title='bbox 133 2467 303 2552; x_wconf 88' lang='lat' dir='ltr'>impedire,</span> <span class='ocrx_word' id='word_1_147' title='bbox 327 2467 384 2532; x_wconf 90' lang='lat' dir='ltr'>sed</span> <span class='ocrx_word' id='word_1_148' title='bbox 400 2468 512 2549; x_wconf 88' lang='lat' dir='ltr'>pocius</span> <span class='ocrx_word' id='word_1_149' title='bbox 535 2467 569 2531; x_wconf 92' lang='lat' dir='ltr'>in</span> <span class='ocrx_word' id='word_1_150' title='bbox 592 2466 705 2532; x_wconf 89' lang='lat' dir='ltr'>eadem</span> <span class='ocrx_word' id='word_1_151' title='bbox 727 2471 835 2531; x_wconf 88' lang='lat' dir='ltr'>nostro</span> <span class='ocrx_word' id='word_1_152' title='bbox 859 2465 988 2531; x_wconf 92' lang='lat' dir='ltr'>nomine</span> <span class='ocrx_word' id='word_1_153' title='bbox 1009 2471 1220 2546; x_wconf 88' lang='lat' dir='ltr'>promouennt</span> <span class='ocrx_word' id='word_1_154' title='bbox 1242 2471 1276 2531; x_wconf 88' lang='lat' dir='ltr'>et</span> <span class='ocrx_word' id='word_1_155' title='bbox 1298 2466 1341 2531; x_wconf 93' lang='lat' dir='ltr'>im</span> 
     </span>
     <span class='ocr_line' id='line_1_19' title="bbox 133 2577 1334 2663; baseline -0.003 -14"><span class='ocrx_word' id='word_1_156' title='bbox 133 2588 241 2649; x_wconf 90' lang='lat' dir='ltr'>menta</span> <span class='ocrx_word' id='word_1_157' title='bbox 266 2582 410 2663; x_wconf 89' lang='lat' dir='ltr'>quelibet</span> <span class='ocrx_word' id='word_1_158' title='bbox 431 2579 583 2646; x_wconf 89' lang='lat' dir='ltr'>studeant</span> <span class='ocrx_word' id='word_1_159' title='bbox 605 2597 763 2645; x_wconf 88' lang='lat' dir='ltr'>amouere.</span> <span class='ocrx_word' id='word_1_160' title='bbox 802 2577 836 2643; x_wconf 83' lang='lat' dir='ltr'>Si</span> <span class='ocrx_word' id='word_1_161' title='bbox 860 2579 934 2660; x_wconf 91' lang='lat' dir='ltr'>quis</span> <span class='ocrx_word' id='word_1_162' title='bbox 958 2596 1033 2644; x_wconf 83' lang='lat' dir='ltr'>vero</span> <span class='ocrx_word' id='word_1_163' title='bbox 1054 2595 1137 2643; x_wconf 90' lang='lat' dir='ltr'>ausu</span> <span class='ocrx_word' id='word_1_164' title='bbox 1159 2581 1334 2645; x_wconf 87' lang='lat' dir='ltr'>temerario</span> 
     </span>
     <span class='ocr_line' id='line_1_20' title="bbox 134 2690 1341 2774; baseline -0.003 -14"><span class='ocrx_word' id='word_1_165' title='bbox 134 2701 245 2763; x_wconf 88' lang='lat' dir='ltr'>nostro</span> <span class='ocrx_word' id='word_1_166' title='bbox 258 2695 410 2761; x_wconf 88' lang='lat' dir='ltr'>mandato</span> <span class='ocrx_word' id='word_1_167' title='bbox 426 2695 586 2761; x_wconf 89' lang='lat' dir='ltr'>contraire</span> <span class='ocrx_word' id='word_1_168' title='bbox 601 2692 843 2774; x_wconf 85' lang='lat' dir='ltr'>presumpserit,</span> <span class='ocrx_word' id='word_1_169' title='bbox 864 2690 1122 2773; x_wconf 89' lang='lat' dir='ltr'>indignacionem</span> <span class='ocrx_word' id='word_1_170' title='bbox 1138 2692 1263 2774; x_wconf 87' lang='lat' dir='ltr'>regiam</span> <span class='ocrx_word' id='word_1_171' title='bbox 1277 2697 1341 2758; x_wconf 89' lang='lat' dir='ltr'>etr</span> 
     </span>
     <span class='ocr_line' id='line_1_21' title="bbox 134 2801 1341 2892; baseline -0.007 -16"><span class='ocrx_word' id='word_1_172' title='bbox 134 2829 265 2876; x_wconf 89' lang='lat' dir='ltr'>suarum</span> <span class='ocrx_word' id='word_1_173' title='bbox 299 2826 399 2892; x_wconf 88' lang='lat' dir='ltr'>graue</span> <span class='ocrx_word' id='word_1_174' title='bbox 433 2805 639 2889; x_wconf 86' lang='lat' dir='ltr'>dispendium</span> <span class='ocrx_word' id='word_1_175' title='bbox 670 2823 705 2870; x_wconf 90' lang='lat' dir='ltr'>se</span> <span class='ocrx_word' id='word_1_176' title='bbox 735 2803 863 2870; x_wconf 86' lang='lat' dir='ltr'>nouerit</span> <span class='ocrx_word' id='word_1_177' title='bbox 884 2804 1096 2869; x_wconf 91' lang='lat' dir='ltr'>incursurum.</span> <span class='ocrx_word' id='word_1_178' title='bbox 1143 2801 1279 2886; x_wconf 84' lang='lat' dir='ltr'>Harum,</span> <span class='ocrx_word' id='word_1_179' title='bbox 1313 2823 1341 2886; x_wconf 75' lang='lat' dir='ltr'>qr</span> 
     </span>
     <span class='ocr_line' id='line_1_22' title="bbox 135 2918 1341 3005; baseline -0.007 -13"><span class='ocrx_word' id='word_1_180' title='bbox 135 2930 280 2992; x_wconf 85' lang='lat' dir='ltr'>nostrum</span> <span class='ocrx_word' id='word_1_181' title='bbox 313 2924 418 2989; x_wconf 91' lang='lat' dir='ltr'>maius</span> <span class='ocrx_word' id='word_1_182' title='bbox 450 2922 593 3005; x_wconf 91' lang='lat' dir='ltr'>sigillum</span> <span class='ocrx_word' id='word_1_183' title='bbox 624 2920 657 2985; x_wconf 93' lang='lat' dir='ltr'>in</span> <span class='ocrx_word' id='word_1_184' title='bbox 688 2919 785 2987; x_wconf 90' lang='lat' dir='ltr'>robur</span> <span class='ocrx_word' id='word_1_185' title='bbox 815 2926 969 3002; x_wconf 89' lang='lat' dir='ltr'>perpetue</span> <span class='ocrx_word' id='word_1_186' title='bbox 1001 2919 1164 2987; x_wconf 87' lang='lat' dir='ltr'>firmitatis</span> <span class='ocrx_word' id='word_1_187' title='bbox 1187 2918 1341 3002; x_wconf 80' lang='lat' dir='ltr'>appende</span> 
     </span>
     <span class='ocr_line' id='line_1_23' title="bbox 136 3032 1341 3118; baseline -0.007 -15"><span class='ocrx_word' id='word_1_188' title='bbox 136 3038 295 3118; x_wconf 81' lang='lat' dir='ltr'>duximus,</span> <span class='ocrx_word' id='word_1_189' title='bbox 318 3036 505 3102; x_wconf 87' lang='lat' dir='ltr'>testimonio</span> <span class='ocrx_word' id='word_1_190' title='bbox 528 3036 703 3101; x_wconf 86' lang='lat' dir='ltr'>literarum.</span> <span class='ocrx_word' id='word_1_191' title='bbox 727 3035 847 3099; x_wconf 89' lang='lat' dir='ltr'>Datum</span> <span class='ocrx_word' id='word_1_192' title='bbox 869 3033 972 3116; x_wconf 90' lang='lat' dir='ltr'>Prage</span> <span class='ocrx_word' id='word_1_193' title='bbox 993 3032 1054 3098; x_wconf 85' lang='lat' dir='ltr'>IV⁰</span> <span class='ocrx_word' id='word_1_194' title='bbox 1075 3034 1129 3100; x_wconf 89' lang='lat' dir='ltr'>die</span> <span class='ocrx_word' id='word_1_195' title='bbox 1150 3033 1274 3099; x_wconf 90' lang='lat' dir='ltr'>mensis</span> <span class='ocrx_word' id='word_1_196' title='bbox 1294 3032 1341 3098; x_wconf 81' lang='lat' dir='ltr'>Au</span> 
     </span>
     <span class='ocr_line' id='line_1_24' title="bbox 136 3147 1214 3230; baseline -0.005 -14"><span class='ocrx_word' id='word_1_197' title='bbox 136 3169 220 3217; x_wconf 93' lang='lat' dir='ltr'>anno</span> <span class='ocrx_word' id='word_1_198' title='bbox 242 3150 365 3217; x_wconf 93' lang='lat' dir='ltr'>domini</span> <span class='ocrx_word' id='word_1_199' title='bbox 386 3148 559 3215; x_wconf 91' lang='lat' dir='ltr'>millesimo</span> <span class='ocrx_word' id='word_1_200' title='bbox 580 3147 805 3213; x_wconf 89' lang='lat' dir='ltr'>trecentesimo</span> <span class='ocrx_word' id='word_1_201' title='bbox 829 3147 1075 3230; x_wconf 87' lang='lat' dir='ltr'>quadragesimo</span> <span class='ocrx_word' id='word_1_202' title='bbox 1100 3147 1214 3230; x_wconf 90' lang='lat' dir='ltr'>primo.</span> 
     </span>
    </p>
   </div>
   <div class='ocr_carea' id='block_1_3' title="bbox 137 3266 1341 3628">
    <p class='ocr_par' dir='ltr' id='par_1_3' title="bbox 137 3266 1341 3628">
     <span class='ocr_line' id='line_1_25' title="bbox 240 3266 1341 3356; baseline -0.006 -16"><span class='ocrx_word' id='word_1_203' title='bbox 240 3285 573 3356; x_wconf 84' lang='lat' dir='ltr'>Orig.perg.varcl1inu</span> <span class='ocrx_word' id='word_1_204' title='bbox 596 3301 630 3337; x_wconf 93' lang='lat' dir='ltr'>m.</span> <span class='ocrx_word' id='word_1_205' title='bbox 659 3266 774 3338; x_wconf 63' lang='lat' dir='ltr'>declani</span> <span class='ocrx_word' id='word_1_206' title='bbox 802 3283 871 3351; x_wconf 86' lang='lat' dir='ltr'>sign.</span> <span class='ocrx_word' id='word_1_207' title='bbox 891 3284 915 3334; x_wconf 86' lang='grc' dir='ltr'><strong>Α</strong></span> <span class='ocrx_word' id='word_1_208' title='bbox 934 3290 957 3340; x_wconf 93' lang='lat'>1.</span> <span class='ocrx_word' id='word_1_209' title='bbox 993 3284 1011 3337; x_wconf 88' lang='lat' dir='ltr'>S</span> <span class='ocrx_word' id='word_1_210' title='bbox 1035 3282 1108 3337; x_wconf 87' lang='lat' dir='ltr'>dosti</span> <span class='ocrx_word' id='word_1_211' title='bbox 1135 3283 1227 3353; x_wconf 75' lang='lat' dir='ltr'>pekne</span> <span class='ocrx_word' id='word_1_212' title='bbox 1255 3282 1341 3335; x_wconf 63' lang='lat' dir='ltr'>zacho*</span> 
     </span>
     <span class='ocr_line' id='line_1_26' title="bbox 138 3377 1324 3451; baseline -0.003 -18"><span class='ocrx_word' id='word_1_213' title='bbox 138 3381 208 3436; x_wconf 71' lang='lat' dir='ltr'>vetii</span> <span class='ocrx_word' id='word_1_214' title='bbox 226 3383 336 3436; x_wconf 83' lang='lat' dir='ltr'>risutou</span> <span class='ocrx_word' id='word_1_215' title='bbox 353 3381 445 3451; x_wconf 80' lang='lat' dir='ltr'>pedeti</span> <span class='ocrx_word' id='word_1_216' title='bbox 462 3380 631 3435; x_wconf 76' lang='lat' dir='ltr'>krolovskou</span> <span class='ocrx_word' id='word_1_217' title='bbox 650 3397 687 3434; x_wconf 88' lang='lat' dir='ltr'>na</span> <span class='ocrx_word' id='word_1_218' title='bbox 704 3377 847 3431; x_wconf 77' lang='lat' dir='ltr'>hednibne</span> <span class='ocrx_word' id='word_1_219' title='bbox 866 3377 950 3432; x_wconf 80' lang='lat' dir='ltr'>iiidie</span> <span class='ocrx_word' id='word_1_220' title='bbox 968 3378 1132 3433; x_wconf 78' lang='lat' dir='ltr'>zaveienou</span> <span class='ocrx_word' id='word_1_221' title='bbox 1168 3378 1212 3432; x_wconf 80' lang='lat' dir='ltr'>Na</span> <span class='ocrx_word' id='word_1_222' title='bbox 1229 3377 1324 3431; x_wconf 79' lang='lat' dir='ltr'>hibetd</span> 
     </span>
     <span class='ocr_line' id='line_1_27' title="bbox 138 3473 1341 3546; baseline -0.004 -16"><span class='ocrx_word' id='word_1_223' title='bbox 138 3477 203 3531; x_wconf 85' lang='lat' dir='ltr'>XVI</span> <span class='ocrx_word' id='word_1_224' title='bbox 215 3479 308 3532; x_wconf 88' lang='lat' dir='ltr'>stoleti</span> <span class='ocrx_word' id='word_1_225' title='bbox 316 3496 322 3530; x_wconf 72' lang='grc' dir='ltr'>ι</span> <span class='ocrx_word' id='word_1_226' title='bbox 344 3478 402 3544; x_wconf 78' lang='lat' dir='ltr'>„Na</span> <span class='ocrx_word' id='word_1_227' title='bbox 411 3475 551 3546; x_wconf 82' lang='lat' dir='ltr'>jarmarlr“</span> <span class='ocrx_word' id='word_1_228' title='bbox 567 3475 714 3545; x_wconf 72' lang='lat' dir='ltr'>a(nordj5i</span> <span class='ocrx_word' id='word_1_229' title='bbox 729 3475 845 3544; x_wconf 78' lang='lat' dir='ltr'>rakouz)</span> <span class='ocrx_word' id='word_1_230' title='bbox 866 3473 977 3541; x_wconf 71' lang='lat' dir='ltr'>„iasciln</span> <span class='ocrx_word' id='word_1_231' title='bbox 990 3475 1016 3528; x_wconf 92' lang='lat'>11</span> <span class='ocrx_word' id='word_1_232' title='bbox 1028 3474 1052 3529; x_wconf 90' lang='lat' dir='ltr'>N</span> <span class='ocrx_word' id='word_1_233' title='bbox 1056 3476 1066 3508; x_wconf 83' lang='lat'>⁰</span> <span class='ocrx_word' id='word_1_234' title='bbox 1080 3479 1136 3530; x_wconf 60' lang='lat'>19!</span> <span class='ocrx_word' id='word_1_235' title='bbox 1151 3505 1184 3515; x_wconf 92' lang='lat'>-</span> <span class='ocrx_word' id='word_1_236' title='bbox 1196 3474 1297 3539; x_wconf 88' lang='lat' dir='ltr'>Emler‚</span> <span class='ocrx_word' id='word_1_237' title='bbox 1314 3473 1341 3527; x_wconf 78' lang='lat' dir='ltr'>m</span> 
     </span>
     <span class='ocr_line' id='line_1_28' title="bbox 137 3572 305 3628; baseline -0.006 -1"><span class='ocrx_word' id='word_1_238' title='bbox 137 3572 184 3627; x_wconf 81' lang='lat' dir='ltr'>lv.</span> <span class='ocrx_word' id='word_1_239' title='bbox 203 3572 226 3626; x_wconf 83' lang='lat' dir='ltr'>d.</span> <span class='ocrx_word' id='word_1_240' title='bbox 243 3579 305 3628; x_wconf 78' lang='grc'>976.</span> 
     </span>
    </p>
   </div>
   <div class='ocr_carea' id='block_1_4' title="bbox 530 3678 1047 3920">
    <p class='ocr_par' dir='ltr' id='par_1_4' title="bbox 530 3678 1047 3920">
     <span class='ocr_line' id='line_1_29' title="bbox 707 3678 869 3762; baseline 0 -1"><span class='ocrx_word' id='word_1_241' title='bbox 707 3678 771 3762; x_wconf 78' lang='lat' dir='ltr'>da.</span> <span class='ocrx_word' id='word_1_242' title='bbox 796 3695 869 3761; x_wconf 81' lang='lat' dir='ltr'>aaa.</span> 
     </span>
     <span class='ocr_line' id='line_1_30' title="bbox 530 3833 1047 3920; baseline -0.008 -16"><span class='ocrx_word' id='word_1_243' title='bbox 530 3833 628 3914; x_wconf 82' lang='lat'>1341,</span> <span class='ocrx_word' id='word_1_244' title='bbox 651 3833 696 3902; x_wconf 75' lang='lat'>19</span> <span class='ocrx_word' id='word_1_245' title='bbox 718 3851 845 3920; x_wconf 86' lang='lat' dir='ltr'>srpna.</span> <span class='ocrx_word' id='word_1_246' title='bbox 868 3834 902 3902; x_wconf 88' lang='lat' dir='ltr'><strong>V</strong></span> <span class='ocrx_word' id='word_1_247' title='bbox 916 3833 1047 3903; x_wconf 82' lang='lat' dir='ltr'>Prone.</span> 
     </span>
    </p>
   </div>
   <div class='ocr_carea' id='block_1_5' title="bbox 140 3973 1341 4518">
    <p class='ocr_par' dir='ltr' id='par_1_5' title="bbox 140 3973 1341 4518">
     <span class='ocr_line' id='line_1_31' title="bbox 143 3973 1341 4059; baseline -0.01 -16"><span class='ocrx_word' id='word_1_248' title='bbox 143 3977 227 4043; x_wconf 83' lang='lat' dir='ltr'>Krdl</span> <span class='ocrx_word' id='word_1_249' title='bbox 248 3974 326 4053; x_wconf 86' lang='lat' dir='ltr'>Jao,</span> <span class='ocrx_word' id='word_1_250' title='bbox 348 3978 518 4059; x_wconf 74' lang='lat' dir='ltr'>nacracuje</span> <span class='ocrx_word' id='word_1_251' title='bbox 540 3975 689 4041; x_wconf 78' lang='lat' dir='ltr'>Holinovi</span> <span class='ocrx_word' id='word_1_252' title='bbox 710 3997 731 4039; x_wconf 89' lang='lat' dir='ltr'>a</span> <span class='ocrx_word' id='word_1_253' title='bbox 753 3975 903 4040; x_wconf 81' lang='lat' dir='ltr'>ostctnioc</span> <span class='ocrx_word' id='word_1_254' title='bbox 926 3973 1068 4039; x_wconf 51' lang='lat' dir='ltr'>&amp;dictim</span> <span class='ocrx_word' id='word_1_255' title='bbox 1086 3975 1232 4038; x_wconf 61' lang='lat' dir='ltr'>milano</span> <span class='ocrx_word' id='word_1_256' title='bbox 1254 3973 1341 4036; x_wconf 60' lang='lat' dir='ltr'>lotan,</span> 
     </span>
     <span class='ocr_line' id='line_1_32' title="bbox 140 4085 1341 4171; baseline -0.006 -16"><span class='ocrx_word' id='word_1_257' title='bbox 140 4092 266 4156; x_wconf 76' lang='lat' dir='ltr'>Berond</span> <span class='ocrx_word' id='word_1_258' title='bbox 292 4092 379 4157; x_wconf 60' lang='lat' dir='ltr'>eboli</span> <span class='ocrx_word' id='word_1_259' title='bbox 407 4112 443 4155; x_wconf 87' lang='lat' dir='ltr'>oe</span> <span class='ocrx_word' id='word_1_260' title='bbox 470 4091 521 4155; x_wconf 84' lang='lat' dir='ltr'>vsi</span> <span class='ocrx_word' id='word_1_261' title='bbox 542 4087 709 4164; x_wconf 70' lang='lat' dir='ltr'>Blionccb,</span> <span class='ocrx_word' id='word_1_262' title='bbox 731 4090 785 4171; x_wconf 71' lang='lat' dir='ltr'>jez*</span> <span class='ocrx_word' id='word_1_263' title='bbox 813 4087 980 4170; x_wconf 81' lang='lat' dir='ltr'>acprdccm</span> <span class='ocrx_word' id='word_1_264' title='bbox 1009 4087 1146 4169; x_wconf 72' lang='lat' dir='ltr'>rytir&#39;dm</span> <span class='ocrx_word' id='word_1_265' title='bbox 1176 4088 1264 4171; x_wconf 59' lang='lat' dir='ltr'>scglm</span> <span class='ocrx_word' id='word_1_266' title='bbox 1295 4085 1341 4148; x_wconf 75' lang='lat' dir='ltr'>Vn</span> 
     </span>
     <span class='ocr_line' id='line_1_33' title="bbox 142 4196 1341 4283; baseline -0.008 -13"><span class='ocrx_word' id='word_1_267' title='bbox 142 4205 342 4272; x_wconf 69' lang='lat' dir='ltr'>allocutioni</span> <span class='ocrx_word' id='word_1_268' title='bbox 363 4204 505 4278; x_wconf 81' lang='lat' dir='ltr'>daroaal,</span> <span class='ocrx_word' id='word_1_269' title='bbox 527 4204 722 4281; x_wconf 72' lang='lat' dir='ltr'>ustonomie,</span> <span class='ocrx_word' id='word_1_270' title='bbox 745 4200 778 4267; x_wconf 70' lang='lat' dir='ltr'>de</span> <span class='ocrx_word' id='word_1_271' title='bbox 791 4201 878 4266; x_wconf 63' lang='lat' dir='ltr'>abobi</span> <span class='ocrx_word' id='word_1_272' title='bbox 890 4205 921 4264; x_wconf 85' lang='lat' dir='ltr'>to</span> <span class='ocrx_word' id='word_1_273' title='bbox 936 4199 1103 4265; x_wconf 70' lang='lat' dir='ltr'>maiestati</span> <span class='ocrx_word' id='word_1_274' title='bbox 1118 4200 1286 4283; x_wconf 72' lang='lat' dir='ltr'>picpojeno</span> <span class='ocrx_word' id='word_1_275' title='bbox 1300 4196 1341 4261; x_wconf 72' lang='lat' dir='ltr'>lca</span> 
     </span>
     <span class='ocr_line' id='line_1_34' title="bbox 144 4311 1341 4399; baseline -0.008 -13"><span class='ocrx_word' id='word_1_276' title='bbox 144 4320 298 4395; x_wconf 75' lang='lat' dir='ltr'>Leontion,</span> <span class='ocrx_word' id='word_1_277' title='bbox 322 4341 343 4383; x_wconf 85' lang='lat' dir='ltr'>a</span> <span class='ocrx_word' id='word_1_278' title='bbox 365 4321 399 4384; x_wconf 66' lang='lat' dir='ltr'>de</span> <span class='ocrx_word' id='word_1_279' title='bbox 421 4317 549 4382; x_wconf 62' lang='lat' dir='ltr'>doditelc‘</span> <span class='ocrx_word' id='word_1_280' title='bbox 563 4316 637 4398; x_wconf 79' lang='lat' dir='ltr'>jebo</span> <span class='ocrx_word' id='word_1_281' title='bbox 659 4318 742 4399; x_wconf 82' lang='lat' dir='ltr'>maji</span> <span class='ocrx_word' id='word_1_282' title='bbox 761 4315 891 4381; x_wconf 77' lang='lat' dir='ltr'>oblednc&#39;</span> <span class='ocrx_word' id='word_1_283' title='bbox 903 4313 976 4397; x_wconf 79' lang='lat' dir='ltr'>jebo</span> <span class='ocrx_word' id='word_1_284' title='bbox 992 4312 1084 4378; x_wconf 74' lang='lat' dir='ltr'>colico</span> <span class='ocrx_word' id='word_1_285' title='bbox 1099 4311 1119 4376; x_wconf 81' lang='lat' dir='ltr'>lc</span> <span class='ocrx_word' id='word_1_286' title='bbox 1134 4313 1236 4378; x_wconf 78' lang='lat' dir='ltr'>suado</span> <span class='ocrx_word' id='word_1_287' title='bbox 1250 4315 1341 4377; x_wconf 60' lang='lat' dir='ltr'>andsto</span> 
     </span>
     <span class='ocr_line' id='line_1_35' title="bbox 141 4426 1341 4518; baseline -0.008 -20"><span class='ocrx_word' id='word_1_288' title='bbox 141 4434 383 4518; x_wconf 77' lang='lat' dir='ltr'>bp&#39;tc&#39;pobdne&#39;oi,</span> <span class='ocrx_word' id='word_1_289' title='bbox 394 4434 493 4498; x_wconf 80' lang='lat' dir='ltr'>r&#39;c&#39;dice</span> <span class='ocrx_word' id='word_1_290' title='bbox 504 4430 675 4513; x_wconf 79' lang='lat' dir='ltr'>seprcicem</span> <span class='ocrx_word' id='word_1_291' title='bbox 687 4428 960 4512; x_wconf 66' lang='lat' dir='ltr'>Mupdcburslrpm,</span> <span class='ocrx_word' id='word_1_292' title='bbox 973 4426 1095 4492; x_wconf 71' lang='lat' dir='ltr'>laertio</span> <span class='ocrx_word' id='word_1_293' title='bbox 1107 4431 1203 4492; x_wconf 73' lang='lat' dir='ltr'>misto</span> <span class='ocrx_word' id='word_1_294' title='bbox 1213 4427 1341 4507; x_wconf 76' lang='lat' dir='ltr'>Lounyi</span> 
     </span>
    </p>
   </div>
   <div class='ocr_carea' id='block_1_6' title="bbox 143 4567 1341 4774">
    <p class='ocr_par' dir='ltr' id='par_1_6' title="bbox 143 4567 1341 4774">
     <span class='ocr_line' id='line_1_36' title="bbox 245 4567 1341 4651; baseline -0.008 -9"><span class='ocrx_word' id='word_1_295' title='bbox 245 4577 312 4641; x_wconf 92' lang='lat' dir='ltr'>Nos</span> <span class='ocrx_word' id='word_1_296' title='bbox 335 4574 499 4641; x_wconf 82' lang='lat' dir='ltr'>lohannes</span> <span class='ocrx_word' id='word_1_297' title='bbox 523 4572 574 4637; x_wconf 92' lang='lat' dir='ltr'>dei</span> <span class='ocrx_word' id='word_1_298' title='bbox 605 4573 713 4651; x_wconf 85' lang='lat' dir='ltr'>gracia</span> <span class='ocrx_word' id='word_1_299' title='bbox 735 4571 867 4635; x_wconf 87' lang='lat' dir='ltr'>Boemie</span> <span class='ocrx_word' id='word_1_300' title='bbox 889 4575 922 4633; x_wconf 88' lang='lat' dir='ltr'>et</span> <span class='ocrx_word' id='word_1_301' title='bbox 944 4568 1075 4632; x_wconf 93' lang='lat' dir='ltr'>Polonie</span> <span class='ocrx_word' id='word_1_302' title='bbox 1100 4585 1158 4633; x_wconf 81' lang='lat' dir='ltr'>rex</span> <span class='ocrx_word' id='word_1_303' title='bbox 1180 4586 1219 4633; x_wconf 89' lang='lat' dir='ltr'>ac</span> <span class='ocrx_word' id='word_1_304' title='bbox 1241 4567 1341 4633; x_wconf 87' lang='lat' dir='ltr'>Luoon</span> 
     </span>
     <span class='ocr_line' id='line_1_37' title="bbox 143 4680 1341 4774; baseline -0.007 -19"><span class='ocrx_word' id='word_1_305' title='bbox 143 4707 251 4774; x_wconf 82' lang='lat' dir='ltr'>gensis</span> <span class='ocrx_word' id='word_1_306' title='bbox 275 4700 390 4768; x_wconf 82' lang='lat' dir='ltr'>comes,</span> <span class='ocrx_word' id='word_1_307' title='bbox 414 4692 525 4751; x_wconf 90' lang='lat' dir='ltr'>notum</span> <span class='ocrx_word' id='word_1_308' title='bbox 547 4683 682 4748; x_wconf 87' lang='lat' dir='ltr'>facimus</span> <span class='ocrx_word' id='word_1_309' title='bbox 713 4687 824 4747; x_wconf 89' lang='lat' dir='ltr'>tenore</span> <span class='ocrx_word' id='word_1_310' title='bbox 850 4681 1052 4763; x_wconf 87' lang='lat' dir='ltr'>presencium</span> <span class='ocrx_word' id='word_1_311' title='bbox 1074 4680 1247 4762; x_wconf 81' lang='lat' dir='ltr'>uniuersis,</span> <span class='ocrx_word' id='word_1_312' title='bbox 1272 4699 1341 4764; x_wconf 70' lang='lat' dir='ltr'>quoi</span> 
     </span>
    </p>
   </div>
   <div class='ocr_carea' id='block_1_7' title="bbox 0 0 1569 5392">
    <p class='ocr_par' dir='ltr' id='par_1_7' title="bbox 0 0 1569 5392">
     <span class='ocr_line' id='line_1_38' title="bbox 0 0 1569 5392; baseline 0 0"><span class='ocrx_word' id='word_1_313' title='bbox 0 0 1569 5392; x_wconf 95' lang='lat' dir='ltr'> </span> 
     </span>
    </p>
   </div>
  </div>
 </body>
</html>
