3098 5392
222 439 305 502 1126
818 439 893 488 ntro.

221 647 312 712 uelut
335 645 368 711 in
391 644 468 710 aliis
491 643 610 709 litteris
634 661 733 725 super
763 643 824 710 hoc
847 642 1003 710 conlectis
1036 643 1174 725 plenius
1199 644 1414 720 continetur,
1436 660 1529 724 nequ·

221 779 315 841 quam
342 765 449 825 tamen
483 758 581 824 iidem
604 762 671 823 tres
694 757 820 840 lapides
843 759 941 823 erecti
965 757 1019 824 hic
1041 757 1149 823 eciam
1176 777 1243 840 pro
1269 757 1488 824 distinccione
1503 774 1529 819 cc

221 873 445 938 declaracione
469 873 703 954 parochialium
720 872 844 955 jurium
877 872 1036 938 dictarum
1059 872 1328 953 parrochiarum
1354 872 1469 937 debent
1487 869 1529 933 ali·

222 986 394 1067 quominus
417 984 604 1064 deseruire;
630 986 764 1050 vlterius
787 990 896 1050 autem
919 1003 939 1049 a
961 983 1108 1066 predicto
1132 984 1260 1050 vltimo
1284 986 1402 1066 lapide
1424 982 1527 1049 limitdi

222 1104 330 1164 erecto
366 1097 425 1163 sub
456 1098 598 1163 fenestra
630 1097 744 1164 domus
775 1097 920 1179 predicte
947 1096 1178 1178 protendendo
1215 1098 1414 1164 funiculum
1435 1101 1527 1163 itemn

224 1230 338 1276 uersus
362 1211 562 1277 occidentem
594 1231 653 1293 per
674 1217 779 1277 ortum
807 1230 846 1277 ac
868 1210 986 1277 deiude
1008 1228 1066 1293 per
1095 1230 1235 1276 murum
1269 1212 1341 1278 orti
1374 1218 1526 1278 extremm

223 1344 262 1391 ac
284 1324 402 1390 deinde
425 1343 482 1407 per
513 1325 662 1390 semitam
696 1330 831 1389 stratam
866 1325 982 1406 amplis
1016 1322 1188 1405 lapidibus
1228 1345 1345 1408 nsque
1376 1326 1416 1391 ad
1446 1325 1525 1389 scien

225 1439 388 1520 signatam
405 1439 498 1520 signo
516 1439 620 1503 crucis
636 1440 718 1502 muri
736 1437 897 1520 cingentis
912 1442 1017 1503 ortum
1033 1456 1072 1502 ex
1089 1440 1252 1520 opposito
1279 1441 1389 1504 turris
1412 1440 1443 1503 in
1457 1437 1526 1503 curin

223 1552 396 1618 Laurencii
419 1551 460 1616 de
483 1552 660 1631 Montibus,
692 1570 754 1631 que
778 1550 938 1634 quondam
968 1550 1032 1615 fuit
1054 1551 1188 1616 Nicolsi
1214 1552 1332 1618 Kntcz
1357 1566 1526 1632 suorumque

224 1666 377 1731 heredum
402 1666 434 1729 in
458 1665 588 1745 plathea
610 1665 687 1745 leni,
711 1666 759 1730 sic
782 1670 888 1730 tamen
909 1665 1047 1744 omnino,
1079 1664 1167 1744 quod
1201 1666 1329 1732 eadem
1364 1666 1454 1732 curia
1472 1681 1525 1728 cun

224 1781 332 1861 platea
363 1780 429 1844 leni
461 1785 558 1860 etque
587 1778 781 1844 domuncula
811 1779 1015 1844 triturlitoris
1039 1778 1116 1857 (sic)
1148 1797 1229 1843 cum
1254 1782 1345 1846 ortis
1369 1781 1525 1860 ceterisque

225 1893 413 1957 attinenciis
445 1892 587 1973 ipsarum
619 1892 678 1955 suh
708 1893 780 1955 iure
803 1890 998 1973 parrochiali
1022 1898 1244 1971 permaneant
1278 1895 1426 1960 ecclesie
1452 1890 1524 1957 ltdi-

228 2006 348 2070 nensis.
373 2006 492 2072 Senrita
509 2024 584 2071 uero
601 2003 746 2086 predicta
761 2005 924 2084 lapidibus
948 2003 1065 2084 amplis
1088 2009 1197 2068 strata
1221 2008 1373 2073 tendens
1397 2008 1436 2072 sd
1453 2021 1524 2071 casu

222 2120 297 2201 jura
313 2119 528 2200 parrochialia
552 2118 729 2199 predictam
752 2119 961 2183 ecclesiarum
984 2115 1106 2181 diuidit
1129 2122 1162 2182 et
1188 2118 1389 2202 distinguit,
1413 2120 1523 2186 cnsiset

227 2231 425 2298 conflatoriis
450 2231 570 2295 ibidem
593 2231 666 2294 sitis
683 2231 715 2294 in
732 2231 871 2296 vallibus
895 2249 1021 2310 semper
1044 2233 1326 2311 permanentibus
1350 2235 1412 2300 sub
1433 2231 1522 2298 eoden

222 2346 297 2427 jure
317 2345 521 2426 parrochiali,
546 2344 605 2408 snh
621 2362 683 2425 quo
700 2343 856 2409 hactenus
880 2348 1136 2426 permanserunt,
1161 2344 1264 2411 illeso
1290 2352 1405 2413 tamen
1422 2360 1524 2426 sempe

226 2463 260 2522 et
284 2458 375 2523 saluo
399 2459 431 2521 in
457 2457 601 2538 ‹prolihet
632 2458 862 2537 premissorum
896 2457 1033 2521 articulo
1063 2455 1140 2537 jure
1171 2456 1321 2524 dominii
1353 2461 1426 2526 siue
1451 2447 1523 2523 tundi

226 2572 328 2653 partis
367 2572 537 2651 utriusque
571 2588 642 2633 cum
677 2570 826 2634 omnibus
861 2570 929 2633 suis
965 2569 1224 2651 proprietatibus
1257 2577 1293 2636 et
1328 2573 1469 2650 annexis,
1492 2567 1523 2633 de

225 2685 343 2766 quibus
369 2683 517 2749 omnibus
542 2683 640 2747 nichil
672 2682 713 2745 ad
737 2701 881 2764 presens,
913 2701 985 2746 cum
1016 2682 1069 2748 hic
1099 2684 1314 2751 solummodo
1335 2687 1414 2769 jura
1434 2700 1523 2768 petre

227 2798 345 2862 chialia
375 2796 628 2876 distinguantur.
677 2795 757 2858 ltern
789 2796 1070 2875 pronuncclsmus,
1106 2795 1194 2876 quod
1222 2817 1284 2879 pro
1322 2806 1467 2867 restauro
1493 2814 1520 2859 cc

227 2910 453 2977 satisfaccione
477 2915 592 2990 <prante
616 2908 812 2972 funeralium
837 2914 866 2973 et
892 2927 949 2989 pro
972 2907 1131 2989 dampnis
1160 2911 1188 2975 si
1214 2913 1357 2996 aliquod
1381 2914 1519 2978 euenisset

228 3024 401 3104 dampnum
439 3024 574 3088 ecclesie
606 3023 799 3103 parrochiali
825 3023 857 3087 in
882 3023 1011 3105 Malynn
1042 3041 1099 3103 per
1122 3031 1275 3091 nostram
1300 3024 1519 3108 pronuncciari·

229 3155 321 3201 onem
347 3137 417 3200 sine
454 3155 525 3214 non,
561 3136 681 3200 domini
716 3136 757 3198 de
788 3137 991 3201 fraternitate
1023 3136 1107 3200 sacri
1140 3134 1303 3218 Corporis
1339 3140 1465 3220 Christi,
1490 3135 1519 3199 ds

228 3249 346 3331 quibus
371 3249 403 3314 in
429 3249 659 3330 compromisso
690 3247 727 3312 fit
761 3250 894 3328 mencio,
928 3250 1012 3313 infra
1043 3268 1141 3313 vnum
1173 3269 1301 3317 annum
1325 3273 1347 3318 a
1375 3256 1447 3319 dnta
1466 3267 1519 3333 pre·

230 3363 330 3427 sentis
355 3368 463 3427 nostre
488 3362 790 3444 pronuncciacionis
809 3368 916 3427 emant
930 3381 988 3427 sex
1003 3380 1182 3444 sexagenas
1206 3384 1406 3445 grossorum
1427 3379 1518 3433 ceusu

229 3476 327 3539 annui
351 3476 498 3558 perpetui
531 3495 588 3556 pro
622 3477 709 3541 dicta
740 3477 879 3542 ecclesia
912 3475 1105 3558 parrochiali
1140 3476 1174 3539 in
1198 3476 1340 3561 Mnlyne
1364 3489 1398 3546 et
1418 3484 1518 3545 rectore

231 3589 375 3654 eiusdem
400 3591 431 3654 in
457 3590 554 3654 certis
579 3590 691 3655 liberis
715 3590 818 3654 bonis.
843 3590 923 3654 ltem
939 3590 1222 3671 pronuncciamus,
1249 3593 1340 3673 quod
1367 3588 1516 3658 sentencie.

230 3721 287 3782 pro
329 3721 517 3783 quacunque
549 3702 766 3783 predictarum
801 3703 945 3784 parcium
979 3707 1045 3767 tum
1075 3702 1108 3767 in
1138 3703 1233 3768 curia
1267 3705 1417 3772 Romana
1443 3718 1516 3785 quau

231 3816 332 3879 eciam
357 3816 440 3879 alias
466 3815 648 3893 ubicunque
668 3815 741 3895 late,
765 3821 933 3881 transeant
954 3822 987 3880 et
1009 3815 1130 3880 nullius
1146 3817 1214 3881 sint
1237 3821 1408 3899 momenti,
1430 3823 1460 3882 et
1475 3831 1513 3879 ex·

231 3947 347 4008 pansas
379 3947 436 4009 per
470 3930 556 4009 ipsas
580 3934 688 4009 partes
712 3929 864 3994 hincinde
886 3930 989 3995 lactas
1018 3947 1267 4009 compensemus
1298 3938 1333 3997 et
1363 3931 1513 4014 predictcu

232 4047 374 4104 nostram
410 4042 732 4121 pronuncciacionem
768 4043 914 4106 volumus
947 4047 980 4106 et
1009 4040 1200 4106 mandemus
1232 4063 1253 4106 a
1278 4046 1435 4126 predictis
1460 4056 1513 4123 pu·

231 4153 318 4216 tibus
343 4171 485 4233 seruere,
510 4159 631 4234 tenero,
656 4155 759 4219 eidem
784 4173 845 4218 nou
872 4153 1096 4220 contrauenire
1118 4153 1184 4219 ullo
1216 4175 1372 4240 nmquam
1396 4165 1513 4238 tempore

232 4267 291 4331 sub
316 4286 397 4347 pene
422 4269 453 4331 in
478 4269 564 4332 dicto
582 4269 812 4350 compromisso
836 4268 1007 4349 descripta.
1031 4268 1113 4333 Item
1136 4273 1426 4352 pronunccismus,
1448 4263 1511 4351 quod

232 4386 368 4459 utraque
392 4382 549 4445 dictarunt
575 4384 722 4463 parcium
745 4402 820 4464 pars
844 4381 1009 4447 sufficiens
1033 4382 1218 4449 mandatum
1244 4385 1370 4470 dirigst
1392 4405 1447 4451 suo
1461 4398 1513 4464 pre

233 4495 372 4557 cnrntnri
399 4496 429 4557 in
455 4497 544 4560 curin
567 4497 711 4560 Romana
743 4497 783 4560 ad
805 4495 984 4561 cedendum
1005 4496 1056 4562 liti
1079 4501 1113 4560 et
1135 4515 1245 4578 cause,
1279 4504 1314 4565 et
1343 4499 1427 4582 qrrnd
1448 4512 1512 4562 snm·

233 4607 342 4688 ptihns
373 4609 538 4672 ambarum
572 4611 717 4690 parcium
751 4629 883 4691 presens
914 4616 1025 4676 nostro
1058 4612 1314 4691 pronuucciacio
1349 4616 1514 4697 procuretur
