3098 5392
680 413 754 463 rara
1304 407 1368 477 655

69 616 171 682 bodrrd
198 607 368 683 oatlddota'
396 640 413 682 a
444 615 609 700 majoricam
631 620 720 702 svy'm
741 638 778 683 vc
798 619 896 682 mette
916 617 930 680 ι’
950 616 1045 681 mimo
1067 618 1164 682 meato
1186 632 1224 682 se
1240 616 1366 684 noliac-

61 732 157 814 jictm
181 752 226 814 po
249 734 303 798 dos
325 732 428 798 diocto
449 733 464 798 i
484 752 529 796 uo
545 731 669 815 piipad
691 730 795 806 amoti,
818 752 840 796 α
860 730 1056 813 aotoaootcjc,
1079 730 1123 806 be,
1145 729 1287 796 semia-ii
1308 728 1368 797 coo

68 844 181 911 aesca
214 846 266 912 bec
293 845 477 928 poaledatbo
501 846 655 930 pocomi,
688 847 897 928 acpocddaod
919 841 1130 929 pr'iroacuy'cb
1160 842 1282 920 dedet
1309 864 1369 928 po-

68 960 225 1026 edatalost
247 959 321 1044 jobo
354 958 489 1026 vdecbua
510 959 632 1042 cpolim
647 958 782 1042 prooem
804 956 968 1044 dedicicy'm
988 980 1033 1024 aa
1054 957 1200 1040 molitu
1212 957 1370 1041 pr'ibocud

281 1075 332 1141 dle
353 1076 543 1142 ostonoocui
556 1073 666 1158 proco
686 1072 821 1142 scureto
844 1077 946 1140 mesta
968 1071 1156 1140 marculo.

175 1303 315 1369 Karolus
336 1309 470 1387 quartus
494 1304 607 1370 diuina
628 1304 760 1370 fauente
775 1302 952 1370 clemencia
962 1301 1181 1369 Romanorum
1193 1301 1369 1384 imperator

67 1435 199 1499 semper
220 1421 377 1500 augustus
407 1424 441 1484 et
460 1419 595 1486 Boemie
615 1436 680 1485 rex.
728 1419 758 1484 N
761 1423 849 1485 otum
871 1416 1008 1483 iacimus
1030 1420 1143 1482 tenore
1163 1414 1369 1499 presencium

67 1531 244 1611 uniuersis,
279 1531 364 1613 quod
398 1529 649 1615 desiderantes¹)
684 1531 843 1616 profectui
878 1529 1023 1597 ciuitatis
1056 1533 1167 1595 nostre
1189 1528 1369 1595 Pilsnensis

67 1664 150 1711 cura
183 1643 316 1727 benigni
351 1644 475 1712 fauoris
508 1645 687 1728 intendere,
720 1646 769 1712 ita
801 1651 839 1712 ut
860 1645 931 1711 eius
955 1645 1043 1711 ciues
1065 1648 1100 1709 et
1120 1644 1234 1726 incole,
1256 1641 1369 1710 fideles

69 1757 189 1838 nostri,
213 1758 398 1824 celsitudini
430 1759 534 1842 regali
561 1760 695 1827 Bosmie
725 1779 763 1827 eo
793 1760 924 1843 quidem
946 1758 1061 1825 melius
1084 1757 1209 1824 seruire
1230 1756 1368 1838 valeant,

66 1890 132 1955 quo
170 1870 342 1954 benignius
375 1871 497 1938 luerint
518 1873 609 1955 regie
639 1872 844 1941 liberalitatis
878 1873 1054 1940 clemencia
1087 1869 1255 1954 consolati,
1291 1888 1369 1954 qua·

67 1989 205 2067 propter
238 1986 345 2052 animo
380 1985 567 2069 deliberato,
602 2006 680 2054 sano
714 1974 905 2071 principum,
939 1987 1096 2053 baronum
1128 1976 1179 2051 ac'
1197 2002 1368 2068 procerum

66 2098 164 2180 regni
197 2103 229 2162 et
259 2117 376 2165 corone
396 2099 540 2182 Bocmie,
564 2105 748 2168 nostrorum
770 2101 924 2183 fidelium,
947 2100 1120 2168 accedente
1143 2099 1290 2181 consilio,
1312 2117 1369 2164 au·

67 2211 223 2278 ctoritate
245 2212 337 2294 regia
358 2212 500 2295 Boemie,
524 2213 566 2281 de
588 2219 676 2280 certa
699 2220 810 2281 nostra
833 2214 974 2280 sciencia
997 2219 1030 2280 et
1051 2212 1140 2296 regie
1163 2211 1368 2280 celsitudinis

66 2327 183 2410 gracia
205 2326 363 2408 singulari
391 2327 587 2410 supradictis
611 2327 747 2410 ciuibus,
781 2327 964 2409 heredibus,
988 2324 1239 2407 successoribus,
1262 2329 1369 2409 poste-
1476 2414 1478 2419 Ι

66 2440 166 2537 ritati'
178 2445 213 2505 et
234 2441 441 2507 miuorsitati
463 2459 575 2508 eorum
597 2447 631 2508 et
651 2441 756 2507 eidem
779 2441 905 2509 ciuitati
928 2440 1108 2509 Pilsenensi
1131 2457 1256 2507 necnon
1277 2438 1369 2508 inba-

66 2552 279 2633 bitatoribus,
304 2553 360 2635 qui
387 2559 464 2620 sunt
487 2555 540 2620 uel
563 2566 621 2636 pro
644 2558 788 2637 tempore
810 2554 940 2636 fuerint,
962 2553 1204 2636 infrascriptam
1226 2553 1369 2637 graciam

66 2685 129 2750 pro
162 2665 265 2747 nobis,
298 2664 470 2732 heredibus
501 2672 534 2732 et
556 2665 796 2734 successoribus
819 2667 950 2748 nostris,
973 2665 1104 2750 regibus
1127 2665 1269 2751 Boemie,
1291 2664 1370 2733 ieci·

66 2799 153 2860 mus,
178 2778 327 2845 dedimus
350 2786 384 2846 et
406 2782 635 2863 concessimus,
658 2780 804 2863 iacimus,
828 2781 941 2847 damus
965 2784 997 2846 et
1023 2779 1228 2848 concedimus
1251 2781 1368 2864 imper·

66 2898 204 2977 petuum
236 2894 357 2961 virtute
389 2895 594 2978 presencium
617 2895 773 2977 graciose,
798 2895 958 2976 videlicet,
982 2895 1067 2978 quod
1089 2912 1216 2961 exnunc
1237 2894 1369 2963 inantea

66 3026 181 3074 omnes
198 3014 231 3075 et
246 3008 367 3091 singuli
391 3008 480 3074 ciues
504 3026 561 3073 seu
584 3007 818 3074 inhabitatores
841 3008 927 3074 dicte
949 3007 1093 3074 ciuitatis
1115 3008 1315 3077 Pilsenensis
1336 3013 1370 3076 et

65 3121 207 3206 quilibet
240 3122 394 3205 ipsorum,
426 3120 561 3188 heredes
592 3127 625 3187 et
655 3139 859 3189 successores
894 3122 956 3203 sui,
993 3123 1229 3205 imperpetuum
1267 3122 1369 3190 libere

70 3235 203 3318 possint
235 3240 268 3300 et
305 3228 434 3302 valeant
467 3237 636 3302 uniuersas
671 3241 704 3301 et
738 3237 882 3319 singulas
905 3236 1137 3319 possessiones,
1161 3235 1367 3319 hereditates,

69 3348 298 3432 proprietates,
322 3350 451 3431 allodia,
474 3368 580 3431 agros,
605 3367 731 3431 census,
753 3350 910 3432 redditus,
934 3351 1045 3417 domos
1067 3355 1101 3416 et
1121 3351 1205 3417 bona
1227 3369 1288 3418 sua
1301 3370 1368 3417 mo-

68 3463 152 3528 bilia
184 3469 216 3528 et
249 3463 434 3545 immobilia,
458 3464 491 3529 in
514 3463 759 3547 quibuscunque
781 3464 877 3530 rebus
902 3465 1089 3546 consistant,
1112 3465 1200 3530 intus
1223 3470 1256 3532 et
1277 3470 1368 3532 extra

67 3576 192 3642 dictam
206 3577 372 3643 ciuitatem
386 3577 607 3643 Pilsenensem
622 3583 680 3643 aut
697 3578 786 3660 alibi,
802 3577 983 3661 ubicunque
1002 3579 1080 3644 talia
1102 3578 1167 3643 sita
1181 3582 1365 3661 noscuntur,

69 3690 330 3774 quibuscumque
360 3691 463 3758 eciam
490 3692 617 3774 possint
638 3691 803 3758 vocabulis
827 3692 1000 3774 designari,
1025 3692 1206 3773 cuicunque
1228 3692 1367 3759 seculari

68 3806 240 3871 dumtaxat
262 3805 384 3870 homini
409 3824 466 3871 seu
489 3823 626 3887 persone
649 3805 797 3885 vendere,
821 3805 938 3887 legare,
955 3805 1083 3885 donare,
1100 3803 1214 3869 testari
1230 3809 1263 3869 st
1277 3805 1367 3871 iuxta

70 3938 131 3985 sue
165 3919 341 3984 voluntatis
375 3917 544 3983 arbitrium
578 3918 737 4000 ordinare,
768 3920 842 4002 jure
865 3918 1061 3984 hereditario
1096 3914 1365 4001 possidendumb,

64 4034 163 4117 juxta
188 4032 273 4113 jura,
308 4050 412 4097 mores
437 4036 469 4096 et
492 4031 740 4098 consuetudines
764 4033 867 4114 ipsius
892 4031 1036 4097 ciuitatis
1058 4031 1258 4097 Pilsenensis
1281 4035 1367 4098 acte-

68 4164 132 4210 nus
167 4143 208 4209 ab
242 4146 373 4227 antiquo
403 4149 548 4226 tempore
579 4145 776 4211 obseruatus.
811 4146 845 4212 si
868 4150 975 4210 autem
999 4145 1138 4227 aliquem
1162 4163 1220 4210 seu
1241 4144 1367 4228 aliquos

66 4278 107 4325 ex
147 4257 244 4323 dictis
278 4256 404 4323 ciuibus
435 4277 492 4324 seu
522 4258 791 4324 inhabitatoribus
822 4259 967 4341 predicte
990 4259 1133 4324 ciuitatis
1157 4258 1365 4341 Pilsenensis,

67 4372 151 4439 viris
183 4376 215 4436 et
244 4371 443 4453 mulieribus,
475 4374 547 4438 sine
571 4372 757 4453 donacione,
780 4378 983 4454 testamento,
1008 4371 1214 4439 ordinacione
1237 4390 1295 4439 seu
1318 4371 1367 4439 di·

65 4485 264 4570 sposicione,
295 4505 359 4551 non
389 4486 512 4553 relictis
548 4488 715 4569 utriusque
739 4504 833 4552 sexus
857 4487 1011 4569 legitimis
1035 4486 1218 4569 heredibus,
1241 4485 1282 4554 ab
1304 4486 1364 4554 hac

63 4601 142 4666 lnce
171 4599 312 4680 migrare
343 4598 583 4681 contingeret,³)
612 4606 728 4666 extunc
751 4601 901 4666 uniuersa
924 4606 956 4666 et
980 4600 1109 4684 singule
1131 4600 1363 4685 possessiones,
