<?xml version="1.0" encoding="UTF-8"?>
<!DOCTYPE html PUBLIC "-//W3C//DTD XHTML 1.0 Transitional//EN"
    "http://www.w3.org/TR/xhtml1/DTD/xhtml1-transitional.dtd">
<html xmlns="http://www.w3.org/1999/xhtml" xml:lang="en" lang="en">
 <head>
  <title>
</title>
<meta http-equiv="Content-Type" content="text/html;charset=utf-8" />
  <meta name='ocr-system' content='tesseract 3.04.00' />
  <meta name='ocr-capabilities' content='ocr_page ocr_carea ocr_par ocr_line ocrx_word'/>
</head>
<body>
  <div class='ocr_page' id='page_1' title='image "./sbrkapramenprva01kingoog/sbrkapramenprva01kingoog_1117.png"; bbox 0 0 3098 5392; ppageno 0'>
   <div class='ocr_carea' id='block_1_1' title="bbox 215 411 906 476">
    <p class='ocr_par' dir='ltr' id='par_1_1' title="bbox 215 411 906 476">
     <span class='ocr_line' id='line_1_1' title="bbox 215 411 906 476; baseline 0.006 -1"><span class='ocrx_word' id='word_1_1' title='bbox 215 411 300 476; x_wconf 76' lang='lat'>1076</span> <span class='ocrx_word' id='word_1_2' title='bbox 828 413 906 462; x_wconf 68' lang='lat'><strong>¹⁴⁰²·</strong></span> 
     </span>
    </p>
   </div>
   <div class='ocr_carea' id='block_1_2' title="bbox 213 616 1541 4326">
    <p class='ocr_par' dir='ltr' id='par_1_2' title="bbox 213 616 1541 4326">
     <span class='ocr_line' id='line_1_2' title="bbox 213 616 1541 701; baseline 0.014 -16"><span class='ocrx_word' id='word_1_3' title='bbox 213 626 337 685; x_wconf 77' lang='lat' dir='ltr'><strong>latores</strong></span> <span class='ocrx_word' id='word_1_4' title='bbox 363 617 482 683; x_wconf 81' lang='lat' dir='ltr'><strong>ibidem</strong></span> <span class='ocrx_word' id='word_1_5' title='bbox 513 634 585 680; x_wconf 91' lang='lat' dir='ltr'><strong>cum</strong></span> <span class='ocrx_word' id='word_1_6' title='bbox 609 616 793 681; x_wconf 88' lang='lat' dir='ltr'><strong>huiusmodi</strong></span> <span class='ocrx_word' id='word_1_7' title='bbox 817 621 959 699; x_wconf 90' lang='lat' dir='ltr'><strong>propriis</strong></span> <span class='ocrx_word' id='word_1_8' title='bbox 982 639 1095 686; x_wconf 87' lang='lat' dir='ltr'><strong>eornm</strong></span> <span class='ocrx_word' id='word_1_9' title='bbox 1117 627 1299 695; x_wconf 83' lang='lat' dir='ltr'><strong>mercibus</strong></span> <span class='ocrx_word' id='word_1_10' title='bbox 1325 642 1361 697; x_wconf 84' lang='lat' dir='ltr'><strong>et</strong></span> <span class='ocrx_word' id='word_1_11' title='bbox 1386 635 1485 701; x_wconf 82' lang='lat' dir='ltr'><strong>rebus</strong></span> <span class='ocrx_word' id='word_1_12' title='bbox 1506 639 1541 701; x_wconf 88' lang='lat' dir='ltr'><strong>ab</strong></span> 
     </span>
     <span class='ocr_line' id='line_1_3' title="bbox 214 729 1541 816; baseline 0.014 -17"><span class='ocrx_word' id='word_1_13' title='bbox 214 733 300 799; x_wconf 92' lang='lat' dir='ltr'><strong>omni</strong></span> <span class='ocrx_word' id='word_1_14' title='bbox 324 731 498 796; x_wconf 79' lang='lat' dir='ltr'><strong>exaccione</strong></span> <span class='ocrx_word' id='word_1_15' title='bbox 519 729 664 794; x_wconf 87' lang='lat' dir='ltr'><strong>thelonei</strong></span> <span class='ocrx_word' id='word_1_16' title='bbox 687 733 827 811; x_wconf 80' lang='lat' dir='ltr'><strong>exempti</strong></span> <span class='ocrx_word' id='word_1_17' title='bbox 850 750 924 797; x_wconf 87' lang='lat' dir='ltr'><strong>esse</strong></span> <span class='ocrx_word' id='word_1_18' title='bbox 946 732 1064 799; x_wconf 86' lang='lat' dir='ltr'><strong>debent</strong></span> <span class='ocrx_word' id='word_1_19' title='bbox 1087 739 1230 803; x_wconf 92' lang='lat' dir='ltr'><strong>omnino</strong></span> <span class='ocrx_word' id='word_1_20' title='bbox 1260 750 1299 808; x_wconf 88' lang='lat' dir='ltr'><strong>et</strong></span> <span class='ocrx_word' id='word_1_21' title='bbox 1325 748 1444 814; x_wconf 90' lang='lat' dir='ltr'><strong>soluti.</strong></span> <span class='ocrx_word' id='word_1_22' title='bbox 1488 751 1541 816; x_wconf 92' lang='lat' dir='ltr'><strong>Pa·</strong></span> 
     </span>
     <span class='ocr_line' id='line_1_4' title="bbox 214 841 1541 939; baseline 0.015 -28"><span class='ocrx_word' id='word_1_23' title='bbox 214 848 295 911; x_wconf 90' lang='lat' dir='ltr'><strong>riter</strong></span> <span class='ocrx_word' id='word_1_24' title='bbox 316 852 349 910; x_wconf 87' lang='lat' dir='ltr'><strong>et</strong></span> <span class='ocrx_word' id='word_1_25' title='bbox 372 841 615 910; x_wconf 85' lang='lat' dir='ltr'><strong>Wodnsnenses</strong></span> <span class='ocrx_word' id='word_1_26' title='bbox 638 863 708 909; x_wconf 89' lang='lat' dir='ltr'><strong>eum</strong></span> <span class='ocrx_word' id='word_1_27' title='bbox 725 843 887 910; x_wconf 80' lang='lat' dir='ltr'><strong>mercibus</strong></span> <span class='ocrx_word' id='word_1_28' title='bbox 904 864 1016 911; x_wconf 87' lang='lat' dir='ltr'><strong>eorum</strong></span> <span class='ocrx_word' id='word_1_29' title='bbox 1032 855 1065 912; x_wconf 88' lang='lat' dir='ltr'><strong>et</strong></span> <span class='ocrx_word' id='word_1_30' title='bbox 1081 849 1185 916; x_wconf 89' lang='lat' dir='ltr'><strong>rebus</strong></span> <span class='ocrx_word' id='word_1_31' title='bbox 1201 860 1365 939; x_wconf 78' lang='lat' dir='ltr'><strong>propriis</strong></span> <span class='ocrx_word' id='word_1_32' title='bbox 1381 866 1541 930; x_wconf 72' lang='lat' dir='ltr'><strong>veniente:</strong></span> 
     </span>
     <span class='ocr_line' id='line_1_5' title="bbox 214 957 1539 1044; baseline 0.016 -19"><span class='ocrx_word' id='word_1_33' title='bbox 214 961 249 1025; x_wconf 94' lang='lat' dir='ltr'><strong>in</strong></span> <span class='ocrx_word' id='word_1_34' title='bbox 279 958 438 1042; x_wconf 82' lang='lat' dir='ltr'><strong>Pyeskam</strong></span> <span class='ocrx_word' id='word_1_35' title='bbox 476 976 495 1021; x_wconf 97' lang='lat' dir='ltr'><strong>e</strong></span> <span class='ocrx_word' id='word_1_36' title='bbox 523 975 680 1022; x_wconf 87' lang='lat' dir='ltr'><strong>conuerso</strong></span> <span class='ocrx_word' id='word_1_37' title='bbox 713 957 754 1022; x_wconf 85' lang='lat' dir='ltr'><strong>ab</strong></span> <span class='ocrx_word' id='word_1_38' title='bbox 785 960 872 1023; x_wconf 91' lang='lat' dir='ltr'><strong>omni</strong></span> <span class='ocrx_word' id='word_1_39' title='bbox 902 962 1076 1026; x_wconf 79' lang='lat' dir='ltr'><strong>exaccione</strong></span> <span class='ocrx_word' id='word_1_40' title='bbox 1108 964 1267 1035; x_wconf 84' lang='lat' dir='ltr'><strong>thelonei</strong></span> <span class='ocrx_word' id='word_1_41' title='bbox 1303 973 1408 1042; x_wconf 84' lang='lat' dir='ltr'><strong>liberi</strong></span> <span class='ocrx_word' id='word_1_42' title='bbox 1432 977 1539 1044; x_wconf 83' lang='lat' dir='ltr'><strong>debent</strong></span> 
     </span>
     <span class='ocr_line' id='line_1_6' title="bbox 214 1069 1538 1158; baseline 0.011 -19"><span class='ocrx_word' id='word_1_43' title='bbox 214 1092 288 1139; x_wconf 87' lang='lat' dir='ltr'><strong>esse</strong></span> <span class='ocrx_word' id='word_1_44' title='bbox 310 1078 344 1138; x_wconf 88' lang='lat' dir='ltr'><strong>et</strong></span> <span class='ocrx_word' id='word_1_45' title='bbox 365 1071 473 1136; x_wconf 90' lang='lat' dir='ltr'><strong>soluti.</strong></span> <span class='ocrx_word' id='word_1_46' title='bbox 508 1069 747 1135; x_wconf 76' lang='lat' dir='ltr'><strong>Xicbilominus</strong></span> <span class='ocrx_word' id='word_1_47' title='bbox 770 1072 879 1136; x_wconf 85' lang='lat' dir='ltr'><strong>nudus</strong></span> <span class='ocrx_word' id='word_1_48' title='bbox 902 1080 1068 1139; x_wconf 84' lang='lat' dir='ltr'><strong>rectorum</strong></span> <span class='ocrx_word' id='word_1_49' title='bbox 1090 1077 1220 1146; x_wconf 84' lang='lat' dir='ltr'><strong>audeat</strong></span> <span class='ocrx_word' id='word_1_50' title='bbox 1244 1103 1330 1151; x_wconf 88' lang='lat' dir='ltr'><strong>curn</strong></span> <span class='ocrx_word' id='word_1_51' title='bbox 1354 1089 1457 1156; x_wconf 86' lang='lat' dir='ltr'><strong>rebus</strong></span> <span class='ocrx_word' id='word_1_52' title='bbox 1479 1095 1538 1158; x_wconf 84' lang='lat' dir='ltr'><strong>sois</strong></span> 
     </span>
     <span class='ocr_line' id='line_1_7' title="bbox 215 1182 1538 1282; baseline 0.012 -31"><span class='ocrx_word' id='word_1_53' title='bbox 215 1205 273 1252; x_wconf 89' lang='lat' dir='ltr'><strong>sen</strong></span> <span class='ocrx_word' id='word_1_54' title='bbox 304 1183 465 1250; x_wconf 78' lang='lat' dir='ltr'><strong>mercibus</strong></span> <span class='ocrx_word' id='word_1_55' title='bbox 497 1182 743 1265; x_wconf 81' lang='lat' dir='ltr'><strong>quibuscunque</strong></span> <span class='ocrx_word' id='word_1_56' title='bbox 774 1202 911 1266; x_wconf 77' lang='lat' dir='ltr'><strong>pergere</strong></span> <span class='ocrx_word' id='word_1_57' title='bbox 938 1187 971 1250; x_wconf 94' lang='lat' dir='ltr'><strong>in</strong></span> <span class='ocrx_word' id='word_1_58' title='bbox 994 1188 1075 1269; x_wconf 64' lang='lat' dir='ltr'><strong>m,</strong></span> <span class='ocrx_word' id='word_1_59' title='bbox 1111 1200 1217 1272; x_wconf 89' lang='lat' dir='ltr'><strong>prout</strong></span> <span class='ocrx_word' id='word_1_60' title='bbox 1247 1198 1538 1282; x_wconf 73' lang='lat' dir='ltr'><strong>impignorationes</strong></span> 
     </span>
     <span class='ocr_line' id='line_1_8' title="bbox 215 1296 1534 1384; baseline 0.016 -19"><span class='ocrx_word' id='word_1_61' title='bbox 215 1305 387 1365; x_wconf 89' lang='lat' dir='ltr'><strong>consuetas</strong></span> <span class='ocrx_word' id='word_1_62' title='bbox 420 1315 479 1378; x_wconf 91' lang='lat' dir='ltr'><strong>per</strong></span> <span class='ocrx_word' id='word_1_63' title='bbox 508 1296 612 1361; x_wconf 85' lang='lat' dir='ltr'><strong>dictas</strong></span> <span class='ocrx_word' id='word_1_64' title='bbox 641 1297 793 1362; x_wconf 88' lang='lat' dir='ltr'><strong>ciuitates</strong></span> <span class='ocrx_word' id='word_1_65' title='bbox 822 1297 989 1365; x_wconf 85' lang='lat' dir='ltr'><strong>iaciendas</strong></span> <span class='ocrx_word' id='word_1_66' title='bbox 1022 1303 1191 1371; x_wconf 82' lang='lat' dir='ltr'><strong>voluerint</strong></span> <span class='ocrx_word' id='word_1_67' title='bbox 1216 1312 1373 1383; x_wconf 86' lang='lat' dir='ltr'><strong>enitare.</strong></span> <span class='ocrx_word' id='word_1_68' title='bbox 1400 1320 1534 1384; x_wconf 81' lang='lat' dir='ltr'><strong>exclusis</strong></span> 
     </span>
     <span class='ocr_line' id='line_1_9' title="bbox 216 1410 1536 1514; baseline 0.017 -37"><span class='ocrx_word' id='word_1_69' title='bbox 216 1420 325 1477; x_wconf 90' lang='lat' dir='ltr'><strong>tamen</strong></span> <span class='ocrx_word' id='word_1_70' title='bbox 349 1411 446 1476; x_wconf 85' lang='lat' dir='ltr'><strong>rebus</strong></span> <span class='ocrx_word' id='word_1_71' title='bbox 469 1410 733 1492; x_wconf 85' lang='lat' dir='ltr'><strong>peneslicalibus,</strong></span> <span class='ocrx_word' id='word_1_72' title='bbox 763 1430 835 1476; x_wconf 91' lang='lat' dir='ltr'><strong>cum</strong></span> <span class='ocrx_word' id='word_1_73' title='bbox 858 1413 976 1493; x_wconf 89' lang='lat' dir='ltr'><strong>quibus</strong></span> <span class='ocrx_word' id='word_1_74' title='bbox 1001 1414 1078 1481; x_wconf 89' lang='lat' dir='ltr'><strong>illuc</strong></span> <span class='ocrx_word' id='word_1_75' title='bbox 1102 1417 1160 1482; x_wconf 91' lang='lat' dir='ltr'><strong>die</strong></span> <span class='ocrx_word' id='word_1_76' title='bbox 1184 1421 1324 1492; x_wconf 78' lang='lat' dir='ltr'><strong>forensi</strong></span> <span class='ocrx_word' id='word_1_77' title='bbox 1351 1430 1447 1496; x_wconf 87' lang='lat' dir='ltr'><strong>licite</strong></span> <span class='ocrx_word' id='word_1_78' title='bbox 1475 1452 1536 1514; x_wconf 81' lang='lat' dir='ltr'><strong>per·</strong></span> 
     </span>
     <span class='ocr_line' id='line_1_10' title="bbox 220 1522 1533 1611; baseline 0.009 -21"><span class='ocrx_word' id='word_1_79' title='bbox 220 1546 297 1609; x_wconf 75' lang='lat' dir='ltr'><strong>gere</strong></span> <span class='ocrx_word' id='word_1_80' title='bbox 320 1527 460 1608; x_wconf 77' lang='lat' dir='ltr'><strong>poterint</strong></span> <span class='ocrx_word' id='word_1_81' title='bbox 492 1525 564 1588; x_wconf 91' lang='lat' dir='ltr'><strong>sine</strong></span> <span class='ocrx_word' id='word_1_82' title='bbox 585 1522 727 1605; x_wconf 89' lang='lat' dir='ltr'><strong>quolibet</strong></span> <span class='ocrx_word' id='word_1_83' title='bbox 751 1525 992 1606; x_wconf 87' lang='lat' dir='ltr'><strong>impedimento.</strong></span> <span class='ocrx_word' id='word_1_84' title='bbox 1031 1529 1202 1611; x_wconf 80' lang='lat' dir='ltr'><strong>Expresse</strong></span> <span class='ocrx_word' id='word_1_85' title='bbox 1225 1542 1348 1606; x_wconf 86' lang='lat' dir='ltr'><strong>tamen</strong></span> <span class='ocrx_word' id='word_1_86' title='bbox 1373 1544 1533 1611; x_wconf 65' lang='lat' dir='ltr'><strong>edicimus,</strong></span> 
     </span>
     <span class='ocr_line' id='line_1_11' title="bbox 219 1638 1533 1740; baseline 0.018 -37"><span class='ocrx_word' id='word_1_87' title='bbox 219 1640 304 1723; x_wconf 88' lang='lat' dir='ltr'><strong>qnod</strong></span> <span class='ocrx_word' id='word_1_88' title='bbox 328 1640 392 1720; x_wconf 88' lang='lat' dir='ltr'><strong>ipsi</strong></span> <span class='ocrx_word' id='word_1_89' title='bbox 414 1638 658 1702; x_wconf 82' lang='lat' dir='ltr'><strong>Wodnanenses</strong></span> <span class='ocrx_word' id='word_1_90' title='bbox 682 1639 808 1719; x_wconf 86' lang='lat' dir='ltr'><strong>possint</strong></span> <span class='ocrx_word' id='word_1_91' title='bbox 830 1645 863 1704; x_wconf 86' lang='lat' dir='ltr'><strong>el</strong></span> <span class='ocrx_word' id='word_1_92' title='bbox 885 1640 1002 1706; x_wconf 86' lang='lat' dir='ltr'><strong>debent</strong></span> <span class='ocrx_word' id='word_1_93' title='bbox 1026 1643 1130 1710; x_wconf 90' lang='lat' dir='ltr'><strong>libere</strong></span> <span class='ocrx_word' id='word_1_94' title='bbox 1153 1654 1187 1712; x_wconf 88' lang='lat' dir='ltr'><strong>et</strong></span> <span class='ocrx_word' id='word_1_95' title='bbox 1213 1656 1313 1720; x_wconf 91' lang='lat' dir='ltr'><strong>omni</strong></span> <span class='ocrx_word' id='word_1_96' title='bbox 1337 1657 1464 1740; x_wconf 85' lang='lat' dir='ltr'><strong>absque</strong></span> <span class='ocrx_word' id='word_1_97' title='bbox 1484 1662 1533 1725; x_wconf 77' lang='lat' dir='ltr'><strong>im</strong></span> 
     </span>
     <span class='ocr_line' id='line_1_12' title="bbox 218 1751 1531 1839; baseline 0.014 -21"><span class='ocrx_word' id='word_1_98' title='bbox 218 1754 402 1836; x_wconf 87' lang='lat' dir='ltr'><strong>pedimento</strong></span> <span class='ocrx_word' id='word_1_99' title='bbox 424 1751 656 1835; x_wconf 87' lang='lat' dir='ltr'><strong>Pycscensium</strong></span> <span class='ocrx_word' id='word_1_100' title='bbox 679 1769 735 1815; x_wconf 89' lang='lat' dir='ltr'><strong>seu</strong></span> <span class='ocrx_word' id='word_1_101' title='bbox 760 1753 924 1818; x_wconf 89' lang='lat' dir='ltr'><strong>hominum</strong></span> <span class='ocrx_word' id='word_1_102' title='bbox 946 1757 1164 1836; x_wconf 87' lang='lat' dir='ltr'><strong>quorumlibet</strong></span> <span class='ocrx_word' id='word_1_103' title='bbox 1181 1764 1338 1834; x_wconf 88' lang='lat' dir='ltr'><strong>aliorum</strong></span> <span class='ocrx_word' id='word_1_104' title='bbox 1353 1773 1398 1836; x_wconf 88' lang='lat' dir='ltr'><strong>ad</strong></span> <span class='ocrx_word' id='word_1_105' title='bbox 1416 1771 1531 1839; x_wconf 73' lang='lat' dir='ltr'><strong>Montes</strong></span> 
     </span>
     <span class='ocr_line' id='line_1_13' title="bbox 217 1863 1530 1969; baseline 0.018 -37"><span class='ocrx_word' id='word_1_106' title='bbox 217 1863 462 1952; x_wconf 68' lang='lat' dir='ltr'><strong>chuttlnenses]</strong></span> <span class='ocrx_word' id='word_1_107' title='bbox 477 1866 623 1948; x_wconf 81' lang='lat' dir='ltr'><strong>equitare</strong></span> <span class='ocrx_word' id='word_1_108' title='bbox 638 1884 694 1929; x_wconf 89' lang='lat' dir='ltr'><strong>seu</strong></span> <span class='ocrx_word' id='word_1_109' title='bbox 712 1885 847 1948; x_wconf 80' lang='lat' dir='ltr'><strong>pergere</strong></span> <span class='ocrx_word' id='word_1_110' title='bbox 869 1880 928 1949; x_wconf 91' lang='lat' dir='ltr'><strong>per</strong></span> <span class='ocrx_word' id='word_1_111' title='bbox 950 1874 1072 1936; x_wconf 87' lang='lat' dir='ltr'><strong>stratas</strong></span> <span class='ocrx_word' id='word_1_112' title='bbox 1094 1878 1131 1937; x_wconf 81' lang='lat' dir='ltr'><strong>et</strong></span> <span class='ocrx_word' id='word_1_113' title='bbox 1152 1877 1243 1957; x_wconf 85' lang='lat' dir='ltr'><strong>rias,</strong></span> <span class='ocrx_word' id='word_1_114' title='bbox 1275 1899 1348 1962; x_wconf 87' lang='lat' dir='ltr'><strong>que</strong></span> <span class='ocrx_word' id='word_1_115' title='bbox 1373 1886 1530 1969; x_wconf 77' lang='lat' dir='ltr'><strong>ipsisne</strong></span> 
     </span>
     <span class='ocr_line' id='line_1_14' title="bbox 216 1978 1528 2066; baseline 0.008 -20"><span class='ocrx_word' id='word_1_116' title='bbox 216 1983 281 2046; x_wconf 92' lang='lat' dir='ltr'><strong>lius</strong></span> <span class='ocrx_word' id='word_1_117' title='bbox 312 1979 508 2045; x_wconf 88' lang='lat' dir='ltr'><strong>videbuntur</strong></span> <span class='ocrx_word' id='word_1_118' title='bbox 536 1978 697 2060; x_wconf 86' lang='lat' dir='ltr'><strong>expedire,</strong></span> <span class='ocrx_word' id='word_1_119' title='bbox 732 1980 876 2060; x_wconf 90' lang='lat' dir='ltr'><strong>ipsorum</strong></span> <span class='ocrx_word' id='word_1_120' title='bbox 904 1987 1011 2046; x_wconf 91' lang='lat' dir='ltr'><strong>tamen</strong></span> <span class='ocrx_word' id='word_1_121' title='bbox 1033 1987 1181 2066; x_wconf 91' lang='lat' dir='ltr'><strong>propriis</strong></span> <span class='ocrx_word' id='word_1_122' title='bbox 1214 2009 1297 2057; x_wconf 90' lang='lat' dir='ltr'><strong>cum</strong></span> <span class='ocrx_word' id='word_1_123' title='bbox 1322 2000 1485 2065; x_wconf 70' lang='lat' dir='ltr'><strong>mercibus</strong></span> <span class='ocrx_word' id='word_1_124' title='bbox 1503 2010 1528 2062; x_wconf 77' lang='lat' dir='ltr'><strong>ol</strong></span> 
     </span>
     <span class='ocr_line' id='line_1_15' title="bbox 218 2092 1528 2180; baseline 0.013 -21"><span class='ocrx_word' id='word_1_125' title='bbox 218 2095 328 2160; x_wconf 86' lang='lat' dir='ltr'><strong>rebus.</strong></span> <span class='ocrx_word' id='word_1_126' title='bbox 372 2094 407 2158; x_wconf 85' lang='lat' dir='ltr'><strong>Si</strong></span> <span class='ocrx_word' id='word_1_127' title='bbox 438 2092 512 2174; x_wconf 90' lang='lat' dir='ltr'><strong>quis</strong></span> <span class='ocrx_word' id='word_1_128' title='bbox 544 2111 620 2157; x_wconf 84' lang='lat' dir='ltr'><strong>rero</strong></span> <span class='ocrx_word' id='word_1_129' title='bbox 644 2093 821 2158; x_wconf 87' lang='lat' dir='ltr'><strong>incolarum</strong></span> <span class='ocrx_word' id='word_1_130' title='bbox 845 2113 902 2159; x_wconf 86' lang='lat' dir='ltr'><strong>seu</strong></span> <span class='ocrx_word' id='word_1_131' title='bbox 926 2096 1185 2164; x_wconf 72' lang='lat' dir='ltr'><strong>inhabitatorum</strong></span> <span class='ocrx_word' id='word_1_132' title='bbox 1211 2104 1374 2176; x_wconf 88' lang='lat' dir='ltr'><strong>ciuitatis</strong></span> <span class='ocrx_word' id='word_1_133' title='bbox 1402 2112 1528 2180; x_wconf 78' lang='lat' dir='ltr'><strong>Wodna·</strong></span> 
     </span>
     <span class='ocr_line' id='line_1_16' title="bbox 221 2204 1527 2309; baseline 0.014 -37"><span class='ocrx_word' id='word_1_134' title='bbox 221 2208 332 2272; x_wconf 88' lang='lat' dir='ltr'><strong>nensis</strong></span> <span class='ocrx_word' id='word_1_135' title='bbox 364 2208 513 2271; x_wconf 86' lang='lat' dir='ltr'><strong>inventus</strong></span> <span class='ocrx_word' id='word_1_136' title='bbox 545 2204 643 2269; x_wconf 89' lang='lat' dir='ltr'><strong>luerit</strong></span> <span class='ocrx_word' id='word_1_137' title='bbox 676 2212 708 2269; x_wconf 90' lang='lat' dir='ltr'><strong>et</strong></span> <span class='ocrx_word' id='word_1_138' title='bbox 739 2208 910 2273; x_wconf 87' lang='lat' dir='ltr'><strong>conuictus</strong></span> <span class='ocrx_word' id='word_1_139' title='bbox 931 2209 1121 2277; x_wconf 89' lang='lat' dir='ltr'><strong>testimonio</strong></span> <span class='ocrx_word' id='word_1_140' title='bbox 1144 2217 1350 2304; x_wconf 81' lang='lat' dir='ltr'><strong>sufficienti,</strong></span> <span class='ocrx_word' id='word_1_141' title='bbox 1380 2227 1465 2309; x_wconf 91' lang='lat' dir='ltr'><strong>quod</strong></span> <span class='ocrx_word' id='word_1_142' title='bbox 1485 2246 1527 2290; x_wconf 83' lang='lat' dir='ltr'><strong>res</strong></span> 
     </span>
     <span class='ocr_line' id='line_1_17' title="bbox 219 2320 1526 2420; baseline 0.015 -34"><span class='ocrx_word' id='word_1_143' title='bbox 219 2339 277 2386; x_wconf 86' lang='lat' dir='ltr'><strong>seu</strong></span> <span class='ocrx_word' id='word_1_144' title='bbox 309 2338 431 2385; x_wconf 85' lang='lat' dir='ltr'><strong>merces</strong></span> <span class='ocrx_word' id='word_1_145' title='bbox 461 2320 586 2384; x_wconf 86' lang='lat' dir='ltr'><strong>alienas</strong></span> <span class='ocrx_word' id='word_1_146' title='bbox 616 2337 824 2402; x_wconf 87' lang='lat' dir='ltr'><strong>quascunque</strong></span> <span class='ocrx_word' id='word_1_147' title='bbox 857 2328 975 2387; x_wconf 84' lang='lat' dir='ltr'><strong>elnon</strong></span> <span class='ocrx_word' id='word_1_148' title='bbox 999 2327 1152 2406; x_wconf 83' lang='lat' dir='ltr'><strong>proprias</strong></span> <span class='ocrx_word' id='word_1_149' title='bbox 1175 2329 1326 2401; x_wconf 85' lang='lat' dir='ltr'><strong>duceret</strong></span> <span class='ocrx_word' id='word_1_150' title='bbox 1350 2358 1412 2420; x_wconf 88' lang='lat' dir='ltr'><strong>per</strong></span> <span class='ocrx_word' id='word_1_151' title='bbox 1432 2343 1526 2406; x_wconf 83' lang='lat' dir='ltr'><strong>incon·</strong></span> 
     </span>
     <span class='ocr_line' id='line_1_18' title="bbox 220 2431 1526 2535; baseline 0.016 -37"><span class='ocrx_word' id='word_1_152' title='bbox 220 2437 331 2499; x_wconf 88' lang='lat' dir='ltr'><strong>suetas</strong></span> <span class='ocrx_word' id='word_1_153' title='bbox 354 2434 435 2511; x_wconf 84' lang='lat' dir='ltr'><strong>rias,</strong></span> <span class='ocrx_word' id='word_1_154' title='bbox 463 2431 593 2496; x_wconf 87' lang='lat' dir='ltr'><strong>easdem</strong></span> <span class='ocrx_word' id='word_1_155' title='bbox 616 2449 738 2497; x_wconf 89' lang='lat' dir='ltr'><strong>merces</strong></span> <span class='ocrx_word' id='word_1_156' title='bbox 761 2451 819 2498; x_wconf 87' lang='lat' dir='ltr'><strong>seu</strong></span> <span class='ocrx_word' id='word_1_157' title='bbox 842 2454 895 2500; x_wconf 90' lang='lat' dir='ltr'><strong>res</strong></span> <span class='ocrx_word' id='word_1_158' title='bbox 918 2454 994 2501; x_wconf 87' lang='lat' dir='ltr'><strong>suas</strong></span> <span class='ocrx_word' id='word_1_159' title='bbox 1016 2441 1168 2520; x_wconf 89' lang='lat' dir='ltr'><strong>proprias</strong></span> <span class='ocrx_word' id='word_1_160' title='bbox 1193 2448 1321 2526; x_wconf 83' lang='lat' dir='ltr'><strong>perdat</strong></span> <span class='ocrx_word' id='word_1_161' title='bbox 1346 2458 1380 2517; x_wconf 88' lang='lat' dir='ltr'><strong>el</strong></span> <span class='ocrx_word' id='word_1_162' title='bbox 1406 2454 1526 2535; x_wconf 77' lang='lat' dir='ltr'><strong>perdere</strong></span> 
     </span>
     <span class='ocr_line' id='line_1_19' title="bbox 219 2545 1524 2632; baseline 0.015 -22"><span class='ocrx_word' id='word_1_163' title='bbox 219 2546 317 2611; x_wconf 88' lang='lat' dir='ltr'><strong>debet</strong></span> <span class='ocrx_word' id='word_1_164' title='bbox 341 2565 414 2610; x_wconf 90' lang='lat' dir='ltr'><strong>cum</strong></span> <span class='ocrx_word' id='word_1_165' title='bbox 437 2545 554 2609; x_wconf 89' lang='lat' dir='ltr'><strong>alienis</strong></span> <span class='ocrx_word' id='word_1_166' title='bbox 576 2553 608 2611; x_wconf 89' lang='lat' dir='ltr'><strong>et</strong></span> <span class='ocrx_word' id='word_1_167' title='bbox 632 2546 817 2612; x_wconf 89' lang='lat' dir='ltr'><strong>huiusmodi</strong></span> <span class='ocrx_word' id='word_1_168' title='bbox 840 2567 963 2614; x_wconf 88' lang='lat' dir='ltr'><strong>merces</strong></span> <span class='ocrx_word' id='word_1_169' title='bbox 987 2555 1135 2619; x_wconf 86' lang='lat' dir='ltr'><strong>conuerti</strong></span> <span class='ocrx_word' id='word_1_170' title='bbox 1160 2555 1288 2625; x_wconf 86' lang='lat' dir='ltr'><strong>debent</strong></span> <span class='ocrx_word' id='word_1_171' title='bbox 1310 2563 1347 2629; x_wconf 87' lang='lat' dir='ltr'><strong>in</strong></span> <span class='ocrx_word' id='word_1_172' title='bbox 1364 2585 1443 2632; x_wconf 87' lang='lat' dir='ltr'><strong>usus</strong></span> <span class='ocrx_word' id='word_1_173' title='bbox 1457 2567 1524 2632; x_wconf 85' lang='lat' dir='ltr'><strong>cini·</strong></span> 
     </span>
     <span class='ocr_line' id='line_1_20' title="bbox 222 2657 1522 2745; baseline 0.014 -21"><span class='ocrx_word' id='word_1_174' title='bbox 222 2660 299 2724; x_wconf 90' lang='lat' dir='ltr'><strong>tatis</strong></span> <span class='ocrx_word' id='word_1_175' title='bbox 324 2657 468 2740; x_wconf 82' lang='lat' dir='ltr'><strong>predicte</strong></span> <span class='ocrx_word' id='word_1_176' title='bbox 491 2658 692 2740; x_wconf 77' lang='lat' dir='ltr'><strong>Pyescensis,</strong></span> <span class='ocrx_word' id='word_1_177' title='bbox 716 2667 810 2740; x_wconf 90' lang='lat' dir='ltr'><strong>prout</strong></span> <span class='ocrx_word' id='word_1_178' title='bbox 833 2662 929 2728; x_wconf 89' lang='lat' dir='ltr'><strong>litere</strong></span> <span class='ocrx_word' id='word_1_179' title='bbox 944 2663 1089 2745; x_wconf 90' lang='lat' dir='ltr'><strong>ipsorum</strong></span> <span class='ocrx_word' id='word_1_180' title='bbox 1104 2666 1356 2742; x_wconf 85' lang='lat' dir='ltr'><strong>demonstrant.</strong></span> <span class='ocrx_word' id='word_1_181' title='bbox 1390 2680 1522 2745; x_wconf 77' lang='lat' dir='ltr'><strong>Ceterum</strong></span> 
     </span>
     <span class='ocr_line' id='line_1_21' title="bbox 221 2772 1523 2875; baseline 0.012 -37"><span class='ocrx_word' id='word_1_182' title='bbox 221 2791 332 2839; x_wconf 89' lang='lat' dir='ltr'><strong>omncs</strong></span> <span class='ocrx_word' id='word_1_183' title='bbox 355 2772 420 2836; x_wconf 90' lang='lat' dir='ltr'><strong>alie</strong></span> <span class='ocrx_word' id='word_1_184' title='bbox 442 2772 588 2836; x_wconf 85' lang='lat' dir='ltr'><strong>clausule</strong></span> <span class='ocrx_word' id='word_1_185' title='bbox 611 2778 643 2835; x_wconf 89' lang='lat' dir='ltr'><strong>et</strong></span> <span class='ocrx_word' id='word_1_186' title='bbox 666 2773 807 2850; x_wconf 86' lang='lat' dir='ltr'><strong>articuli,</strong></span> <span class='ocrx_word' id='word_1_187' title='bbox 834 2774 992 2856; x_wconf 88' lang='lat' dir='ltr'><strong>quemad</strong></span> <span class='ocrx_word' id='word_1_188' title='bbox 1016 2776 1146 2844; x_wconf 87' lang='lat' dir='ltr'><strong>modum</strong></span> <span class='ocrx_word' id='word_1_189' title='bbox 1170 2783 1208 2847; x_wconf 91' lang='lat' dir='ltr'><strong>in</strong></span> <span class='ocrx_word' id='word_1_190' title='bbox 1235 2787 1351 2857; x_wconf 90' lang='lat' dir='ltr'><strong>literis</strong></span> <span class='ocrx_word' id='word_1_191' title='bbox 1375 2793 1523 2875; x_wconf 71' lang='lat' dir='ltr'><strong>regaliter</strong></span> 
     </span>
     <span class='ocr_line' id='line_1_22' title="bbox 221 2885 1519 2988; baseline 0.013 -37"><span class='ocrx_word' id='word_1_192' title='bbox 221 2894 428 2965; x_wconf 73' lang='lat' dir='ltr'><strong>utrarumque</strong></span> <span class='ocrx_word' id='word_1_193' title='bbox 458 2885 630 2949; x_wconf 86' lang='lat' dir='ltr'><strong>ciuitatum</strong></span> <span class='ocrx_word' id='word_1_194' title='bbox 663 2886 878 2959; x_wconf 87' lang='lat' dir='ltr'><strong>continentur,</strong></span> <span class='ocrx_word' id='word_1_195' title='bbox 911 2889 1039 2970; x_wconf 86' lang='lat' dir='ltr'><strong>plenum</strong></span> <span class='ocrx_word' id='word_1_196' title='bbox 1063 2890 1183 2958; x_wconf 90' lang='lat' dir='ltr'><strong>debent</strong></span> <span class='ocrx_word' id='word_1_197' title='bbox 1218 2899 1349 2969; x_wconf 87' lang='lat' dir='ltr'><strong>habere</strong></span> <span class='ocrx_word' id='word_1_198' title='bbox 1382 2914 1519 2988; x_wconf 78' lang='lat' dir='ltr'><strong>possset</strong></span> 
     </span>
     <span class='ocr_line' id='line_1_23' title="bbox 220 2997 1518 3101; baseline 0.012 -37"><span class='ocrx_word' id='word_1_199' title='bbox 220 3002 364 3082; x_wconf 78' lang='lat' dir='ltr'><strong>vigorem</strong></span> <span class='ocrx_word' id='word_1_200' title='bbox 398 3005 431 3062; x_wconf 83' lang='lat' dir='ltr'><strong>el</strong></span> <span class='ocrx_word' id='word_1_201' title='bbox 467 2997 698 3062; x_wconf 82' lang='lat' dir='ltr'><strong>inuiolabiliter</strong></span> <span class='ocrx_word' id='word_1_202' title='bbox 734 2999 910 3065; x_wconf 88' lang='lat' dir='ltr'><strong>obseruari.</strong></span> <span class='ocrx_word' id='word_1_203' title='bbox 958 3002 994 3065; x_wconf 93' lang='lat' dir='ltr'><strong>lu</strong></span> <span class='ocrx_word' id='word_1_204' title='bbox 1032 3021 1145 3068; x_wconf 88' lang='lat' dir='ltr'><strong>casum</strong></span> <span class='ocrx_word' id='word_1_205' title='bbox 1184 3029 1281 3091; x_wconf 86' lang='lat' dir='ltr'><strong>uero,</strong></span> <span class='ocrx_word' id='word_1_206' title='bbox 1323 3037 1391 3101; x_wconf 92' lang='lat' dir='ltr'><strong>quo</strong></span> <span class='ocrx_word' id='word_1_207' title='bbox 1426 3020 1518 3100; x_wconf 85' lang='lat' dir='ltr'><strong>aliqua</strong></span> 
     </span>
     <span class='ocr_line' id='line_1_24' title="bbox 220 3112 1516 3202; baseline 0.01 -25"><span class='ocrx_word' id='word_1_208' title='bbox 220 3115 380 3179; x_wconf 87' lang='lat' dir='ltr'><strong>dictarum</strong></span> <span class='ocrx_word' id='word_1_209' title='bbox 410 3112 580 3176; x_wconf 85' lang='lat' dir='ltr'><strong>ciuitatum</strong></span> <span class='ocrx_word' id='word_1_210' title='bbox 613 3129 670 3174; x_wconf 90' lang='lat' dir='ltr'><strong>seu</strong></span> <span class='ocrx_word' id='word_1_211' title='bbox 703 3114 847 3191; x_wconf 73' lang='lat' dir='ltr'><strong>parcium</strong></span> <span class='ocrx_word' id='word_1_212' title='bbox 874 3113 992 3179; x_wconf 89' lang='lat' dir='ltr'><strong>dictam</strong></span> <span class='ocrx_word' id='word_1_213' title='bbox 1016 3122 1161 3183; x_wconf 79' lang='lat' dir='ltr'><strong>nostram</strong></span> <span class='ocrx_word' id='word_1_214' title='bbox 1186 3132 1516 3202; x_wconf 73' lang='lat' dir='ltr'><strong>pronuoccincionen.</strong></span> 
     </span>
     <span class='ocr_line' id='line_1_25' title="bbox 220 3223 1518 3324; baseline 0.009 -32"><span class='ocrx_word' id='word_1_215' title='bbox 220 3226 509 3292; x_wconf 82' lang='lat' dir='ltr'><strong>auctorizacioneni</strong></span> <span class='ocrx_word' id='word_1_216' title='bbox 549 3230 581 3288; x_wconf 88' lang='lat' dir='ltr'><strong>et</strong></span> <span class='ocrx_word' id='word_1_217' title='bbox 615 3223 755 3288; x_wconf 87' lang='lat' dir='ltr'><strong>edietum</strong></span> <span class='ocrx_word' id='word_1_218' title='bbox 793 3233 905 3291; x_wconf 89' lang='lat' dir='ltr'><strong>tenere</strong></span> <span class='ocrx_word' id='word_1_219' title='bbox 942 3229 1039 3292; x_wconf 89' lang='lat' dir='ltr'><strong>nollet</strong></span> <span class='ocrx_word' id='word_1_220' title='bbox 1080 3248 1118 3294; x_wconf 88' lang='grc'><strong>11</strong></span> <span class='ocrx_word' id='word_1_221' title='bbox 1152 3234 1283 3302; x_wconf 90' lang='lat' dir='ltr'><strong>eisdem</strong></span> <span class='ocrx_word' id='word_1_222' title='bbox 1322 3241 1518 3324; x_wconf 88' lang='lat' dir='ltr'><strong>quonismodo</strong></span> 
     </span>
     <span class='ocr_line' id='line_1_26' title="bbox 221 3338 1516 3438; baseline 0.008 -32"><span class='ocrx_word' id='word_1_223' title='bbox 221 3340 406 3418; x_wconf 86' lang='lat' dir='ltr'><strong>contrairet,</strong></span> <span class='ocrx_word' id='word_1_224' title='bbox 436 3344 552 3402; x_wconf 82' lang='lat' dir='ltr'><strong>extunc</strong></span> <span class='ocrx_word' id='word_1_225' title='bbox 584 3338 642 3402; x_wconf 86' lang='lat' dir='ltr'><strong>illa</strong></span> <span class='ocrx_word' id='word_1_226' title='bbox 672 3356 746 3418; x_wconf 83' lang='lat' dir='ltr'><strong>pars</strong></span> <span class='ocrx_word' id='word_1_227' title='bbox 779 3359 842 3403; x_wconf 91' lang='lat' dir='ltr'><strong>non</strong></span> <span class='ocrx_word' id='word_1_228' title='bbox 875 3348 988 3407; x_wconf 86' lang='lat' dir='ltr'><strong>lenens</strong></span> <span class='ocrx_word' id='word_1_229' title='bbox 1020 3362 1079 3409; x_wconf 89' lang='lat' dir='ltr'><strong>sen</strong></span> <span class='ocrx_word' id='word_1_230' title='bbox 1102 3349 1343 3420; x_wconf 87' lang='lat' dir='ltr'><strong>contradicens</strong></span> <span class='ocrx_word' id='word_1_231' title='bbox 1366 3357 1399 3421; x_wconf 93' lang='lat' dir='ltr'><strong>in</strong></span> <span class='ocrx_word' id='word_1_232' title='bbox 1421 3373 1516 3438; x_wconf 83' lang='lat' dir='ltr'><strong>penam</strong></span> 
     </span>
     <span class='ocr_line' id='line_1_27' title="bbox 221 3451 1515 3541; baseline 0.01 -24"><span class='ocrx_word' id='word_1_233' title='bbox 221 3461 252 3518; x_wconf 88' lang='lat' dir='ltr'><strong>et</strong></span> <span class='ocrx_word' id='word_1_234' title='bbox 284 3451 413 3517; x_wconf 81' lang='lat' dir='ltr'><strong>radium</strong></span> <span class='ocrx_word' id='word_1_235' title='bbox 449 3457 578 3515; x_wconf 80' lang='lat' dir='ltr'><strong>cenum</strong></span> <span class='ocrx_word' id='word_1_236' title='bbox 612 3468 844 3532; x_wconf 75' lang='lat' dir='ltr'><strong>sexagenorum</strong></span> <span class='ocrx_word' id='word_1_237' title='bbox 878 3473 1064 3535; x_wconf 74' lang='lat' dir='ltr'><strong>grossorum</strong></span> <span class='ocrx_word' id='word_1_238' title='bbox 1099 3466 1319 3541; x_wconf 75' lang='lat' dir='ltr'><strong>pragensium</strong></span> <span class='ocrx_word' id='word_1_239' title='bbox 1354 3469 1461 3533; x_wconf 87' lang='lat' dir='ltr'><strong>incidit</strong></span> <span class='ocrx_word' id='word_1_240' title='bbox 1487 3486 1515 3530; x_wconf 85' lang='lat' dir='ltr'><strong>eo</strong></span> 
     </span>
     <span class='ocr_line' id='line_1_28' title="bbox 222 3563 1513 3649; baseline 0.006 -17"><span class='ocrx_word' id='word_1_241' title='bbox 222 3568 318 3645; x_wconf 83' lang='lat' dir='ltr'><strong>iacto,</strong></span> <span class='ocrx_word' id='word_1_242' title='bbox 350 3566 442 3628; x_wconf 88' lang='lat' dir='ltr'><strong>cuius</strong></span> <span class='ocrx_word' id='word_1_243' title='bbox 473 3563 603 3646; x_wconf 87' lang='lat' dir='ltr'><strong>quidem</strong></span> <span class='ocrx_word' id='word_1_244' title='bbox 633 3582 715 3645; x_wconf 90' lang='lat' dir='ltr'><strong>pene</strong></span> <span class='ocrx_word' id='word_1_245' title='bbox 747 3583 804 3629; x_wconf 89' lang='lat' dir='ltr'><strong>sen</strong></span> <span class='ocrx_word' id='word_1_246' title='bbox 835 3567 922 3632; x_wconf 80' lang='lat' dir='ltr'><strong>vadii</strong></span> <span class='ocrx_word' id='word_1_247' title='bbox 951 3569 1035 3649; x_wconf 85' lang='lat' dir='ltr'><strong>parti</strong></span> <span class='ocrx_word' id='word_1_248' title='bbox 1058 3573 1185 3636; x_wconf 91' lang='lat' dir='ltr'><strong>tenenti</strong></span> <span class='ocrx_word' id='word_1_249' title='bbox 1211 3582 1248 3640; x_wconf 91' lang='lat' dir='ltr'><strong>et</strong></span> <span class='ocrx_word' id='word_1_250' title='bbox 1268 3585 1382 3646; x_wconf 90' lang='lat' dir='ltr'><strong>ratum</strong></span> <span class='ocrx_word' id='word_1_251' title='bbox 1404 3579 1513 3646; x_wconf 84' lang='lat' dir='ltr'><strong>babenti</strong></span> 
     </span>
     <span class='ocr_line' id='line_1_29' title="bbox 222 3680 1511 3775; baseline 0.009 -32"><span class='ocrx_word' id='word_1_252' title='bbox 222 3680 458 3762; x_wconf 78' lang='lat' dir='ltr'><strong>quinquaginta</strong></span> <span class='ocrx_word' id='word_1_253' title='bbox 489 3695 667 3759; x_wconf 77' lang='lat' dir='ltr'><strong>sexagenas</strong></span> <span class='ocrx_word' id='word_1_254' title='bbox 697 3697 883 3758; x_wconf 78' lang='lat' dir='ltr'><strong>grossorum</strong></span> <span class='ocrx_word' id='word_1_255' title='bbox 914 3688 946 3745; x_wconf 87' lang='lat' dir='ltr'><strong>el</strong></span> <span class='ocrx_word' id='word_1_256' title='bbox 970 3683 1208 3765; x_wconf 78' lang='lat' dir='ltr'><strong>quinquaginta</strong></span> <span class='ocrx_word' id='word_1_257' title='bbox 1233 3708 1418 3775; x_wconf 67' lang='lat' dir='ltr'><strong>sexagenas</strong></span> <span class='ocrx_word' id='word_1_258' title='bbox 1439 3711 1511 3775; x_wconf 72' lang='lat' dir='ltr'><strong>gros</strong></span> 
     </span>
     <span class='ocr_line' id='line_1_30' title="bbox 224 3790 1509 3887; baseline 0.009 -30"><span class='ocrx_word' id='word_1_259' title='bbox 224 3811 332 3857; x_wconf 91' lang='lat' dir='ltr'><strong>sorum</strong></span> <span class='ocrx_word' id='word_1_260' title='bbox 356 3791 395 3855; x_wconf 91' lang='lat' dir='ltr'><strong>ad</strong></span> <span class='ocrx_word' id='word_1_261' title='bbox 419 3809 579 3855; x_wconf 87' lang='lat' dir='ltr'><strong>cameram</strong></span> <span class='ocrx_word' id='word_1_262' title='bbox 601 3790 724 3871; x_wconf 77' lang='lat' dir='ltr'><strong>regiam</strong></span> <span class='ocrx_word' id='word_1_263' title='bbox 748 3792 832 3855; x_wconf 83' lang='lat' dir='ltr'><strong>infra</strong></span> <span class='ocrx_word' id='word_1_264' title='bbox 856 3793 951 3858; x_wconf 78' lang='lat' dir='ltr'><strong>vuius</strong></span> <span class='ocrx_word' id='word_1_265' title='bbox 974 3796 1096 3860; x_wconf 88' lang='lat' dir='ltr'><strong>mensis</strong></span> <span class='ocrx_word' id='word_1_266' title='bbox 1119 3801 1273 3879; x_wconf 82' lang='lat' dir='ltr'><strong>spacium</strong></span> <span class='ocrx_word' id='word_1_267' title='bbox 1297 3806 1379 3873; x_wconf 87' lang='lat' dir='ltr'><strong>dare</strong></span> <span class='ocrx_word' id='word_1_268' title='bbox 1405 3816 1509 3887; x_wconf 73' lang='grc'><strong>11111·</strong></span> 
     </span>
     <span class='ocr_line' id='line_1_31' title="bbox 222 3905 1507 4002; baseline 0.006 -32"><span class='ocrx_word' id='word_1_269' title='bbox 222 3907 350 3970; x_wconf 88' lang='lat' dir='ltr'><strong>solnere</strong></span> <span class='ocrx_word' id='word_1_270' title='bbox 372 3905 467 3969; x_wconf 83' lang='lat' dir='ltr'><strong>debet</strong></span> <span class='ocrx_word' id='word_1_271' title='bbox 490 3912 521 3968; x_wconf 87' lang='lat' dir='ltr'><strong>et</strong></span> <span class='ocrx_word' id='word_1_272' title='bbox 545 3910 674 3967; x_wconf 87' lang='lat' dir='ltr'><strong>tenetur</strong></span> <span class='ocrx_word' id='word_1_273' title='bbox 697 3906 866 3970; x_wconf 83' lang='lat' dir='ltr'><strong>occasione</strong></span> <span class='ocrx_word' id='word_1_274' title='bbox 896 3915 927 3971; x_wconf 88' lang='lat' dir='ltr'><strong>et</strong></span> <span class='ocrx_word' id='word_1_275' title='bbox 956 3908 1137 3974; x_wconf 85' lang='lat' dir='ltr'><strong>renitencia</strong></span> <span class='ocrx_word' id='word_1_276' title='bbox 1165 3913 1375 3993; x_wconf 88' lang='lat' dir='ltr'><strong>quibuslibet</strong></span> <span class='ocrx_word' id='word_1_277' title='bbox 1401 3920 1507 4002; x_wconf 70' lang='lat' dir='ltr'><strong>penius</strong></span> 
     </span>
     <span class='ocr_line' id='line_1_32' title="bbox 224 4019 1506 4109; baseline 0.007 -26"><span class='ocrx_word' id='word_1_278' title='bbox 224 4021 332 4102; x_wconf 83' lang='lat' dir='ltr'><strong>procul</strong></span> <span class='ocrx_word' id='word_1_279' title='bbox 364 4019 469 4083; x_wconf 90' lang='lat' dir='ltr'><strong>motis.</strong></span> <span class='ocrx_word' id='word_1_280' title='bbox 518 4019 553 4082; x_wconf 95' lang='lat' dir='ltr'><strong>In</strong></span> <span class='ocrx_word' id='word_1_281' title='bbox 584 4037 720 4098; x_wconf 90' lang='lat' dir='ltr'><strong>quorum</strong></span> <span class='ocrx_word' id='word_1_282' title='bbox 751 4020 972 4086; x_wconf 89' lang='lat' dir='ltr'><strong>testimoninm</strong></span> <span class='ocrx_word' id='word_1_283' title='bbox 1003 4028 1034 4087; x_wconf 88' lang='lat' dir='ltr'><strong>et</strong></span> <span class='ocrx_word' id='word_1_284' title='bbox 1066 4023 1166 4088; x_wconf 92' lang='lat' dir='ltr'><strong>robur</strong></span> <span class='ocrx_word' id='word_1_285' title='bbox 1192 4028 1310 4109; x_wconf 81' lang='lat' dir='ltr'><strong>sigilla</strong></span> <span class='ocrx_word' id='word_1_286' title='bbox 1333 4034 1506 4099; x_wconf 87' lang='lat' dir='ltr'><strong>nostrumet</strong></span> 
     </span>
     <span class='ocr_line' id='line_1_33' title="bbox 223 4131 1505 4222; baseline 0.004 -25"><span class='ocrx_word' id='word_1_287' title='bbox 223 4133 336 4197; x_wconf 81' lang='lat' dir='ltr'><strong>famosi</strong></span> <span class='ocrx_word' id='word_1_288' title='bbox 361 4133 543 4209; x_wconf 77' lang='lat' dir='ltr'><strong>laurencii,</strong></span> <span class='ocrx_word' id='word_1_289' title='bbox 572 4131 694 4212; x_wconf 89' lang='lat' dir='ltr'><strong>judicis</strong></span> <span class='ocrx_word' id='word_1_290' title='bbox 722 4133 812 4196; x_wconf 89' lang='lat' dir='ltr'><strong>curie</strong></span> <span class='ocrx_word' id='word_1_291' title='bbox 834 4133 1004 4198; x_wconf 84' lang='lat' dir='ltr'><strong>ciuitatum</strong></span> <span class='ocrx_word' id='word_1_292' title='bbox 1027 4136 1198 4219; x_wconf 72' lang='lat' dir='ltr'><strong>regalium,</strong></span> <span class='ocrx_word' id='word_1_293' title='bbox 1224 4146 1430 4222; x_wconf 82' lang='lat' dir='ltr'><strong>presentibus</strong></span> <span class='ocrx_word' id='word_1_294' title='bbox 1450 4151 1505 4207; x_wconf 84' lang='lat' dir='ltr'><strong>sunt</strong></span> 
     </span>
     <span class='ocr_line' id='line_1_34' title="bbox 222 4245 859 4326; baseline 0 -17"><span class='ocrx_word' id='word_1_295' title='bbox 222 4265 374 4326; x_wconf 88' lang='lat' dir='ltr'><strong>appensa.</strong></span> <span class='ocrx_word' id='word_1_296' title='bbox 421 4247 541 4310; x_wconf 87' lang='lat' dir='ltr'><strong>Datum</strong></span> <span class='ocrx_word' id='word_1_297' title='bbox 564 4245 671 4324; x_wconf 79' lang='lat' dir='ltr'><strong>Proge</strong></span> <span class='ocrx_word' id='word_1_298' title='bbox 694 4262 777 4309; x_wconf 82' lang='lat' dir='ltr'><strong>anno</strong></span> <span class='ocrx_word' id='word_1_299' title='bbox 800 4252 859 4311; x_wconf 88' lang='lat' dir='ltr'><strong>ete.</strong></span> 
     </span>
    </p>
   </div>
   <div class='ocr_carea' id='block_1_3' title="bbox 226 4417 1502 4689">
    <p class='ocr_par' dir='ltr' id='par_1_3' title="bbox 226 4417 1502 4689">
     <span class='ocr_line' id='line_1_35' title="bbox 326 4417 1502 4498; baseline 0.003 -30"><span class='ocrx_word' id='word_1_300' title='bbox 326 4417 454 4485; x_wconf 65' lang='lat' dir='ltr'><strong>Netiplny</strong></span> <span class='ocrx_word' id='word_1_301' title='bbox 469 4417 546 4485; x_wconf 63' lang='lat' dir='ltr'><strong>ripis</strong></span> <span class='ocrx_word' id='word_1_302' title='bbox 563 4434 577 4469; x_wconf 88' lang='lat' dir='ltr'>z</span> <span class='ocrx_word' id='word_1_303' title='bbox 592 4418 708 4484; x_wconf 70' lang='lat' dir='ltr'><strong>register</strong></span> <span class='ocrx_word' id='word_1_304' title='bbox 726 4417 909 4485; x_wconf 66' lang='lat' dir='ltr'><strong>kralorskp‘ch</strong></span> <span class='ocrx_word' id='word_1_305' title='bbox 923 4437 937 4468; x_wconf 86' lang='grc'><strong>1</strong></span> <span class='ocrx_word' id='word_1_306' title='bbox 951 4419 1084 4488; x_wconf 73' lang='lat' dir='ltr'><strong>rodope.</strong></span> <span class='ocrx_word' id='word_1_307' title='bbox 1099 4421 1141 4474; x_wconf 85' lang='grc'><strong>111.</strong></span> <span class='ocrx_word' id='word_1_308' title='bbox 1155 4423 1231 4476; x_wconf 78' lang='lat' dir='ltr'><strong>unis.</strong></span> <span class='ocrx_word' id='word_1_309' title='bbox 1245 4427 1397 4498; x_wconf 60' lang='lat' dir='ltr'><strong>bibliore&#39;lrr</strong></span> <span class='ocrx_word' id='word_1_310' title='bbox 1411 4424 1502 4481; x_wconf 65' lang='lat' dir='ltr'><strong>Praislr</strong></span> 
     </span>
     <span class='ocr_line' id='line_1_36' title="bbox 227 4512 1502 4581; baseline 0.009 -19"><span class='ocrx_word' id='word_1_311' title='bbox 227 4514 307 4579; x_wconf 73' lang='lat' dir='ltr'><strong>‚t&#39;op</strong></span> <span class='ocrx_word' id='word_1_312' title='bbox 328 4512 393 4581; x_wconf 86' lang='lat' dir='ltr'><strong>dipl.</strong></span> <span class='ocrx_word' id='word_1_313' title='bbox 415 4513 643 4565; x_wconf 67' lang='lat' dir='ltr'><strong>l’rzemislacum*</strong></span> <span class='ocrx_word' id='word_1_314' title='bbox 675 4514 743 4581; x_wconf 75' lang='lat' dir='ltr'><strong>sign.</strong></span> <span class='ocrx_word' id='word_1_315' title='bbox 767 4517 798 4565; x_wconf 77' lang='grc'><strong>,1.</strong></span> <span class='ocrx_word' id='word_1_316' title='bbox 819 4513 856 4566; x_wconf 85' lang='lat' dir='ltr'><strong>l&#39;I</strong></span> <span class='ocrx_word' id='word_1_317' title='bbox 875 4520 898 4566; x_wconf 76' lang='grc'><strong>7.</strong></span> <span class='ocrx_word' id='word_1_318' title='bbox 918 4515 990 4567; x_wconf 87' lang='lat' dir='ltr'><strong>nal.</strong></span> <span class='ocrx_word' id='word_1_319' title='bbox 1012 4523 1055 4568; x_wconf 90' lang='lat' dir='ltr'><strong>lll</strong></span> <span class='ocrx_word' id='word_1_320' title='bbox 1070 4537 1095 4568; x_wconf 84' lang='lat' dir='ltr'><strong>a.</strong></span> <span class='ocrx_word' id='word_1_321' title='bbox 1114 4515 1240 4575; x_wconf 71' lang='lat' dir='ltr'><strong>Zaiaitek</strong></span> <span class='ocrx_word' id='word_1_322' title='bbox 1265 4524 1274 4576; x_wconf 95' lang='lat' dir='ltr'><strong>i</strong></span> <span class='ocrx_word' id='word_1_323' title='bbox 1301 4525 1389 4579; x_wconf 80' lang='lat' dir='ltr'><strong>konec</strong></span> <span class='ocrx_word' id='word_1_324' title='bbox 1413 4517 1502 4577; x_wconf 76' lang='grc'><strong>111111·</strong></span> 
     </span>
     <span class='ocr_line' id='line_1_37' title="bbox 226 4608 1500 4689; baseline 0.013 -31"><span class='ocrx_word' id='word_1_325' title='bbox 226 4608 297 4676; x_wconf 73' lang='lat' dir='ltr'><strong>stiny</strong></span> <span class='ocrx_word' id='word_1_326' title='bbox 319 4608 412 4661; x_wconf 76' lang='lat' dir='ltr'><strong>schriai</strong></span> <span class='ocrx_word' id='word_1_327' title='bbox 431 4625 445 4660; x_wconf 89' lang='grc'><strong>1</strong></span> <span class='ocrx_word' id='word_1_328' title='bbox 465 4609 611 4676; x_wconf 72' lang='lat' dir='ltr'><strong>rukopisej.</strong></span> <span class='ocrx_word' id='word_1_329' title='bbox 632 4608 717 4662; x_wconf 75' lang='grc'><strong>111111</strong></span> <span class='ocrx_word' id='word_1_330' title='bbox 738 4608 772 4661; x_wconf 81' lang='lat' dir='ltr'><strong>da</strong></span> <span class='ocrx_word' id='word_1_331' title='bbox 792 4626 822 4662; x_wconf 89' lang='lat' dir='ltr'><strong>se</strong></span> <span class='ocrx_word' id='word_1_332' title='bbox 841 4608 949 4663; x_wconf 83' lang='lat' dir='ltr'><strong>snadno</strong></span> <span class='ocrx_word' id='word_1_333' title='bbox 974 4608 1020 4663; x_wconf 87' lang='lat' dir='ltr'><strong>dle</strong></span> <span class='ocrx_word' id='word_1_334' title='bbox 1037 4611 1206 4680; x_wconf 75' lang='lat' dir='ltr'><strong>nasledujici</strong></span> <span class='ocrx_word' id='word_1_335' title='bbox 1225 4612 1500 4689; x_wconf 60' lang='grc' dir='ltr'><strong>1111111181θάῡρ-</strong></span> 
     </span>
    </p>
   </div>
   <div class='ocr_carea' id='block_1_4' title="bbox 0 0 1563 5392">
    <p class='ocr_par' dir='ltr' id='par_1_4' title="bbox 0 0 1563 5392">
     <span class='ocr_line' id='line_1_38' title="bbox 0 0 1563 5392; baseline 0 0"><span class='ocrx_word' id='word_1_336' title='bbox 0 0 1563 5392; x_wconf 95' lang='lat' dir='ltr'><strong> </strong></span> 
     </span>
    </p>
   </div>
  </div>
 </body>
</html>
