3098 5392
559 532 563 539 .
664 476 739 527 rasa
1288 472 1351 540 501

114 685 214 746 mesto
236 678 306 764 jot
335 681 454 748 cabade
481 682 547 749 vice
574 680 783 753 raatovoocino
813 678 987 775 oaihjiaok
1015 680 1055 746 od
1084 679 1206 765 toraca
1234 682 1352 748 odciao·

661 815 752 861 cono.

160 953 302 1018 Karolus
327 953 381 1017 dei
404 953 513 1034 gracia
534 953 750 1019 Romanorum
772 970 829 1017 rex
852 969 978 1034 semper
991 957 1149 1034 augustus
1172 957 1205 1017 et
1222 950 1353 1018 Boemie

114 1118 120 1130 .
158 1065 324 1131 Fidelibus
360 1066 479 1131 nostris
514 1065 642 1132 dilectis
665 1065 830 1148 ..judici
855 1065 1024 1147 ..juratis
1058 1070 1091 1131 et
1132 1066 1352 1132 communitati

112 1180 178 1244 ium
209 1179 242 1243 in
265 1179 366 1243 Tusta
388 1178 529 1259 graciam
552 1180 674 1262 regiam
697 1184 729 1244 et
752 1197 844 1244 omne
866 1177 996 1244 bonum.¹
1027 1178 1118 1244 Licet
1151 1179 1352 1260 exigentibus

113 1290 241 1357 rmibus
275 1291 379 1372 culpis
414 1294 447 1356 et
479 1291 673 1373 excessibus,
709 1292 825 1373 quibus
859 1290 1019 1359 Henricus
1055 1291 1095 1356 de
1129 1291 1223 1357 Noua
1259 1289 1352 1357 domo

113 1409 203 1470 tram
225 1405 426 1470 maiestatem
449 1405 572 1488 regiam
595 1405 737 1487 grauiter
759 1405 970 1488 perturbauit,
994 1409 1134 1471 castrum
1157 1408 1298 1470 vestrum
1321 1409 1354 1469 et

116 1519 195 1584 dum
217 1537 275 1601 per
298 1524 401 1584 certos
426 1570 455 1583 ..
480 1519 665 1600 capitaneos
688 1522 815 1586 nostros
838 1518 961 1585 adhoc
984 1517 1167 1600 specialiter
1183 1515 1352 1599 deputatos

113 1632 319 1698 ndauerimus
343 1634 529 1714 expugnari.
553 1631 672 1698 Verum
696 1633 772 1715 quia
792 1633 825 1698 id
842 1630 909 1697 fieri
925 1649 988 1697 non
1011 1634 1119 1712 potest
1140 1629 1211 1696 sine
1232 1634 1351 1695 vestra·

113 1766 129 1809 a
153 1762 363 1827 personarum
387 1749 420 1809 et
440 1763 548 1810 rerum
570 1745 692 1811 lesione
714 1745 909 1827 grauissima
931 1750 964 1809 et
978 1741 1109 1824 offensa,
1128 1742 1354 1825 indempnitati

114 1863 167 1923 tre
198 1857 365 1938 cupientes
396 1875 434 1922 ex
463 1858 570 1923 animo
594 1858 796 1939 compassiuo
820 1856 991 1922 salubriter
1011 1855 1194 1951 prouidere,
1216 1853 1353 1921 fidelita-

113 1990 122 2035 ι
156 1974 297 2035 vestram
327 1974 449 2036 attente
478 1971 671 2054 requirimus
703 1976 736 2036 et
764 1969 960 2037 consulimus
989 1968 1073 2035 bona
1100 1967 1174 2049 fide,
1195 1973 1353 2051 quatenus

113 2102 124 2146 1
150 2088 334 2164 exspectato
357 2083 469 2148 hostili
491 2083 614 2148 insultu
636 2081 679 2148 ad
700 2088 843 2148 nostram
866 2081 1084 2148 obedienciam
1106 2081 1207 2147 libere
1229 2087 1262 2146 et
1283 2082 1354 2148 sine

113 2196 226 2262 tcione
250 2195 392 2277 qnalibet
410 2195 561 2275 redeatis,
586 2195 802 2276 promittimus
825 2194 944 2260 etenim
967 2193 1057 2259 vobis
1078 2192 1214 2260 firmiter
1235 2199 1268 2260 et
1289 2194 1354 2260 sin·

115 2327 145 2390 e,
177 2307 264 2390 quod
294 2327 350 2373 sos
381 2313 413 2373 et
445 2325 646 2374 successores
676 2313 800 2374 vestros
822 2308 1058 2389 imperpetuum
1080 2325 1203 2374 exnunc
1225 2306 1356 2373 inantea

113 2420 197 2487 robis
221 2426 254 2487 et
275 2440 295 2486 a
317 2440 434 2488 corona
463 2421 555 2503 regni
578 2421 710 2487 Boemie
742 2439 905 2502 nunquam
930 2420 1141 2486 alienabimus
1162 2439 1222 2487 nec
1243 2439 1300 2486 ros
1322 2425 1356 2487 et

113 2540 210 2601 steros
234 2540 358 2600 vestros
381 2535 520 2600 alicuius
543 2535 677 2600 alterius
700 2534 841 2601 dominio
864 2540 897 2600 et
914 2533 1099 2616 specialiter
1121 2533 1200 2599 dicti
1221 2531 1355 2599 Henrici

129 2647 227 2714 Noua
256 2646 349 2713 domo
381 2646 540 2713 ullomodo
564 2646 797 2728 submittemus,
820 2665 931 2712 rerum
957 2665 1014 2712 vos
1038 2646 1221 2728 subreguli
1244 2651 1355 2714 nostra

113 2764 221 2826 estate
251 2760 423 2826 confouere
453 2760 600 2826 volumus
629 2765 662 2825 et
692 2761 810 2843 graciis
841 2779 879 2826 ac
900 2759 1066 2826 fauoribus
1088 2760 1241 2842 prosequi
1263 2779 1355 2842 opor-

118 2875 158 2939 is.
191 2871 314 2938 Harum
345 2879 527 2938 nostrarum
550 2873 735 2938 testimonio
759 2873 932 2938 literarum.
961 2873 1080 2937 Datum
1102 2871 1355 2938 Frankenfordie

113 3007 144 3052 ro
169 2987 291 3052 domini
314 2987 486 3052 millesimo
509 2987 733 3052 trecentesimo
768 2986 1034 3068 quinquagesimo
1057 2990 1180 3067 quarto,
1203 2985 1278 3050 XIV
1299 2986 1355 3050 ka-

113 3100 172 3165 das
197 3100 375 3181 Februarii,
399 3118 569 3181 regnorum
592 3104 774 3165 nostrorum
796 3119 879 3164 anno
902 3103 1024 3164 oetam.

164 3254 238 3323 Orig.
263 3269 336 3323 perg.
365 3254 511 3308 varcbivu
531 3236 656 3307 (lesktho
682 3268 779 3307 musea
803 3252 882 3306 valae
900 3251 1038 3321 pomieny
1056 3269 1073 3307 a
1091 3270 1105 3304 z
1123 3252 1247 3321 prourko
1267 3258 1353 3307 sesta-

113 3354 139 3421 ᾖ.
158 3350 242 3404 Petet
260 3350 359 3404 scheri.
379 3378 411 3387 -
430 3349 565 3416 Maiestas
593 3348 721 3402 carolina
745 3365 760 3399 r
780 3346 812 3400 dl.
831 3348 868 3401 vl
887 3346 969 3400 aradi
988 3346 1143 3401 Domatlice
1163 3348 1269 3416 (Tasta)
1287 3349 1355 3403 mezi

113 3454 158 3517 oy,
177 3447 258 3500 kiera
279 3446 381 3513 nemajl
404 3445 462 3517 byti
485 3448 670 3499 zaetavovatna
691 3461 707 3498 a
727 3443 760 3497 od
786 3444 894 3512 lroruny
918 3442 1085 3498 odcizovtna
1108 3443 1238 3512 (Jirebelr,
1263 3443 1355 3499 Codex

115 3562 128 3598 s
148 3541 285 3595 bohemici
307 3542 340 3593 Il.
360 3547 375 3594 2
394 3547 442 3595 str.
463 3542 532 3609 11³).
549 3540 680 3593 Nicmdnc
698 3541 770 3593 cisal
787 3539 871 3593 Karel
889 3539 927 3593 IV
946 3540 1034 3593 listem
1054 3543 1080 3594 d.
1099 3541 1207 3593 oPraae
1218 3544 1253 3592 30
1264 3541 1356 3593 brana

113 3639 124 3670 ⁰
136 3635 273 3690 kalendas
288 3635 403 3703 Aprilis)
416 3640 485 3688 1365
498 3635 612 3690 rastavil
625 3635 681 3702 djci
699 3634 775 3688 Rasa
793 3653 806 3686 z
820 3633 908 3702 Lritic,
924 3635 1015 3702 Jemua
1034 3638 1081 3688 tim
1100 3635 1172 3689 chtel
1183 3653 1197 3688 z
1210 3634 1295 3689 dluho
1308 3651 1355 3705 po·

113 3734 141 3799 ri,
159 3732 257 3785 Pistori
275 3730 389 3795 zLutic,
408 3730 546 3783 manrelce
556 3730 623 3796 jobo
639 3729 740 3783 Vradce
754 3730 837 3797 ajicb
851 3728 982 3796 dodicdm,
992 3730 1076 3797 jakol
1088 3731 1097 3783 i
1109 3730 1237 3799 Hynlrori
1254 3748 1269 3782 a
1287 3730 1357 3786 Kia-

116 3844 134 3881 a
144 3844 161 3881 a
170 3825 306 3879 Protivovi
320 3843 334 3878 z
345 3825 488 3878 nrucenrna
500 3826 525 3892 (z
535 3823 733 3893 Mutersdorsu)
748 3828 859 3894 zpupny
870 3824 961 3878 statek
973 3824 1083 3879 Chodor
1095 3843 1111 3878 r
1121 3825 1266 3880 Lolretslru
1280 3826 1355 3894 (allo-

113 3941 134 3975 m
154 3923 256 3976 dictum
275 3920 391 3985 Kodaw)
410 3936 427 3974 r
446 3922 551 3975 summe
570 3924 621 3974 tto
640 3920 695 3988 lrop
715 3937 753 3988 gr.
773 3937 785 3973 s
804 3923 852 3974 tim
872 3918 1033 3987 dololenlm,
1051 3924 1081 3973 le
1101 3923 1242 3991 mtvynos
1259 3922 1355 3977 tohoto

115 4020 155 4072 ku
175 4018 233 4085 byti
250 4016 400 4083 odbadnut,
420 4034 437 4071 a
462 4034 497 4071 co
513 4018 549 4086 by
569 4033 598 4070 se
617 4016 796 4070 nedostavalo
815 4017 850 4071 do
869 4017 980 4071 rodnlho
998 4017 1125 4071 ddchodu
1143 4023 1177 4073 54
1194 4017 1260 4088 lrop,
1277 4026 1306 4072 to
1324 4020 1356 4072 le

122 4134 138 4167 z
157 4112 272 4168 rodnlho
291 4114 380 4167 riroku
405 4115 494 4168 mesta
512 4113 653 4167 Domallic
676 4113 732 4181 byti
751 4112 832 4167 rodae
850 4112 1002 4181 dopltceno
1024 4112 1196 4182 (adjicientes
1218 4128 1358 4184 expresse,

115 4209 134 4261 d
154 4209 260 4262 fructus
280 4215 307 4262 et
325 4208 457 4263 utilitates
485 4208 549 4263 dicti
569 4208 661 4262 allodii
680 4208 783 4262 Kodaw
803 4208 835 4261 ad
856 4216 957 4263 certam
982 4209 1111 4277 peccunia
1136 4226 1268 4266 summam
1292 4217 1357 4267 sunt

113 4304 177 4360 andi
197 4311 224 4359 et
243 4304 382 4358 residuum
410 4304 609 4373 qninquaginta
636 4311 752 4372 quatuor
777 4320 975 4374 sexagenorum
998 4303 1032 4357 de
1057 4320 1142 4358 censu
1166 4321 1258 4360 annno
1286 4305 1357 4361 dicte

115 4400 184 4454 tatis
203 4399 289 4453 Tuste
308 4399 462 4469 percipient
483 4399 598 4467 singulis
618 4400 717 4465 annis).
737 4399 815 4452 Cisal
833 4405 913 4467 proto
932 4400 1021 4452 vlistd
1039 4406 1094 4453 tom
1112 4399 1244 4455 dokltdt:
1265 4402 1356 4468 ,Man-

113 4513 159 4549 ius
179 4496 264 4564 igitur
278 4494 365 4562 judici
386 4502 412 4547 et
429 4495 530 4561 juratis
550 4494 669 4548 ciuitatis
688 4494 755 4547 Tust
773 4493 904 4563 predicte,
932 4502 1067 4562 quatenus
1094 4495 1121 4549 in
1146 4497 1286 4551 consuetis
1304 4504 1357 4551 ter·

113 4592 142 4644 ‚is
170 4590 280 4659 prefato
306 4589 445 4644 Puotboni
472 4589 506 4644 de
530 4590 625 4642 Luticz
651 4596 700 4642 etc.
725 4588 759 4642 de
778 4605 863 4643 censu
881 4590 1000 4644 ciuitatis
1019 4590 1091 4646 ultra
1108 4598 1200 4647 raxam
1220 4592 1356 4648 fructuum

115 4686 156 4740 dii
176 4685 330 4756 supradicti
341 4685 447 4741 Kodaw
468 4703 555 4755 usque
574 4686 608 4741 ad
620 4703 752 4741 summam
765 4686 826 4741 LIV
838 4704 940 4756 sexag,
958 4705 1037 4757 quam
1056 4691 1193 4761 complere
1204 4690 1356 4759 debent,-
