3098 5392
215 477 280 542 990
832 477 907 528 isos.

215 685 373 750 munitate
395 684 541 750 ciuitatis
573 683 739 750 antedicte
760 683 959 749 Veronensis
992 683 1089 749 simul
1118 681 1330 749 mnmrditar
1361 690 1398 750 et
1418 685 1521 750 rosai-

214 798 309 863 miter
331 795 476 879 predicto
500 796 654 877 hospitali
677 801 710 860 et
732 795 932 878 pauperibus
964 802 997 861 et
1019 794 1156 862 infirmis
1187 795 1272 861 inibi
1306 799 1519 864 existentibus

215 910 255 976 de
278 909 443 992 capellano
467 908 614 975 eiusdem
638 909 810 991 hospitalis
825 928 884 991 pro
904 908 1016 975 diuino
1040 906 1146 975 officio
1170 908 1295 974 ibidem
1320 909 1519 976 decantando

217 1029 250 1089 et
284 1023 359 1089 aliis
388 1022 674 1106 procuracionibus
707 1022 830 1088 diuinis
864 1021 1061 1104 pauperibus
1088 1027 1122 1087 ot
1150 1019 1291 1088 infirmis
1327 1024 1518 1090 necessariis

215 1135 421 1219 porrigendis
443 1137 578 1217 tociens,
601 1134 755 1219 quociens
778 1136 957 1201 necessitas
980 1154 1016 1201 se
1039 1135 1223 1218 ingesserit,
1248 1154 1355 1201 vnum
1377 1155 1418 1202 ex
1441 1138 1517 1203 rica·

214 1251 274 1316 riis
297 1251 401 1333 ipsius
425 1249 563 1316 ecclesie
585 1248 783 1314 Veronensis
808 1247 984 1329 dumtaxat,
1015 1248 1136 1332 absque
1156 1255 1267 1314 tamen
1299 1268 1364 1316 suo
1398 1258 1433 1317 et
1454 1269 1517 1316 suo·

215 1381 379 1430 sessorum
411 1381 541 1429 suorum
573 1367 607 1428 et
636 1363 740 1428 eciam
770 1362 907 1428 ecclesie
937 1362 1150 1444 parrochialis
1179 1361 1388 1429 Veronensis
1418 1364 1517 1447 preio-

215 1477 311 1556 dicio,
333 1474 529 1542 tenebuntur
544 1481 578 1542 et
593 1475 754 1542 debebunt
777 1475 964 1558 prouidere,
988 1475 1045 1557 qui
1067 1474 1197 1557 quidem
1220 1475 1371 1542 vicarius
1394 1478 1429 1543 in
1451 1475 1518 1542 dole

215 1596 248 1656 et
271 1591 364 1657 domo
388 1590 517 1672 plebani
541 1589 601 1655 sub
623 1590 728 1672 ipsius
760 1590 889 1672 plebani
911 1590 1062 1671 expensis
1093 1588 1242 1654 adinstar
1269 1589 1417 1656 aliorum
1440 1591 1517 1656 vica-

213 1703 336 1769 riorum
350 1704 488 1769 ecclesie
503 1703 701 1769 Veronensis
718 1702 848 1769 debebit
862 1707 895 1767 et
909 1706 1040 1768 tenetur
1063 1718 1255 1784 permanere
1269 1720 1310 1769 ac
1328 1703 1366 1769 in
1383 1704 1515 1786 singulis

216 1815 358 1883 obedire.
381 1816 568 1882 Inhibentes
585 1817 747 1883 uniuersis
764 1822 797 1882 et
813 1816 951 1898 singulis
974 1816 1067 1899 regni
1090 1815 1193 1882 nostri
1216 1815 1361 1883 Boemie
1384 1817 1516 1883 subditis

216 1934 249 1995 et
270 1928 430 2010 fidelibus,
454 1928 659 2011 presentibus
682 1934 715 1995 et
737 1930 866 2011 futuris,
889 1928 1024 1997 firmiter
1047 1933 1080 1996 ot
1101 1928 1262 2011 districte,
1285 1948 1331 1995 ne
1363 1930 1515 2013 prefatum

213 2043 385 2126 plebanum
407 2041 638 2109 VVeronensem
660 2060 718 2109 seu
741 2044 846 2126 ipsius
869 2060 1084 2124 successores,
1107 2040 1247 2125 predicti
1269 2042 1451 2126 hospitalis
1471 2063 1515 2108 re

214 2162 329 2238 olores,
352 2175 411 2224 nec
434 2157 597 2240 predictos
620 2175 779 2240 pauperes
802 2162 836 2223 st
850 2155 994 2223 infirmos
1010 2158 1046 2223 in
1060 2154 1173 2222 eodem
1194 2156 1358 2238 hospitali
1375 2176 1513 2241 pronuno

213 2277 247 2337 et
268 2289 423 2353 processu
444 2272 600 2354 temporis
633 2271 809 2337 existentes
839 2270 873 2336 in
897 2270 1109 2352 percepcione
1139 2275 1173 2336 et
1194 2269 1427 2338 usufruicione
1448 2290 1513 2337 cen·

213 2403 308 2451 suum
331 2389 364 2450 et
385 2384 572 2451 reddituum
602 2402 660 2466 pro
683 2385 828 2466 ipsorum
859 2383 970 2449 usibus
994 2388 1027 2448 et
1049 2383 1293 2451 sustentacione
1317 2386 1389 2452 rite
1408 2396 1512 2452 vneces·

212 2498 310 2565 sitate
333 2496 507 2565 sufficienti
530 2516 549 2563 a
571 2497 727 2580 predictis
752 2496 877 2563 ciuibus
899 2496 1143 2564 Veronensibus
1158 2514 1217 2563 seu
1233 2497 1312 2564 aliis
1342 2500 1511 2577 madreia

213 2616 248 2677 vt
269 2612 477 2694 premittitur,
502 2610 790 2693 comparandorum
811 2629 876 2676 non
897 2610 1077 2692 impediant
1105 2629 1164 2677 seu
1186 2612 1344 2695 impediri
1366 2620 1401 2681 et
1422 2614 1511 2681 mole

213 2727 294 2792 stari
324 2744 382 2808 per
412 2726 594 2808 quempiam
628 2725 807 2807 paciantur,
840 2723 1034 2807 quinpooius
1070 2725 1159 2807 ipsos
1195 2725 1285 2791 circa
1317 2727 1509 2805 huiusmodi,

214 2845 383 2922 postquam
408 2839 502 2904 simul
534 2840 586 2904 uel
619 2839 806 2904 successiue
840 2839 1016 2921 comparati
1048 2843 1082 2904 et
1111 2839 1210 2921 empti
1240 2836 1377 2922 fuerint,
1407 2847 1508 2908 nostro

213 2952 342 3019 nomine
364 2957 603 3033 manuteneant,
634 2956 805 3034 protegant
828 2949 1003 3017 efficaciter
1034 2956 1066 3017 st
1089 2950 1274 3034 defendant,
1305 2961 1407 3036 prout
1434 2954 1509 3020 indi·

211 3067 401 3149 gnacionem
429 3071 572 3131 nostram
604 3065 830 3148 grauissimam
862 3064 1023 3131 voluerint
1054 3065 1160 3131 arcius
1193 3067 1338 3148 euitare;
1372 3068 1506 3134 commit·

211 3185 317 3246 tentes
340 3180 442 3246 eciam
467 3177 628 3243 vniuersis
652 3182 684 3242 et
707 3177 846 3259 singulis
870 3176 1148 3260 vrnednioonibus,
1171 3180 1310 3246 notariis
1335 3182 1507 3264 ceterisque

210 3292 393 3359 tabularum
415 3293 507 3375 regni
530 3289 664 3357 Boemie
685 3289 912 3372 beneficiariis,
935 3293 1139 3372 presentibus
1163 3298 1196 3359 et
1221 3293 1357 3377 futuris,
1380 3294 1505 3361 firmiter

211 3412 244 3472 et
266 3407 424 3487 districte,
446 3411 605 3488 quatenus
629 3407 693 3489 ipsi
716 3404 857 3488 prefatos
882 3424 997 3473 census
1021 3413 1054 3473 et
1074 3406 1233 3488 redditus,
1257 3413 1432 3491 postquam
1454 3427 1504 3490 per

210 3519 353 3603 prelatos
376 3520 465 3585 ciues
489 3525 617 3586 nostros
640 3519 844 3586 Veronenses
876 3540 934 3603 pro
965 3522 1207 3588 sustentatione
1237 3522 1304 3588 vite
1336 3541 1504 3606 pauperum

212 3639 244 3698 et
267 3631 465 3699 infirmorum
488 3632 570 3698 inibi
593 3634 806 3699 existencium
828 3652 867 3700 ao
888 3633 999 3700 usibus
1021 3634 1141 3718 prefati
1155 3635 1287 3717 plebani
1301 3635 1503 3713 Veronensis,

209 3747 345 3811 rectoris
359 3742 395 3828 ⁴),
420 3746 519 3827 empti
543 3752 576 3811 et
598 3747 775 3828 comparati
807 3747 936 3829 luerint,
969 3748 1060 3813 iuxta
1082 3766 1203 3815 morem
1233 3752 1268 3814 et
1296 3749 1401 3816 ritum
1421 3748 1502 3830 regni

210 3860 314 3925 nostri
330 3859 463 3925 Boemie
484 3858 604 3925 tabulis
628 3865 715 3924 terre
737 3865 892 3925 annotent
915 3859 1090 3927 efficaciter
1113 3866 1145 3926 et
1160 3861 1353 3928 inscribant.
1377 3864 1502 3930 Prosen-

210 3973 296 4038 oium
318 3971 378 4037 sub
400 3974 490 4054 regie
512 3978 622 4038 nostre
642 3973 822 4037 maiestatis
845 3973 954 4056 sigillo
977 3973 1163 4039 testimonio
1186 3975 1368 4042 literarum.
1392 3978 1501 4042 Datum

210 4084 420 4150 Wratislauie
456 4103 540 4151 anno
578 4086 700 4151 domini
735 4087 907 4152 millesimo
945 4087 1264 4170 quadringentesimo
1298 4096 1425 4172 quarto,
1456 4088 1501 4153 dio

210 4199 315 4279 prima
337 4198 358 4264 J
361 4199 430 4280 ulii,
452 4217 625 4282 regnorum
647 4204 829 4266 nostrorum
845 4218 929 4266 anno
945 4201 1079 4267 Boemie
1093 4201 1344 4284 quadragesimo
1361 4202 1499 4278 secundo,

208 4312 425 4377 Romanorum
448 4331 523 4378 uero
549 4313 703 4378 vicesimo
727 4318 852 4379 octauo.

762 4450 827 4535 [Na
850 4452 965 4537 ohbu:]
989 4454 1040 4520 Ad
1063 4453 1252 4520 mandatum
1275 4456 1403 4524 domini
1424 4456 1498 4539 regis

1009 4566 1175 4633 Johannes
1199 4567 1241 4634 de
1264 4569 1471 4653 Babemberg.

313 4678 377 4761 [Na
398 4676 511 4761 rubuz]
535 4679 570 4742 R.
596 4678 716 4745 Paulus
740 4680 780 4744 de
802 4680 888 4746 Tost.
