3098 5392
745 461 820 514 ¹⁸4⁸·
1351 457 1417 530 421

151 674 257 718 emonam
282 664 410 733 ingerere
435 681 469 719 cx
494 666 549 722 ista
567 673 648 736 parte
666 668 711 721 uel
723 668 757 722 ab
777 668 864 722 altera
880 667 983 722 littoris
1002 666 1141 721 deducere
1160 675 1278 737 possunt
1296 675 1324 722 et
1342 670 1420 724 nani·

151 771 196 822 stre
209 759 279 815 iuxta
294 761 403 815 libitum
421 779 471 815 sue
489 763 649 818 voluntatis.
668 764 805 833 Ceterum,
824 764 847 819 si
865 765 912 834 qui
930 764 1033 818 fuerint
1052 763 1153 818 allodia
1171 763 1306 820 habentes
1326 772 1354 819 et
1372 782 1419 819 an-

151 866 224 906 nonam
241 857 355 910 emerint
366 858 438 911 vltra
451 874 519 927 eam,
540 875 592 926 quo
610 860 679 929 ipsis
698 861 793 926 creuit,
812 860 886 914 illam
904 861 934 912 iu
951 860 1091 914 ciuitatem
1110 859 1248 914 deducere
1268 866 1295 914 et
1306 860 1345 914 ibi
1358 876 1419 915 eam

151 961 257 1004 annonam
276 952 337 1007 aliis
351 951 469 1006 vendere
487 953 558 1008 bene
576 960 703 1024 possunt
723 955 773 1025 [Po
792 957 899 1009 strand:
919 956 1083 1022 Plekoapeut
1100 957 1187 1009 subiti.
1202 985 1235 994 -
1250 956 1291 1009 Od
1301 958 1419 1025 mepte

149 1045 254 1109 piopolnl
275 1050 375 1115 osmojt
397 1051 523 1115 kupooats'
545 1051 610 1103 otiu
625 1053 671 1104 oei
696 1054 731 1103 od
753 1050 884 1121 obedia]
920 1050 997 1116 Item,
1016 1050 1173 1117 statuimus,
1191 1050 1264 1120 quod
1292 1050 1418 1121 hospites

150 1135 232 1196 simle
248 1142 281 1196 sd
299 1149 424 1197 nostram
448 1145 586 1199 ciuitatem
605 1146 748 1200 venientes
775 1162 912 1201 annonam
937 1160 1029 1200 emere
1050 1162 1106 1200 uon
1132 1145 1235 1201 debent
1255 1153 1352 1202 contra
1370 1147 1419 1200 ali-

151 1247 216 1301 quem,
239 1239 335 1293 necin
354 1239 415 1293 foro
434 1257 523 1310 neque
549 1257 636 1312 prope
663 1242 778 1297 Albeam
797 1243 890 1297 autin
914 1241 1021 1297 Rudniz
1050 1243 1110 1298 siue
1137 1242 1213 1310 alibi,
1239 1243 1293 1297 nisi
1311 1249 1418 1297 tantum

152 1339 218 1386 tutat
238 1335 326 1404 ipsam
354 1341 451 1391 contre
468 1343 579 1393 nostros
598 1338 682 1392 ciues.
718 1338 848 1392 Pretcrea
866 1338 1022 1408 quicunque
1041 1337 1208 1392 adduxerint
1232 1354 1370 1392 annonam
1388 1337 1418 1391 in

150 1426 216 1490 tynbis
239 1432 297 1485 siue
322 1432 440 1487 nauibus
465 1433 493 1488 in
513 1435 592 1502 aquis
617 1450 668 1503 per
695 1433 858 1489 descensum
885 1434 971 1489 Albee
996 1434 1030 1488 de
1049 1434 1156 1488 Rudnia
1176 1449 1226 1489 seu
1244 1433 1278 1488 de
1296 1433 1417 1488 Melnick

151 1523 221 1578 tutde
237 1526 303 1581 locis
322 1529 393 1594 aliis,
421 1545 481 1582 cum
500 1528 535 1583 ad
554 1536 678 1584 nostram
705 1530 843 1585 ciuitatem
867 1530 1057 1602 peruenerint,
1084 1529 1121 1583 ibi
1141 1545 1279 1584 annonam
1298 1528 1418 1584 vendere

151 1610 224 1673 dotent
240 1622 354 1689 ciuibus,
373 1639 429 1677 non
448 1624 556 1678 alienis.
582 1623 660 1691 Item,
686 1641 765 1679 nemo
785 1626 856 1680 vltra
874 1625 1023 1694 marginem
1047 1625 1129 1680 ullam
1155 1641 1293 1680 annonam
1311 1624 1346 1680 ds
1364 1641 1418 1680 rna

154 1724 204 1769 saue
216 1717 243 1771 in
259 1718 341 1772 aliam
360 1726 478 1788 reponet
496 1721 540 1774 uel
560 1728 708 1776 mensuret.
738 1721 788 1792 [Po
807 1724 915 1776 strand:
941 1723 1072 1775 tlleladood
1086 1742 1104 1775 s
1122 1723 1193 1776 Labe
1210 1741 1228 1774 o
1241 1725 1357 1791 prodaje
1375 1740 1417 1776 os·

152 1809 198 1873 eol
210 1812 276 1883 titt]
296 1814 375 1880 item,
395 1830 475 1869 nemo
493 1814 561 1869 ioris
580 1816 720 1870 ciuitatem
739 1833 826 1887 prope
845 1817 961 1872 Albeam
980 1817 1062 1871 vllem
1081 1833 1219 1872 annonam
1238 1816 1349 1884 vendat,
1368 1816 1417 1872 sed

153 1896 210 1958 ducat
224 1908 310 1977 ipsam
330 1910 404 1967 intra
421 1910 559 1966 cimtatem
578 1917 607 1966 et
624 1912 727 1967 uostris
746 1913 861 1982 ciuibus,
879 1929 935 1967 non
955 1912 1122 1983 hospitibus,
1139 1913 1178 1967 ibi
1195 1913 1305 1968 vendat
1338 1913 1417 1980 Item,

150 2006 245 2058 ratores
263 2014 291 2058 et
308 2006 377 2060 ioris
402 2007 541 2061 ciuitatem
565 2007 728 2075 residentes,
753 2009 800 2079 qui
824 2025 962 2064 annonam
986 2009 1015 2063 iu
1036 2009 1097 2064 aliis
1121 2009 1189 2063 locis
1215 2026 1306 2064 emere
1323 2017 1351 2063 et
1369 2008 1416 2065 ad·

149 2088 221 2152 lusere
240 2108 453 2168 consueuerant,
471 2119 533 2156 cum
550 2103 640 2173 ipsam
653 2120 740 2173 usque
758 2103 794 2157 ad
812 2104 952 2158 ciuitatem
971 2103 1109 2171 duxerint,
1129 2103 1245 2158 eundem
1262 2121 1351 2175 prope
1369 2107 1416 2160 Al-

151 2186 330 2253 bttmsendere
349 2215 405 2253 uon
420 2199 523 2255 debent
541 2200 696 2270 hospitibus
716 2201 861 2271 aliquibus,
881 2202 929 2257 sed
950 2202 979 2256 in
999 2201 1138 2255 ciuitatem
1156 2199 1258 2255 ducent
1277 2217 1336 2255 eam
1355 2202 1416 2257 siue

151 2295 241 2359 luunt,
260 2302 287 2349 et
305 2296 421 2361 ciuibus,
440 2312 496 2350 uon
515 2296 586 2363 eliis,
609 2297 647 2349 ibi
665 2296 793 2352 vendant.
812 2299 888 2364 item,
906 2298 998 2352 nullus
1017 2314 1051 2352 ex
1069 2296 1172 2352 nostris
1190 2297 1349 2352 conciuibus
1368 2284 1420 2353 an?

149 2393 231 2454 lotam,
249 2405 329 2459 qnam
350 2391 415 2444 emit
432 2392 460 2445 in
479 2391 539 2446 loro
558 2407 609 2447 suo
629 2393 751 2462 proprio,
769 2393 872 2462 hospiti
889 2393 1010 2447 vendere
1028 2393 1119 2459 debet,
1138 2391 1188 2447 scd
1201 2392 1320 2448 vendere
1337 2401 1415 2464 pote·

149 2475 172 2530 fit
185 2482 234 2539 aliis
247 2485 404 2555 hospitibus
423 2488 524 2543 ciuium
535 2490 659 2544 aliorum.
677 2492 755 2556 Item,
773 2492 865 2545 nullus
884 2490 952 2544 ciuis
971 2506 1108 2545 annonam
1123 2499 1196 2548 emat
1213 2508 1274 2546 cum
1292 2491 1414 2546 denariis

149 2569 257 2646 locutum
277 2583 402 2637 aliorum.
420 2584 582 2640 Statuerunt
600 2587 651 2641 sub
664 2602 737 2657 pena
750 2586 787 2639 vl
801 2603 892 2656 sexsg.
911 2587 1087 2656 pragensium
1106 2586 1306 2642 denariorum.“
1319 2586 1414 2640 -Dle

147 2673 218 2730 tumn
231 2680 392 2735 zmlueneho
411 2682 566 2750 musejnlho
584 2683 720 2753 rulsopisu
735 2683 751 2737 l.
771 2690 802 2736 12
813 2704 838 2749 a,
856 2688 890 2738 te
900 2705 917 2736 a
932 2699 949 2737 o
966 2690 1015 2738 182
1025 2666 1172 2754 arypnhly
1183 2684 1249 2738 brao
1259 2700 1296 2737 ua
1304 2690 1333 2737 to
1343 2685 1413 2737 nove

147 2778 205 2839 ⁸l⁰r5
217 2760 533 2847 sneisanybsteckymi
552 2795 568 2834 o
587 2778 666 2833 slrlad
677 2779 755 2832 zboii
771 2777 999 2845 rhitomblicich,
1016 2779 1317 2833 messalianorum
1334 2779 1413 2834 takto

144 2859 189 2924 J'tou
197 2875 344 2942 urornany:
366 2876 473 2939 ,Litora
483 2877 617 2928 concordie
626 2878 694 2929 inter
705 2878 773 2929 ciues
785 2876 1017 2929 autumer-ianm
1029 2885 1052 2929 et
1068 2875 1192 2929 Vacemus.
1221 2873 1280 2929 Nos
1291 2874 1309 2928 J
1310 2874 1412 2928 acobus

143 2954 449 3038 jlderilesrmburgensis
466 2978 493 3023 et
505 2971 523 3023 J
525 2971 649 3026 ohannes
661 2971 751 3025 dictus
765 2972 814 3025 mit
825 2972 888 3025 dem
901 2988 973 3038 roze,
992 2972 1060 3026 ciuis
1074 2971 1228 3037 drocensis,
1248 2970 1351 3033 arbitri,
1370 2988 1412 3025 ar-

146 3051 261 3117 historeo
280 3071 309 3118 et
325 3065 482 3120 amicabiles
493 3068 692 3136 compositores
703 3067 737 3121 ad
748 3067 927 3122 decidendam
946 3084 1056 3122 causam
1075 3067 1130 3121 litis
1151 3073 1178 3120 et
1196 3066 1341 3133 discordie,
1359 3083 1412 3135 que

145 3147 195 3208 inter
218 3161 290 3214 ciues
316 3168 344 3214 et
374 3163 500 3218 ciuitates
526 3163 787 3218 Luthomericenses
814 3173 842 3218 et
868 3166 1007 3219 Vsccnses
1035 3181 1119 3234 super
1144 3163 1331 3233 deposicioue,
1359 3178 1412 3232 que

145 3247 191 3318 ligo
206 3256 326 3325 niderlag
344 3256 452 3324 dicitnr,
470 3260 499 3311 iu
516 3260 609 3313 littore
628 3259 747 3314 ciuitatis
757 3260 1010 3315 Lutbomericcnsis
1030 3259 1114 3313 fiendi
1132 3259 1235 3313 dudum
1248 3259 1412 3324 vertebatur,

144 3355 208 3403 ttrau
222 3353 305 3407 nobili
319 3352 431 3408 domino
450 3354 587 3421 Russonc,
606 3355 807 3410 subcamerario
820 3356 896 3423 regni
915 3355 1036 3421 Bocruie,
1054 3354 1173 3409 dominis
1191 3355 1286 3421 Paulo,
1304 3371 1412 3408 camere

143 3443 193 3509 rtgie
207 3450 321 3516 notario,
340 3456 368 3503 et
386 3450 547 3505 Frenczlino
567 3452 781 3518 Poschembach,
805 3451 928 3506 ciusdem
947 3467 1054 3504 camere
1069 3450 1163 3518 judice
1181 3450 1265 3518 curis,
1287 3467 1339 3520 per
1356 3450 1411 3503 dic·

144 3536 173 3589 llt
186 3543 251 3598 ciues
270 3555 297 3598 et
316 3546 443 3600 ciuitates
461 3548 604 3617 utrobique
624 3549 804 3601 communiter
816 3549 896 3601 electi
909 3553 936 3602 et
949 3549 1093 3617 assumpti,
1114 3547 1353 3616 recongnoscimus
1372 3551 1410 3599 te·

143 3642 190 3688 tore
203 3642 383 3709 presencium,
399 3643 508 3711 publice
526 3649 725 3712 protestantes,
744 3643 817 3712 quod
833 3659 944 3698 causam
964 3643 1019 3696 litis
1038 3641 1203 3708 huiusmodi,
1222 3648 1328 3696 maturo
1348 3656 1410 3693 cou-

142 3725 185 3783 lilio
200 3741 225 3788 et
240 3735 442 3791 deliberacione
461 3738 596 3808 solempni
615 3739 779 3809 probabitis,
802 3739 1038 3808 complanauimus
1063 3738 1091 3791 in
1108 3737 1182 3791 hunc
1200 3736 1318 3801 modum,
1336 3735 1410 3789 vide·

140 3813 191 3892 HQ
213 3832 283 3900 quod
303 3849 338 3886 ex
363 3842 479 3903 utraque
503 3841 581 3903 parte
606 3835 706 3888 ciuium
733 3841 760 3888 et
784 3835 925 3889 ciuitatum
952 3833 1206 3887 Luthomcricensis
1232 3838 1259 3886 et
1277 3831 1409 3886 Vscensis

137 3909 289 3997 ilftascripta
315 3935 412 3983 nostra
438 3930 566 3996 arbitria,
597 3947 649 3998 que
677 3931 749 3985 inter
774 3932 851 4001 ipsas
880 3938 973 4001 partes
1003 3930 1145 3983 obseruari
1171 3929 1410 3998 pronuncciamus,

136 4020 273 4078 Madame
292 4030 321 4078 et
338 4025 495 4091 statuimus,
513 4025 633 4081 debeant
652 4043 761 4096 semper
779 4024 904 4081 ammodo
924 4027 976 4079 rite
994 4033 1022 4080 et
1039 4025 1154 4079 firmiter
1171 4031 1199 4080 et
1216 4024 1410 4080 inviolabiliter

134 4111 181 4170 'ine
195 4119 255 4174 dolo
273 4121 398 4191 quolibet
416 4122 566 4191 perdurare
586 4129 613 4177 et
631 4123 767 4177 stabiliter
784 4123 812 4177 in
830 4129 995 4192 perpetuum
1020 4137 1191 4191 permanere.
1226 4120 1317 4174 Primo
1337 4120 1409 4174 enim

130 4214 350 4283 Dmnuuociamns,
367 4220 523 4285 statuimus,
541 4218 691 4273 diffinimus
705 4219 913 4285 etmundamus,
932 4218 1014 4287 quod,
1036 4217 1254 4287 quandocunque
1273 4215 1409 4271 ciuesVs·

127 4313 210 4368 tenses
227 4312 306 4367 riuos
331 4320 378 4368 aut
404 4322 529 4370 recentes
554 4317 645 4385 pisces
670 4316 714 4369 uel
740 4322 869 4370 stannum
896 4316 940 4368 uel
968 4315 1107 4384 plumbum
1127 4315 1156 4367 in
1174 4330 1246 4384 aqua
1267 4313 1355 4367 Albea
1372 4311 1408 4367 ad

123 4411 219 4471 eortun
237 4411 328 4466 litoris
346 4411 467 4465 ciuitatis
486 4409 738 4469 Luthomericeusis
758 4410 895 4478 duxerint,
915 4416 945 4464 ut
958 4409 1059 4463 debunt
1071 4410 1169 4475 facere,
1187 4416 1253 4463 tunc
1265 4410 1408 4479 persoluto

119 4492 210 4560 duem
228 4506 323 4561 debito
341 4506 489 4561 theoloneo
510 4523 560 4561 suo
579 4513 608 4560 et
625 4513 767 4574 consueto,
790 4506 841 4561 hec
860 4506 952 4560 omnia
970 4512 998 4559 et
1016 4522 1109 4558 corum
1128 4505 1269 4574 quodlibet
1286 4505 1410 4575 poterint

115 4601 212 4674 absque
228 4601 387 4658 tardamue
405 4604 517 4657 alterius
536 4603 675 4672 nauigare.
694 4603 765 4656 Dum
780 4619 844 4657 vero
858 4603 941 4671 aliqui
959 4601 1094 4655 dictorum
1113 4601 1231 4671 piscium
1248 4601 1409 4667 morientur,

113 4715 138 4755 se
154 4699 191 4754 ad
208 4715 303 4765 ruam,
321 4698 401 4765 duas,
420 4706 487 4766 tres,
505 4705 631 4767 quatuor,
657 4699 779 4769 quinque
798 4699 842 4752 uel
867 4715 919 4753 sex
942 4704 1043 4753 tunnas
1068 4697 1260 4765 extendentes,
1284 4697 1336 4752 hos
1354 4711 1409 4750 vna
