3150 5378
226 380 292 448 224
848 387 922 441 reae.

227 593 430 658 suetudinem
459 600 545 658 terre
574 595 761 676 disbrigata,
795 597 858 678 ipsi
882 599 971 663 ciues
1001 598 1104 663 nostri
1137 599 1179 663 de
1201 598 1297 664 dictis
1327 600 1424 667 bonis
1446 603 1519 683 hiis,

227 725 363 788 quorum
383 706 468 772 bona
489 708 620 773 luerunt
641 709 835 790 huiusmodi,
870 711 942 775 siue
964 711 1150 792 spirituales
1173 715 1231 776 aut
1253 713 1419 779 seculares
1441 716 1520 780 erti-

226 821 334 901 tcrint,
364 822 409 885 nil
432 821 520 887 aliud
556 824 682 889 soluere
704 823 873 903 debebunt,
907 843 1003 906 qnam
1025 842 1157 890 censum
1179 843 1331 906 annuum,
1364 827 1415 892 ita
1436 830 1520 908 quod

227 953 299 998 cnm
313 935 461 1000 omnibus
477 936 712 1017 exaccionibus,
735 935 1000 1018 imposicionibus
1024 942 1056 1002 et
1071 937 1222 1003 oneribus
1243 938 1318 1004 aliis
1341 957 1380 1004 ea
1395 944 1519 1006 tantum

226 1066 298 1113 curn
320 1050 392 1130 ipsa
415 1050 547 1114 ciuitate
569 1050 713 1115 Lunensi
743 1050 880 1116 debeant
902 1050 1075 1116 deseruire.
1121 1050 1329 1117 Absoluimus
1362 1053 1468 1119 eciam
1490 1062 1522 1118 et

225 1161 398 1227 liberamus
409 1159 434 1245 ³)
459 1165 546 1244 ipsos
564 1164 661 1244 ciues,
685 1169 719 1229 rt
732 1165 863 1230 racione
877 1164 1033 1230 bonorum
1055 1164 1240 1230 huiusmodi
1255 1165 1296 1230 ad
1310 1166 1430 1232 nudam
1445 1167 1521 1232 Pra-

225 1293 356 1356 gensem
379 1277 430 1341 uel
454 1277 551 1341 aliam
573 1277 701 1341 euocari
724 1295 787 1342 non
810 1275 956 1356 debeant,
987 1277 1045 1342 sed
1068 1294 1166 1359 super
1187 1276 1386 1358 quibuslibet
1414 1281 1521 1346 causis

226 1407 332 1454 eoram
354 1386 457 1469 nobis,
481 1389 718 1456 subcamerario
740 1395 850 1456 nostro
873 1396 929 1454 aut
939 1389 1051 1474 judice
1073 1390 1160 1457 dicte
1179 1391 1323 1458 ciuitatis
1339 1411 1453 1458 eorum
1474 1399 1521 1459 te

225 1508 362 1568 nenntur
379 1503 453 1587 jure
482 1503 587 1584 ipsius
611 1504 755 1569 ciuitatis
778 1503 910 1569 cuilibet
931 1503 1134 1585 respondere.
1179 1503 1224 1569 Vt
1243 1509 1351 1571 autern
1382 1507 1521 1589 predicti

224 1617 314 1682 eines
336 1616 438 1681 nostri
462 1616 569 1680 debita
585 1635 644 1681 sua
659 1615 894 1683 commodosius
916 1622 1062 1699 repetere
1081 1617 1207 1699 possint
1228 1621 1262 1682 et
1275 1618 1416 1700 valeant,
1439 1621 1521 1702 ipsis

225 1731 428 1812 indulgemus
442 1736 475 1795 et
490 1731 704 1810 concedimus,
728 1737 762 1795 vt
776 1730 921 1795 homines
937 1731 1091 1812 episcopi,
1114 1728 1274 1811 abbatum,
1292 1733 1522 1799 canonicorum

224 1850 257 1910 et
278 1843 493 1926 quorumlibet
514 1844 748 1925 religiosorum,
771 1843 936 1924 baronum,
966 1843 1181 1910 wladikonum
1191 1840 1216 1926 ⁴)
1248 1850 1281 1910 et
1303 1847 1523 1925 quorumlibet

225 1957 390 2037 nobilium,
413 1957 599 2038 personales
623 1957 784 2023 debitores
804 1958 988 2038 existentes,
1012 1975 1070 2038 pro
1093 1957 1224 2023 eisdem·
1237 1957 1368 2039 debitis,
1400 1968 1522 2043 quanta

223 2071 353 2150 fuerint,
376 2075 409 2135 et
424 2070 619 2136 wladikones
629 2068 653 2153 ὁ)
678 2072 711 2134 in
727 2072 874 2152 personis
890 2071 1031 2152 propriis
1043 2089 1100 2153 pro
1117 2071 1259 2153 quinque
1275 2072 1396 2138 marcis
1411 2076 1518 2139 minus

224 2185 345 2249 lottone
366 2182 406 2247 de
429 2188 539 2248 nostra
562 2184 697 2249 licencia
720 2184 808 2249 licite
823 2183 1036 2249 arrestabnnt.
1082 2184 1218 2265 Insuper
1240 2183 1280 2249 ob
1295 2185 1453 2251 maiorem
1473 2187 1520 2252 di-

223 2297 392 2378 sciplinam
426 2300 459 2361 et
481 2298 717 2377 promocionem
743 2297 861 2378 judicii
891 2296 977 2362 dicte
999 2296 1145 2361 ciuitatis
1176 2303 1287 2361 nostre
1316 2299 1466 2365 volumus
1489 2306 1520 2364 et

223 2410 405 2488 statuimus,
428 2408 523 2492 quod,
547 2409 665 2491 siquis
688 2411 720 2474 in
744 2409 816 2490 ipsa
839 2408 972 2474 ciuitate
996 2409 1045 2473 vel
1061 2408 1147 2472 intra
1170 2414 1272 2474 metas
1291 2410 1411 2492 judicii
1434 2413 1519 2477 eius·

224 2525 296 2589 dem
319 2520 562 2605 insolenciamfl)
587 2523 639 2587 nel
661 2523 901 2604 indisciplinam
912 2519 936 2604 τ)
966 2524 1171 2603 commiserit,
1195 2529 1230 2588 vt
1251 2525 1280 2588 is
1295 2542 1354 2605 per
1377 2524 1519 2606 judicem

225 2643 256 2702 et
274 2638 400 2720 jnratos
424 2636 543 2703 ibidem
565 2637 675 2718 puniri
698 2636 813 2702 debeat
835 2636 938 2717 ipsius
957 2634 1081 2719 Judicio
1105 2636 1258 2702 ciuitatis.
1286 2637 1320 2703 Si
1344 2656 1422 2703 vero
1444 2638 1518 2702 talis

224 2752 288 2832 ipsi
320 2750 445 2833 judicio
474 2754 595 2816 temere
628 2751 725 2816 vellet
761 2751 929 2831 insurgere
962 2754 995 2814 et
1026 2750 1183 2815 rebellare
1213 2750 1368 2829 forsitan,
1405 2756 1518 2816 extunc

225 2863 379 2947 quicquid
413 2862 517 2928 eidem
551 2869 584 2927 et
606 2863 675 2927 suis
697 2862 899 2927 consortibus
930 2880 1028 2927 cansa
1057 2862 1243 2928 rebellionis
1266 2862 1452 2929 huiusmodi
1467 2857 1518 2928 'il-

224 2978 325 3042 latum
347 2975 446 3041 luerit
467 2977 610 3056 lesionis,
633 2975 825 3041 incommodi
850 2980 883 3039 et
896 2975 1053 3055 molestie,
1078 2975 1111 3039 id
1128 2975 1224 3041 dictis
1247 2976 1376 3041 ciuibus
1399 2977 1518 3042 nostris

224 3110 281 3172 per
302 3109 371 3169 nos,
407 3094 534 3155 nostros
558 3088 712 3155 officiales
742 3094 775 3154 et
796 3088 957 3170 quoslibet
978 3093 1106 3154 nostros
1136 3087 1248 3154 fideles
1278 3107 1342 3155 non
1373 3088 1519 3155 debuerit

224 3204 408 3286 aliqualiter
430 3203 592 3284 imputari.
624 3202 779 3267 Volumus
802 3202 911 3284 itaque
934 3207 966 3266 et
988 3203 1142 3268 sanxione
1165 3207 1321 3284 perpetua
1343 3202 1517 3282 sanximus,

225 3316 310 3399 quod
340 3334 449 3382 omnes
473 3321 505 3380 et
528 3315 647 3396 singuli
672 3315 761 3380 ciues
784 3320 816 3380 et
834 3315 938 3379 incole
969 3315 1133 3395 sepedicto
1155 3314 1301 3379 ciuitatis
1324 3319 1436 3381 nostre
1457 3316 1518 3380 Lu·

226 3432 335 3496 nensis
359 3431 423 3494 biis
446 3428 624 3511 prenotatis
648 3429 766 3511 graciis
789 3435 822 3493 et
844 3427 1085 3507 donacionibus,
1109 3427 1333 3510 principaliter
1363 3434 1398 3493 et
1420 3429 1518 3495 omni·

225 3544 284 3609 bus
303 3544 432 3626 juribus
462 3550 494 3608 et.
515 3542 728 3623 libertatibus,
763 3541 879 3625 quibus
911 3542 1000 3608 ciues
1029 3540 1132 3605 nostri
1154 3540 1460 3607 Luthomericenses
1482 3560 1518 3606 ex

221 3660 294 3740 jure
316 3658 369 3723 uel
393 3658 433 3722 de
456 3658 565 3739 gracia
587 3658 621 3721 in
644 3658 786 3738 presenti
815 3658 986 3736 pociuntur
1007 3660 1040 3719 et
1061 3653 1229 3736 poeientnr
1251 3653 1285 3717 in
1307 3651 1429 3735 futuro,
1456 3654 1518 3720 frui

225 3769 362 3836 debeant
383 3774 539 3852 perpetue
561 3774 594 3834 et
615 3770 763 3851 gurrdere.
809 3767 899 3832 Nulli
922 3767 1023 3849 igitur
1044 3766 1208 3832 hominnm
1238 3765 1336 3831 liceat
1358 3769 1520 3849 presentis

226 3883 338 3964 scripti
360 3888 503 3948 tenorem
526 3880 702 3963 infringere
724 3887 781 3946 aut
808 3880 839 3945 ei
861 3897 943 3944 ausu
964 3878 1136 3944 temerario
1159 3880 1329 3957 connaire,
1352 3886 1453 3961 prout
1473 3881 1521 3946 in-

226 3996 450 4077 dignacionem
471 3996 594 4077 regiam
624 4001 656 4061 et
678 4013 778 4076 grane
799 4013 907 4059 rerum
930 4011 1060 4057 suarum
1083 3990 1288 4073 dispendium
1310 3992 1447 4059 caucius
1469 4014 1522 4060 cu·

227 4109 347 4191 piuerit
367 4111 501 4174 euitare.
525 4108 561 4172 In
585 4110 677 4174 cuius
698 4108 747 4172 rei
762 4106 983 4172 testimonium
1005 4109 1172 4187 presentes
1188 4103 1347 4170 conscribi
1371 4111 1404 4171 et
1418 4108 1522 4172 nostri

227 4222 358 4287 maioris
382 4223 481 4303 sigilli
497 4222 695 4302 appensione
717 4240 755 4285 ex
771 4225 859 4285 serta
881 4225 991 4284 tustra
1011 4219 1152 4284 sciencia
1166 4218 1303 4282 fecimus
1318 4219 1523 4285 communiri.

229 4338 347 4401 Datum
369 4335 472 4417 Prage
504 4334 628 4400 decimo
651 4333 805 4398 kalendas
829 4333 909 4397 Maii
939 4352 1022 4398 anno
1046 4332 1167 4397 domini
1193 4330 1367 4396 millesimo
1396 4335 1525 4399 trecen·

228 4449 342 4514 tesimo
365 4448 520 4530 vigesimo
542 4448 662 4531 quinto.

228 4592 242 4602 '
332 4591 405 4660 liop.
429 4591 545 4645 rknize
567 4588 703 4660 privilegii
720 4606 768 4641 ar.
789 4593 854 4643 1436
879 4590 925 4658 (A)
945 4605 982 4643 na
998 4589 1016 4642 l.
1036 4596 1080 4642 la
1103 4606 1120 4642 v
1139 4585 1251 4642 archiva
1268 4603 1304 4641 m.
1321 4585 1405 4642 Lean
1423 4605 1461 4645 aa
1479 4591 1529 4645 nd·

227 4689 329 4757 pisem:
350 4685 453 4753 ,Primo
471 4687 561 4755 gracie
578 4684 698 4742 ciuitatis
716 4701 777 4740 curn
796 4684 972 4754 esposicione
995 4682 1133 4739 eiusdeml
1154 4680 1348 4739 audenbach
1365 4681 1529 4758 dvorskyeh
