3098 5392
751 427 826 477 1848.

675 636 692 674 *
717 619 781 701 ba.
805 637 877 701 aro.

512 789 609 870 1348,
632 790 675 857 25
698 807 824 876 srpna.
847 791 879 859 V
902 788 1033 858 Prazc.

127 950 210 1015 Krcit
232 949 331 1014 Karai
346 949 368 1011 I
372 948 397 1009 V
410 949 575 1030 potorauje
596 949 773 1013 cetetonem
794 949 895 1012 mesta
910 947 1081 1012 temese
1102 947 1164 1012 dee
1177 946 1388 1030 privelepieolc

127 1062 217 1128 scibo
239 1060 328 1127 erote
350 1062 440 1127 Jano
463 1082 506 1125 na
523 1061 627 1142 provo
649 1057 888 1143 Maodooorsto‘,
914 1057 1008 1125 sklad
1028 1059 1126 1134 abobi,
1145 1059 1249 1142 praue
1270 1058 1361 1125 otoo
1373 1077 1387 1119 o

638 1173 727 1240 blata
743 1173 801 1256 pr'a‘
822 1171 914 1237 Labi.

231 1349 371 1417 Karolus
395 1349 448 1415 dei
471 1349 580 1431 gracia
602 1348 819 1414 Romanorum
839 1366 897 1413 rex
920 1364 1048 1430 semper
1068 1353 1231 1430 augustus
1246 1352 1278 1414 et
1292 1344 1388 1412 Boenie

126 1482 190 1529 rer.
215 1463 267 1528 Ad
289 1466 477 1545 perpetuam
498 1462 546 1527 rei
567 1461 762 1527 memoriam.
787 1460 922 1527 Tocisns
937 1461 1028 1543 regie
1043 1460 1250 1528 celsitudinis
1264 1465 1389 1543 sceptrum

126 1577 290 1642 extollitur
313 1581 346 1641 et
367 1576 473 1657 ipsius
496 1580 599 1641 status
622 1574 792 1642 roboratur
814 1574 961 1655 solidius,
991 1574 1147 1658 quociens
1178 1580 1254 1642 vota
1279 1573 1389 1640 fidelim

127 1687 244 1756 affectu
272 1688 491 1772 respiciuntur
519 1689 668 1756 beniuolo
698 1694 732 1755 et
760 1689 801 1754 ad
832 1688 1009 1755 seruandus
1036 1688 1183 1771 ipsorum
1205 1687 1390 1754 libertatesct

123 1804 198 1885 jura
220 1803 359 1870 clemens
390 1808 422 1868 et
451 1791 535 1885 pius‘
559 1803 716 1885 principis
747 1803 873 1868 animus
902 1801 1073 1884 reperitur.
1119 1800 1173 1867 Ad
1203 1803 1390 1868 vniuenorm

126 1916 238 1997 itaque
259 1917 412 1982 noticiam
435 1917 582 1981 volumus
603 1916 784 1998 peruenire,
809 1914 894 1998 quod
917 1915 958 1980 ad
980 1920 1125 1981 nostram
1148 1914 1390 1995 cameracae

127 2030 269 2095 sentiam
292 2030 403 2097 dilecti
424 2028 536 2095 fideles
559 2029 662 2094 nostri
677 2080 709 2094 ..
734 2029 822 2094 ciues
846 2027 990 2093 ciuitatis
1012 2032 1124 2094 nostre
1146 2027 1181 2093 in
1199 2023 1390 2093 Luthomeriu

127 2142 341 2207 exhibuerunt
363 2148 396 2208 et
418 2141 627 2208 ostenderunt
649 2140 741 2207 nobis
757 2139 894 2224 quedam
909 2139 1083 2223 priuilegia
1098 2140 1182 2223 ipsis
1197 2145 1231 2207 et
1245 2140 1323 2207 dicte
1335 2135 1391 2205 ciui·

128 2256 189 2319 tati
212 2273 322 2320 eorum
351 2274 409 2337 per
439 2257 525 2321 clare
555 2254 708 2320 memorie
740 2254 900 2319 illustrem
921 2250 1111 2333 Johannem,
1135 2253 1295 2336 quondam
1312 2265 1392 2333 regem

126 2368 267 2448 Boemie,
291 2369 468 2450 genitorem
491 2374 636 2436 nostrum
659 2367 871 2447 carissimum,
894 2384 1057 2447 concessa,
1086 2367 1304 2450 supplicantes
1322 2361 1390 2430 notis

127 2481 294 2546 humiliter
321 2488 354 2547 et
375 2483 501 2562 deuote,
535 2482 689 2563 quatinus
718 2480 805 2547 dicta
835 2479 1009 2563 priuilegia
1038 2498 1076 2545 ac
1106 2480 1217 2546 omnia
1242 2485 1274 2546 et
1294 2474 1391 2560 singula

130 2599 280 2659 contenta
301 2595 335 2659 in
359 2595 406 2659 eis
425 2594 613 2677 approbare,
636 2593 797 2660 ratificare
812 2598 845 2659 et
860 2590 1048 2660 confirmare
1063 2592 1104 2658 cle
1117 2591 1316 2676 benignitate
1327 2588 1393 2672 regis

127 2706 342 2788 dignaremur.
366 2709 510 2786 Quorum
531 2706 776 2789 priuilegiorum
797 2710 926 2772 tenores
948 2706 1030 2771 tales
1054 2710 1149 2771 sunt:
1171 2704 1240 2772 Nos
1259 2704 1394 2772 lebannes

128 2819 180 2884 dei
203 2820 312 2901 gracia
335 2820 466 2885 Boemie
489 2825 522 2885 et
543 2819 676 2885 Polonie
704 2837 760 2884 rex
784 2823 842 2884 etc.
889 2817 1080 2901 (Nasleduje
1109 2818 1206 2883 nuent
1235 2818 1311 2884 lietu
1329 2812 1396 2882 lrrtle

127 2931 211 2996 lana
233 2932 262 2996 cl.
287 2952 307 2993 r
330 2932 430 2996 Praze
451 2931 472 2995 5
495 2932 644 3012 prosince
667 2930 751 2996 1319
775 2929 800 2996 b.
826 2930 912 3014 110).
958 2931 1047 2996 Item.
1082 2929 1150 2997 Nos
1174 2928 1334 2997 lohannes
1359 2923 1396 2991 d’

127 3046 237 3127 gracia
259 3045 391 3109 Boemie
414 3050 446 3109 et
468 3044 601 3110 Polonie
623 3062 679 3110 rex
702 3050 761 3110 etc.
786 3042 978 3127 (Ntsleduje
999 3045 1095 3110 aneni
1117 3045 1198 3109 listu
1219 3044 1311 3110 tebet
1329 3039 1398 3107 lrile

127 3159 156 3223 d.
181 3179 200 3221 v
224 3159 324 3223 Prone
347 3159 368 3223 4
390 3156 509 3222 kvbtna
534 3157 617 3223 1325
641 3157 666 3222 i.
693 3158 777 3234 138).
823 3157 892 3223 Nos
921 3159 1031 3241 itaque
1051 3156 1273 3239 predictorum
1294 3155 1398 3227 uotum

126 3274 181 3354 qui
203 3271 352 3353 flagranti
376 3272 483 3337 studio
506 3277 538 3336 et
561 3272 746 3336 continuato
778 3269 946 3336 fidelitatis
976 3289 1085 3336 amore
1114 3270 1210 3337 nobis
1239 3275 1274 3336 et
1300 3267 1399 3353 pretato

127 3387 265 3467 genitori
288 3390 397 3451 nostro
421 3405 492 3451 curn
514 3383 590 3450 tidei
614 3385 757 3466 perfecta
780 3385 966 3451 constancia
988 3389 1021 3451 et
1043 3385 1203 3466 promptis
1230 3401 1349 3468 semper
1359 3378 1400 3444 le

127 3499 298 3563 uocionum
321 3496 489 3563 affectibus
511 3497 651 3562 fideliter
666 3498 871 3578 adheserunt,
895 3498 1023 3563 deuotis
1045 3497 1079 3561 in
1102 3497 1163 3563 hac
1187 3504 1281 3582 parte
1301 3492 1397 3577 suppli·

127 3611 311 3677 nacionibus
334 3612 481 3677 inclinati
504 3612 735 3692 cupientesque
757 3629 813 3675 eos
836 3611 1066 3692 premissorum
1093 3610 1215 3677 intuitu
1245 3611 1328 3677 circa
1345 3622 1398 3689 pre

127 3723 209 3788 fatas
239 3724 405 3788 libertates
436 3729 469 3789 et
494 3724 568 3805 jura
599 3724 821 3789 fauorabiliter
851 3741 1053 3805 conseruare,
1083 3724 1232 3805 predicta
1253 3710 1431 3807 priuilegit'-

128 3856 200 3901 cum
223 3837 369 3902 omnibus
393 3842 425 3901 et
448 3838 598 3918 singulis,
614 3838 681 3901 suis
705 3837 859 3901 clausulis
882 3842 915 3902 et
936 3837 1098 3903 contentis
1121 3838 1156 3903 in
1179 3838 1239 3918 eis,
1269 3840 1355 3920 prout
1368 3830 1399 3896 ds

127 3951 225 4014 uerbo
248 3951 289 4014 ad
312 3950 446 4015 uerbum
469 3950 673 4029 presentibus
700 3951 820 4015 nostris
853 3951 970 4016 litteris
1000 3955 1077 4016 sunt
1106 3952 1241 4033 inserta,
1271 3944 1398 4034 apptsht·

126 4083 207 4143 mus,
230 4063 426 4128 ratificamus
458 4069 490 4128 et
521 4064 680 4144 presentis
709 4063 823 4142 scripti
847 4063 1026 4144 patrocinio
1049 4081 1088 4128 er
1111 4063 1225 4129 innata
1248 4063 1334 4131 nobis
1351 4057 1397 4124 cle

127 4178 252 4241 mencio
275 4181 307 4240 et
330 4176 370 4240 de
392 4176 592 4255 benignitate
622 4177 712 4256 regia
736 4194 773 4240 en·
797 4182 885 4240 certa
908 4175 1048 4241 sciencia
1070 4174 1308 4258 confirmamus,
1332 4188 1397 4239 usn

127 4291 240 4354 (lantes
274 4290 435 4354 rniuersis
470 4295 502 4352 ct
536 4289 672 4369 singulis
707 4288 896 4370 capitaneis,
935 4287 1131 4369 camerariis,
1167 4282 1398 4361 sobmmauiit

123 4403 287 4484 judicibus
311 4403 491 4482 ceterisque
514 4399 706 4465 officialibus
730 4406 762 4465 et
783 4399 934 4466 fidelibus
960 4402 1080 4467 nostris
1111 4420 1171 4484 per
1198 4422 1332 4487 regnum
1356 4396 1401 4465 Bt

129 4518 212 4582 emie
234 4518 428 4595 constitutis,
452 4516 508 4597 qui
530 4534 614 4578 nunc
637 4520 712 4579 sunt
734 4520 767 4579 et
789 4515 845 4598 qui
867 4534 925 4596 pro
948 4519 1093 4597 tempore
1113 4514 1249 4599 fuerint,
1277 4513 1403 4601 quemn

129 4631 270 4714 prefatos
294 4631 382 4695 ciues
406 4636 571 4694 eteorum
595 4627 770 4708 quemlibet
792 4632 905 4694 contra
926 4634 1053 4694 tenores
1080 4629 1340 4711 supradictorum
1356 4622 1408 4711 prb
