3098 5392
685 457 759 509 1870.

632 753 698 837 dle.
718 769 792 836 532.

434 950 534 1033 1376,
556 953 578 1019 6
599 954 787 1038 prosince.
809 951 988 1021 VPrane.

60 1134 159 1203 Cisar'
173 1137 274 1204 Κανά
290 1139 306 1201 l
313 1136 343 1201 V
358 1136 500 1219 spoletini
517 1157 550 1201 ee
564 1156 672 1219 synon
686 1134 807 1202 irritem
826 1134 988 1200 Vdoloccm
1003 1136 1025 1199 Ι
1028 1135 1058 1197 V
1065 1135 1208 1218 rapinaje
1221 1133 1358 1200 Bodkooa'

57 1251 264 1317 zPoddbrod
293 1273 314 1317 o
349 1251 492 1317 dedicios
514 1249 588 1333 jabo
617 1248 701 1316 brool
726 1249 854 1332 Lipaioi
875 1270 896 1315 o
917 1252 1013 1314 misto
1035 1246 1190 1332 Ntmccky‘
1212 1248 1302 1316 Brod
1324 1271 1358 1314 sc

60 1366 146 1430 vitm
155 1364 413 1447 pretmmstvsm
427 1385 463 1430 oc
477 1364 564 1427 4000
578 1360 697 1445 bopdch
710 1384 759 1446 pr.
770 1358 949 1446 proiciepod
971 1383 988 1426 a
1002 1360 1166 1445 oy'hrodou
1188 1362 1320 1447 ay'ploty
1333 1384 1354 1427 o

54 1478 168 1562 prdoo
184 1478 282 1544 isidoti
291 1476 439 1560 poscidku
454 1478 493 1543 do
508 1476 613 1542 brodo
628 1476 641 1541 i
654 1479 756 1543 misto
769 1498 788 1540 a·
803 1479 857 1542 tos
866 1475 1008 1559 potr'eby.
1025 1476 1139 1559 Kdyby
1158 1497 1191 1542 sc
1211 1475 1357 1558 oybiroiy

59 1594 158 1658 berrat
176 1593 233 1658 neb
248 1592 320 1676 jina
334 1593 430 1674 pioty
444 1591 485 1658 od
498 1589 703 1675 trduvsky'ct
722 1594 811 1667 mist,
833 1591 976 1656 mittant
990 1587 1268 1655 Ndmeoieobroddti
1278 1590 1361 1672 maji

57 1706 130 1773 edat
151 1728 196 1772 aa
213 1710 255 1772 nd
268 1705 432 1788 posaoddc
450 1705 655 1789 pr'spodojs‘oi
666 1703 843 1770 adstoonim
858 1705 947 1789 say'm
956 1702 1082 1786 pdndm
1097 1703 1217 1769 oderisii
1222 1726 1234 1787 ;
1255 1702 1359 1786 kdyby

59 1820 109 1885 §lo
130 1839 148 1884 o
171 1818 260 1884 boma·
276 1818 420 1897 alcmon,
443 1819 526 1903 maji
537 1818 572 1903 pt·
592 1818 741 1884 adstooat
754 1818 881 1902 po'nood
896 1817 1023 1899 oybrota'
1044 1838 1066 1882 a
1088 1816 1127 1882 do
1142 1815 1270 1900 komory
1284 1816 1357 1883 lerd-

61 1930 169 1998 bosko
190 1932 327 2013 oderisi&
349 1933 399 1999 aio
432 1930 528 2017 jiaok
556 1932 677 2016 meost
696 1932 736 1997 od
757 1933 902 1998 miliani
923 1929 1107 2016 Brodaky'ob
1128 1930 1236 1996 aiteio
1251 1930 1360 2015 jine'bo

55 2045 261 2128 pobodooati,
290 2045 372 2112 aelli
392 2044 515 2111 immo
541 2044 706 2128 posoocidc
734 2045 799 2126 hyla?
819 2045 877 2111 tito
894 2045 1035 2127 paciani,
1069 2066 1090 2110 o
1118 2045 1201 2130 mojt
1212 2046 1248 2129 jc
1268 2045 1360 2111 odbcc

341 2159 400 2242 pr'i
415 2156 484 2243 jc'cb
499 2157 640 2241 prdocob
662 2180 684 2224 a
705 2157 877 2225 svoboddcb
898 2157 1070 2225 racbooots'.

170 2341 312 2409 Karolns
344 2347 479 2426 quartus
509 2341 622 2410 diuina
651 2343 781 2410 fauente
812 2342 985 2410 clemencia
1013 2343 1232 2410 Romanorum
1261 2342 1362 2425 impe·
1498 2412 1502 2419 ,

61 2461 154 2525 rator
177 2474 305 2541 semper
330 2461 487 2539 augustus
510 2461 543 2523 et
564 2457 698 2524 Boemie
718 2475 786 2538 rer,
809 2461 842 2522 et
865 2455 1072 2524 Wencesleus
1095 2457 1149 2524 dei
1172 2456 1281 2540 gracia
1298 2456 1362 2523 Ro·

63 2589 235 2638 manorum
256 2588 313 2637 rex
335 2588 463 2654 semper
484 2575 643 2654 augustus
666 2575 699 2637 et
719 2571 854 2638 Boemie
875 2589 942 2652 rex,
965 2576 1076 2638 notum
1098 2570 1236 2638 iacimus
1251 2577 1362 2638 tenore

63 2683 270 2769 presencium
301 2684 474 2765 uniuersis,
509 2683 594 2766 quod
623 2685 687 2751 rite
717 2683 931 2767 obligauimus
961 2689 994 2751 et
1022 2689 1135 2752 tenore
1160 2686 1362 2767 presencium

64 2799 197 2867 nomine
225 2798 371 2881 pignoris
402 2797 643 2865 racionabiliter
665 2797 845 2881 obligamus
867 2797 1030 2865 nobilibus
1052 2799 1216 2866 Bocalroni
1238 2798 1279 2866 de
1300 2798 1361 2865 Po·

66 2912 212 2998 dyebrad
246 2917 279 2978 et
311 2911 484 2978 heredibus
519 2912 597 2992 suis,
636 2910 776 2977 Hiuconi
811 2916 844 2978 et
876 2911 1057 2994 Jesohconi,
1092 2912 1246 2980 fratribus
1279 2913 1361 2995 eius,

65 3026 166 3093 dictis
188 3023 230 3091 de
251 3024 448 3108 Podyebrad,
483 3043 606 3091 necnon
629 3023 790 3090 nobilibus
816 3024 964 3091 lithardo
987 3025 1028 3091 de
1050 3024 1219 3107 Chunstat,
1248 3025 1362 3093 lesch-

66 3139 139 3206 coni
164 3138 251 3205 dicto
273 3138 424 3204 Puschlra
445 3138 486 3204 de
509 3136 677 3218 chunstat,
700 3142 815 3221 patruo
843 3157 911 3219 suo,
943 3142 975 3203 et
997 3138 1137 3205 Johanni
1160 3139 1299 3205 Ptaczek
1322 3140 1362 3206 de

64 3252 287 3333 Birkenstein,
319 3253 407 3319 dioto
438 3252 479 3319 de
507 3252 617 3333 Polna,
652 3271 762 3319 eorum
791 3253 920 3319 nomine
949 3252 1157 3335 infrascripta
1182 3253 1224 3318 ad
1247 3271 1361 3319 manus

67 3363 182 3431 fideles
197 3364 438 3448 recipientibus,
462 3363 611 3431 fidelibus
627 3367 746 3431 nostris
762 3365 901 3447 dilectis,
928 3372 1069 3432 castrum
1084 3366 1206 3433 dictum
1221 3367 1364 3450 Lypnicz

65 3486 101 3545 et
123 3479 290 3545 ciuitatem
312 3479 453 3546 Brodam
480 3480 741 3547 Theutonicalem
772 3501 844 3548 cum
875 3482 995 3563 motha,
1025 3481 1193 3560 theloneis,
1228 3481 1364 3547 seruito·

64 3592 171 3672 ribus,
186 3592 312 3673 incolis,
328 3592 609 3674 inhabitatoribus,
627 3593 786 3676 censibus,
809 3593 1000 3674 redditibus,
1017 3595 1236 3676 pensionibus,
1253 3593 1364 3659 fructi·

64 3705 139 3785 bus,
162 3704 382 3786 prouentibus,
407 3705 658 3772 obuencionibus
682 3712 715 3772 et
736 3708 944 3789 pertinenciis
967 3708 1041 3773 aliis
1058 3708 1218 3774 uniuersis
1242 3711 1276 3772 et
1297 3707 1363 3772 sin·

66 3817 167 3901 gulis,
189 3818 408 3900 spectantibus
442 3819 483 3883 ad
506 3819 627 3899 eadem,
657 3823 753 3901 prout
775 3820 808 3885 in
832 3839 941 3887 eorum
970 3821 1177 3903 possessione
1199 3820 1365 3901 hucusque

65 3932 191 3998 luimus
214 3935 288 3996 eta
310 3930 471 3998 nobilibus
493 3932 534 3998 de
556 3932 638 4013 Lipe
661 3950 699 3997 ea
722 3933 920 3999 dinoscimur
949 3933 1031 3998 alies
1062 3951 1275 4016 comparasse,
1305 3950 1363 4015 pro

66 4050 209 4130 quatuor
245 4044 377 4112 milibus
415 4062 645 4128 sexagenorum
682 4065 866 4127 grossorum
902 4047 1107 4113 denariorum
1143 4045 1364 4129 Pragensium,

67 4177 153 4242 quas
176 4159 256 4226 dicti
278 4159 394 4225 fratres
424 4159 517 4226 nobis
540 4160 574 4225 in
597 4165 710 4240 parata
740 4160 877 4241 pecunia
907 4164 1105 4241 mutuarunt,
1134 4159 1288 4240 habenda,
1318 4164 1366 4225 te·

64 4271 177 4340 nenda
199 4278 232 4338 et
258 4272 451 4354 vtifruenda,
475 4292 537 4340 non
560 4273 753 4355 computatis
777 4274 810 4338 in
834 4279 952 4339 sortem
978 4272 1136 4339 fructibus
1159 4273 1366 4357 prouenturis

66 4406 112 4455 cx
135 4386 194 4466 eis,
229 4402 310 4466 quos
340 4386 566 4470 obsequiorum
598 4405 728 4453 suorum
758 4386 878 4451 intuitu
901 4387 997 4453 dictis
1021 4387 1062 4453 de
1083 4386 1271 4469 Podyebrad
1294 4405 1367 4470 gra·

64 4502 159 4569 ciose
181 4498 376 4565 remittimus
400 4503 433 4565 et
455 4498 494 4564 de
517 4499 650 4580 speciali
681 4499 792 4565 fauore
815 4497 992 4565 liberaliter
1014 4499 1188 4581 elargimur
1209 4504 1276 4567 tam
1298 4500 1365 4580 diu,

63 4617 173 4683 donec
207 4611 296 4679 dicta
328 4612 536 4695 pecuniarum
574 4631 697 4678 summa
733 4632 791 4694 per
824 4632 892 4694 nos,
929 4613 1064 4680 heredes
1098 4619 1132 4678 et
1164 4631 1366 4681 successores
