3098 5392
690 454 765 507 raro.
1321 456 1386 522 533

105 687 198 735 emur
232 666 402 750 disponere
426 671 458 733 et
480 664 638 748 ordinare,
675 668 761 750 quod
790 665 907 750 prelati
938 665 1085 732 redditus
1116 665 1202 732 dicto
1233 666 1386 749 hospitali

106 784 248 865 ssignati
268 787 301 847 et
316 780 506 863 assignandi
529 799 567 846 ac
582 781 657 861 alia,
674 799 863 863 quecunque
877 780 1068 862 temporalia
1083 780 1124 845 ad
1139 779 1262 845 dictum
1277 780 1386 861 hospi-

105 898 154 961 ale
177 896 399 977 peruenirent,
423 913 481 976 per
504 893 652 960 scabinos
675 894 754 960 dicti
778 893 899 977 oppidi,
922 895 978 975 qui
1008 912 1066 976 pro
1091 897 1235 975 tempore
1256 892 1387 972 fuerint,

105 1014 285 1088 enerentur,
319 1013 507 1090 regerentur
538 1013 571 1072 et
600 1006 856 1090 gubernarentur
881 1024 919 1074 ac
941 1007 974 1072 in
997 1024 1074 1073 vsus
1097 1025 1275 1090 pauperum
1298 1005 1386 1071 infir·

105 1142 214 1189 norum
244 1122 277 1186 in
308 1140 345 1188 eo
376 1121 529 1204 hospitali
560 1121 824 1188 decumbencium
853 1120 1126 1193 distribuerentur
1156 1125 1188 1186 et
1219 1120 1387 1202 dispensa·

106 1241 220 1313 entur,
259 1253 317 1299 nos
346 1234 550 1299 attendentes
580 1233 738 1316 prolatam
768 1235 961 1317 peticionem
991 1234 1150 1301 dictorum
1180 1238 1384 1299 executorum

105 1352 161 1416 ore
186 1346 414 1413 racionabilem
441 1352 473 1412 et
496 1346 678 1428 discretam,
709 1352 742 1413 et
769 1347 846 1430 quia
868 1345 1052 1428 didicimus,
1086 1347 1172 1430 quod
1201 1345 1387 1429 hospitalia,

108 1481 150 1526 ue
173 1480 232 1542 per
255 1460 516 1527 communitatem
538 1461 693 1526 laicorum
716 1465 881 1543 reguntur,
915 1460 1070 1543 proficere
1091 1466 1125 1527 et
1146 1478 1292 1527 crescere
1314 1478 1388 1525 con-

105 1581 277 1655 uenerunt,
302 1581 334 1639 et
356 1574 442 1640 dicto
465 1575 619 1657 hospitali
642 1575 768 1641 eteius
792 1575 934 1657 utilitati,
958 1581 1052 1658 prout
1066 1574 1222 1657 possibile
1238 1578 1295 1654 est,
1317 1591 1389 1656 pro-

105 1689 204 1756 ,idere
220 1688 374 1769 volentes,
398 1688 571 1753 statuimus
595 1691 628 1753 et
650 1687 846 1769 ordinamus,
870 1687 956 1771 quod
972 1687 1096 1754 scabini
1112 1687 1250 1770 predicti
1267 1685 1387 1769 oppidi,

105 1803 144 1868 ui
177 1821 236 1884 pro
266 1806 411 1884 tempore
443 1801 574 1883 fuerint,
609 1800 698 1884 ipsos
727 1800 875 1867 redditus
902 1806 969 1867 tam
999 1801 1182 1884 assignatos
1213 1818 1308 1882 quam
1338 1816 1389 1864 as·

105 1914 279 1998 ignandos,
313 1933 436 1982 necnon
460 1914 568 1981 omnia
589 1914 673 1981 bona
702 1916 902 1997 temporalia,
934 1933 997 1997 que
1018 1915 1060 1980 ad
1083 1914 1205 1980 dictum
1227 1912 1389 1996 hospitale

105 2033 310 2095 eruenerunt
324 2032 356 2094 et
370 2028 502 2093 inantea
520 2028 720 2110 perueniant,
744 2028 910 2110 perpetuis
926 2026 1044 2094 futuris
1059 2027 1259 2110 temporibus
1274 2031 1389 2108 regant

105 2149 118 2209 t
145 2141 327 2225 gubernent
349 2147 382 2206 et
404 2143 437 2207 in
461 2160 538 2207 vaus
561 2160 600 2209 ac
622 2142 793 2207 utilitatem
824 2160 1002 2225 pauperum
1024 2139 1222 2208 infirmorum
1245 2139 1278 2204 in
1302 2139 1388 2205 dicto

105 2255 249 2338 ospitati
279 2254 542 2321 decumbencium
572 2259 760 2321 conuertent
790 2258 823 2319 et
845 2254 1042 2336 dispensent,
1077 2255 1124 2320 sic
1152 2258 1270 2333 tamen,
1303 2251 1388 2332 quod

106 2388 173 2435 uos
210 2368 327 2451 probos
360 2373 393 2433 et
425 2368 578 2435 honestos
612 2369 699 2434 viros
731 2387 770 2433 ex
800 2386 836 2433 se
867 2369 918 2433 vel
948 2387 986 2432 ex
1017 2367 1143 2433 ciuibus
1174 2367 1253 2432 dicti
1280 2364 1389 2448 oppidi

105 2485 225 2565 ligant,
249 2482 305 2563 qui
326 2481 410 2547 bona
433 2479 619 2563 supradicta
651 2482 731 2548 dicti
753 2481 923 2564 hospitalis
953 2499 991 2547 ac
1020 2481 1164 2563 ipsorum
1187 2479 1390 2545 scabinorum

108 2597 225 2664 omine
247 2598 377 2660 teneant
411 2599 444 2660 et
477 2593 665 2675 gubernent,
699 2612 737 2660 ac
770 2594 925 2671 predictis
959 2592 1155 2675 pauperibus
1186 2590 1322 2658 infirmis
1355 2593 1389 2657 in

105 2710 206 2778 odem
228 2708 381 2790 hospitali
404 2705 667 2773 decumbentibus
701 2707 884 2773 necessaria
918 2707 1102 2772 ministrent
1122 2725 1161 2772 ac
1184 2708 1218 2771 in
1241 2725 1332 2772 asum
1356 2711 1389 2770 et

105 2824 266 2889 tilitatem
300 2821 403 2903 ipsius
437 2821 609 2903 hospitalis
640 2825 673 2885 et
703 2818 902 2886 infirmorum
926 2821 1113 2902 impendant
1135 2826 1168 2886 et
1190 2821 1387 2902 dispensent,

105 2939 137 3004 ic
162 2944 282 3015 tamen,
319 2934 403 3016 quod
438 2934 515 2999 dicti
542 2938 683 2999 rectores
707 2952 765 2999 seu
788 2934 1019 3017 gubernatores
1049 2934 1204 2999 bonorum
1234 2933 1327 2999 nobis
1359 2939 1391 2998 et

105 3048 336 3117 uccessoribus
359 3048 489 3128 nostris,
513 3047 766 3129 archiepiscopis
790 3048 926 3113 ecclesie
945 3047 1128 3130 Pragensis,
1152 3048 1207 3129 qui
1230 3064 1287 3128 pro
1310 3051 1390 3112 tem·

105 3183 169 3231 ore
192 3162 324 3242 fuerint,
348 3161 442 3226 annis
469 3161 606 3242 singulis
630 3160 671 3225 de
693 3159 930 3241 gubernacione
952 3165 985 3225 et
1007 3161 1163 3243 regimine
1193 3179 1231 3225 ac
1261 3159 1391 3242 dispen-

105 3277 225 3343 acione
249 3275 407 3340 dictorum
430 3274 584 3339 bonorum
606 3274 768 3339 racionem
791 3274 927 3340 reddere
945 3279 1125 3354 teneantur,
1149 3272 1298 3356 quodque
1321 3292 1392 3355 pre·

105 3391 173 3457 icti
198 3389 321 3455 scabini
346 3388 386 3452 ad
410 3394 522 3453 nutum
545 3394 690 3453 nostrum
713 3394 745 3452 et
768 3407 989 3453 successorum
1016 3393 1199 3453 nostrorum
1230 3386 1391 3469 predictas

105 3504 360 3582 ;ubernacioncs,
381 3501 634 3583 quandocunque
650 3501 742 3565 uobis
759 3506 791 3565 et
807 3501 1046 3567 successoribus
1063 3501 1182 3566 nostris
1199 3499 1392 3564 ridebuntur

105 3620 203 3683 uinus
237 3617 342 3696 vtiles,
376 3634 395 3679 a
425 3615 512 3680 dicta
541 3614 778 3697 gubernacione
807 3615 945 3679 debeant
975 3620 1008 3679 et
1038 3618 1208 3679 teneantur
1231 3630 1389 3678 amouere.
1451 3674 1454 3687 ,

105 3730 293 3796 ntencionis
317 3729 445 3794 omnino
468 3733 577 3793 nostre
601 3747 663 3792 nou
687 3728 806 3808 existit,
830 3733 864 3792 vt
884 3747 941 3810 per
956 3734 1136 3809 presentem
1153 3728 1393 3793 ordinacionem

105 3845 192 3908 lictis
228 3842 369 3906 scabinis
399 3842 432 3905 in
463 3841 603 3923 aliquam
634 3842 863 3922 proprietatem
894 3860 950 3906 seu
982 3841 1112 3924 aliquod
1140 3841 1316 3907 dominium
1339 3860 1392 3906 ve·

106 3958 192 4021 imus
208 3956 373 4037 applicare
396 3974 454 4020 seu
477 3954 606 4034 donare,
631 3955 687 4019 sed
710 3955 794 4037 quod
817 3956 924 4019 omnis
947 3961 979 4019 et
1002 3957 1130 4036 singula
1149 3954 1232 4020 bona
1247 3955 1393 4037 predicta

107 4092 126 4136 n
146 4071 222 4152 jure
247 4076 280 4133 et
302 4071 499 4151 proprietate
522 4070 704 4134 consistunt
726 4075 758 4134 et
781 4074 932 4134 maneant
954 4070 1123 4149 hospitalis
1147 4069 1335 4150 supradicti.
1359 4068 1393 4135 Si

105 4186 168 4268 quis
206 4182 366 4248 contraire
397 4183 631 4264 presumpserit
652 4187 709 4246 aut
731 4182 854 4263 aliquid
878 4181 918 4246 de
940 4182 1108 4263 premissis
1132 4182 1311 4261 immutare,
1345 4183 1395 4246 in-

105 4298 322 4381 lignacionem
352 4296 405 4360 dei
437 4295 665 4379 omnipotentis
689 4315 724 4360 se
747 4296 875 4360 nouerit
897 4296 1109 4361 incursurum.
1156 4295 1192 4359 ln
1224 4296 1316 4360 cuius
1345 4296 1394 4361 rei

105 4411 318 4480 estimonium
341 4417 506 4493 presentes
529 4410 655 4475 litteras
676 4409 745 4474 iicri
763 4416 795 4474 et
811 4410 909 4491 sigilli
927 4409 1028 4475 nostri
1044 4410 1242 4491 appensione
1259 4409 1394 4476 fecimus

105 4524 299 4594 :ommuniri
347 4525 465 4589 Datum
489 4523 592 4605 Prage
621 4542 705 4589 anno
733 4523 853 4587 domini
877 4520 1135 4603 lll⁰GCC⁰LllX⁰,
1159 4522 1212 4589 die
1242 4523 1395 4589 vicesima

105 4643 201 4707 »rima
223 4639 345 4705 mensis
367 4637 569 4704 Nouembris.
