3098 5392
688 432 762 483 ¹⁸³⁶·
1320 431 1384 497 289

111 640 274 721 rolendini
299 639 374 722 lpse
395 638 611 722 contingente,
634 641 668 706 in
691 658 817 708 summo
839 646 872 708 et
887 642 1067 724 quontitate
1087 640 1229 722 inposite
1249 641 1385 723 pecunie

111 754 194 820 couti
218 752 450 836 promittimus,
481 754 629 821 volumus
651 757 685 819 et
707 754 831 821 deduci.
867 754 1059 820 Msndcntes
1080 754 1298 831 uniuersiset
1319 754 1384 819 sin·

111 869 171 932 ulis
194 919 228 932 ..
254 865 430 947 iudicibus,
462 867 597 934 consilio
619 871 653 934 et
677 867 860 935 hominibus
882 867 1025 951 predicte
1052 866 1194 934 ciuitatis
1216 866 1383 950 Bndweye

112 980 295 1048 resentibus
327 985 361 1046 et
389 980 517 1062 futuris,
551 985 709 1064 quatenus
743 982 849 1048 eidem
877 981 1030 1064 hospitali
1060 986 1093 1046 et
1124 979 1258 1063 prelatis
1291 979 1383 1046 bonis

111 1096 190 1176 psius
215 1098 331 1160 contre
354 1093 576 1161 huiuscemodi
591 1099 757 1177 paternum
780 1101 814 1162 et
835 1099 978 1162 nostrum
999 1095 1141 1178 graciam
1162 1098 1195 1161 et
1216 1094 1384 1176 indulgen·

111 1210 169 1275 lsm
185 1208 311 1274 nullom
326 1207 468 1274 inferunt
484 1226 544 1275 nec
565 1207 678 1275 inferri
700 1209 890 1292 permittant
911 1206 951 1274 ab
965 1209 1040 1274 eliis
1064 1208 1264 1290 violenciam,
1286 1209 1383 1274 mole

111 1323 184 1387 tium
206 1320 396 1403 aliqualiter
426 1321 478 1388 rel
500 1339 685 1404 grammon,
716 1321 974 1405 indignacionem
999 1325 1166 1404 paternam
1188 1326 1220 1386 et
1242 1325 1384 1387 nostrum

112 1453 126 1500 c
146 1452 249 1516 penus
272 1434 485 1516 grauissimas
500 1451 559 1515 pro
574 1438 664 1500 motu
678 1440 788 1500 nostro
809 1432 1010 1517 infligendas,
1034 1434 1062 1499 si
1077 1451 1172 1501 secus
1193 1439 1384 1515 attemptare

112 1549 347 1630 resumpserint
375 1545 645 1614 irremissibiliter
673 1547 843 1614 incursuri.
889 1549 926 1613 In
957 1564 1091 1631 quorum
1122 1547 1262 1614 omnium
1291 1548 1382 1614 testi-

112 1661 233 1726 ronium
261 1665 360 1743 etque
387 1658 487 1726 robur
516 1664 708 1744 perpetuum
729 1664 895 1744 presentes
923 1659 1082 1727 conscribi
1103 1665 1137 1726 et
1157 1661 1259 1726 nostri
1282 1660 1383 1742 sigilli

112 1774 269 1839 runimine
294 1773 453 1857 jussimus
483 1774 682 1841 communiri.
728 1774 848 1840 Datum
876 1774 911 1839 in
940 1773 1097 1857 Budweys
1127 1774 1161 1839 in
1190 1772 1273 1839 festo
1295 1773 1382 1840 besti

112 1888 224 1970 leorgii
247 1905 331 1954 anno
354 1887 477 1955 domini
498 1887 670 1955 millesimo
692 1888 918 1955 trecentesimo
940 1886 1103 1953 tricesimo
1126 1887 1247 1969 quinto.

857 2045 920 2111 Per
941 2043 1106 2110 domiuum
1126 2042 1342 2110 marchionem

952 2155 1157 2223 consiliarius
1179 2154 1229 2222 W.

193 2306 266 2379 Orig.
284 2324 360 2380 perg.
378 2309 552 2366 rntrodnlm
569 2326 693 2365 museum
711 2310 865 2366 Uherslrtm
883 2310 999 2366 rPeiti.
1017 2310 1149 2366 Srelkou
1166 2309 1277 2365 msutou
1293 2308 1383 2380 peleti

113 2402 272 2472 nurkrsbccl,
287 2404 356 2474 jeju
375 2405 493 2474 olrrsjek
508 2406 566 2474 jest
583 2406 701 2460 ulimtn.
736 2405 852 2476 Drulrdy
873 2406 918 2476 byl
937 2406 1002 2475 orig.
1021 2411 1068 2460 ten
1086 2404 1226 2461 rsrchiru
1243 2421 1278 2458 m.
1294 2404 1383 2460 Bnde

113 2497 173 2564 poc,
190 2499 297 2555 eurum
315 2498 389 2555 neu
402 2499 527 2555 aranon
538 2500 564 2556 r.
581 2501 674 2556 urben
687 2501 764 2571 rope
779 2501 887 2572 poem,
902 2502 948 2570 jer
968 2517 998 2556 se
1011 2501 1099 2556 enovs
1115 2500 1317 2571 vuiplomotsli
1335 2485 1383 2557 ce-

115 2590 182 2648 sitho
206 2611 308 2653 mosee
327 2626 362 2637 -
381 2594 481 2666 Chytil,
510 2594 603 2652 Codex
632 2595 758 2652 Morsvie
783 2596 844 2652 VII.
872 2602 920 2652 etr.
948 2603 989 2652 33.
1008 2627 1043 2637 -
1060 2596 1161 2665 molor,
1191 2597 1311 2668 Regests
1336 2597 1381 2651 1v.

117 2685 193 2745 tlte.

654 2848 719 2936 (irs.
745 2868 816 2934 174

456 3020 582 3110 [1335]‚
604 3022 647 3090 16
670 3024 820 3093 terune.
843 3023 877 3093 V
899 3023 1029 3093 Prsze.

125 3190 180 3261 Krul
192 3201 255 3266 Joo
268 3199 419 3282 aevomje
433 3218 467 3264 sc
482 3196 696 3281 polemio-ru,
717 3198 798 3264 radi
817 3199 830 3263 ι’
850 3199 902 3263 os'i
920 3197 986 3264 obci
1007 3199 1107 3263 orista
1130 3194 1242 3272 clero,
1268 3196 1301 3262 lc
1314 3196 1384 3279 jol

122 3311 181 3379 prou
189 3313 294 3394 proco
314 3311 434 3380 ocbudc
455 3308 635 3386 utiskoooti,
659 3333 680 3375 a
701 3312 735 3376 ie
757 3312 935 3378 osoobosem'
954 3309 1094 3377 kldltcre
1112 3308 1322 3377 Voldsaskito
1343 3310 1382 3376 ccl

386 3426 518 3509 placent
538 3425 632 3491 hemi
650 3423 743 3490 cenci
758 3425 821 3510 jim
844 3425 909 3510 by‘ti
930 3446 974 3490 oa
996 3424 1093 3508 cijmu.

194 3600 358 3668 Johsnnes
392 3600 445 3666 dei
479 3601 589 3682 grecie
622 3600 755 3667 Boemie
785 3619 841 3666 rex
874 3618 911 3666 ac
945 3599 1234 3682 Lucemburgensis
1266 3618 1380 3667 comes.

120 3696 254 3779 Fidelibns
276 3712 399 3779 uostris
422 3712 560 3793 dilectis,
583 3713 738 3795 magistro
762 3714 936 3793 consulum,
960 3711 1094 3778 consilio
1115 3715 1148 3776 et
1163 3714 1382 3778 communitati

117 3817 211 3892 cium
233 3828 267 3893 in
289 3826 378 3908 Egra
399 3827 541 3909 greciam
563 3826 686 3909 regiam
708 3833 741 3892 et
763 3845 856 3893 omne
877 3826 1003 3892 bonum.
1049 3823 1223 3890 Venientes
1246 3825 1287 3889 od
1310 3843 1381 3906 pre·

114 3939 231 4006 3trucium
252 3945 397 4006 nostrum
426 3958 484 4022 pro
507 3944 600 4022 perte
621 3945 728 4006 vestre
751 3946 783 4006 et
805 3941 947 4006 ciuitatis
978 3944 1086 4004 vestre
1107 3938 1257 4004 concines
1280 3939 1381 4004 vestri

114 4050 181 4120 totis
204 4053 361 4137 quasdam
382 4053 494 4118 literas
517 4058 644 4119 nostres
668 4053 836 4120 ostendere
856 4058 1017 4132 curarunt,
1041 4052 1133 4117 dotes
1157 4056 1190 4115 ct
1212 4069 1380 4116 concessas

115 4171 198 4231 entre
228 4183 285 4231 vos
316 4172 350 4231 et
379 4167 414 4231 in
443 4165 657 4248 preiudicium
687 4171 829 4232 vestrum
858 4165 965 4230 abbati
996 4171 1029 4229 et
1056 4163 1251 4229 monasterio
1281 4163 1381 4229 Wolt-

115 4281 212 4348 lcensi
236 4284 270 4345 et
292 4283 406 4345 contm
435 4278 654 4345 immunitates
677 4284 800 4344 vestrae
824 4297 843 4343 a
865 4276 1147 4360 predecessoribus
1162 4277 1282 4342 nostris
1305 4277 1381 4343 diue

115 4396 239 4463 emorie
257 4393 394 4460 Boemie
415 4392 545 4474 regibus
568 4397 601 4457 et
623 4411 643 4457 s
665 4392 756 4457 nobis
780 4391 872 4456 dates
895 4387 952 4477 [et]
976 4408 1153 4470 concessae,
1185 4389 1300 4471 quibus
1324 4410 1380 4456 voe

115 4526 221 4578 auare
238 4508 390 4574 nituntur
404 4505 511 4571 minus
527 4505 620 4571 iuste.
645 4507 846 4587 Quapropter
859 4502 1026 4572 fidelitatis
1043 4508 1150 4569 vestre
1165 4504 1381 4570 constanciam

115 4629 166 4694 ire
188 4622 353 4699 volumus,
376 4618 464 4699 quod
484 4618 679 4685 intentionis
700 4623 809 4683 nostre
830 4636 892 4681 non
916 4622 966 4682 eet
987 4636 1046 4683 nec
1067 4616 1130 4683 fuit
1152 4635 1208 4681 vos
1230 4621 1286 4681 cut
1301 4618 1379 4683 ciui·

1193 4749 1224 4796 ro
