3098 5392
239 414 324 484 1052
855 417 932 476 rtoe.

231 631 458 719 pr'cpcdldne‘bo
473 631 542 718 loje.
566 631 687 699 Kromd
706 632 776 700 tolo
793 635 871 718 rraajl
877 629 1091 717 purcraotmo
1105 630 1128 696 6
1142 629 1209 716 kap
1226 630 1367 712 ducati,
1384 654 1424 699 aa
1438 634 1490 698 ηέί
1501 632 1539 697 at

233 749 296 815 dou
324 750 447 816 elrdlcc
474 747 607 825 elocati,
639 770 660 812 a
681 749 801 831 jadaea
830 767 939 813 eroco
962 746 1044 831 maj(
1064 744 1288 830 arescebam
1313 770 1338 814 a
1362 745 1539 829 arcuisse

235 861 344 928 elstano
360 862 559 945 polluenda
585 863 757 945 poeloaa'ili
777 864 906 929 creden.
952 865 981 928 Z
998 863 1066 928 lced
1087 859 1395 948 arcibiekupekgicla
1408 866 1482 947 yses
1499 861 1537 926 de

233 975 318 1041 maid
338 976 497 1058 obyoalele'
514 977 648 1059 poetam
670 977 719 1043 dle
737 978 871 1060 potr'eby
887 964 1046 1059 piiodtlels'
1067 975 1155 1041 dilui
1179 997 1229 1042 na
1253 978 1424 1060 vytepest
1440 976 1536 1042 muns

234 1109 256 1154 a
277 1086 433 1173 helped,
457 1089 564 1155 ketello
594 1092 659 1155 licle'
688 1089 839 1157 bostinett
865 1093 947 1175 maji
974 1112 1019 1156 no
1039 1089 1179 1173 synodal
1194 1089 1417 1173 purkrobtlso
1437 1090 1537 1176 jadau

232 1225 251 1268 a
266 1222 334 1268 rose
348 1203 501 1269 aldestoilr‘
515 1227 547 1269 se
563 1204 635 1269 locu
649 1209 736 1269 cotie
752 1206 848 1271 oncbo
863 1204 981 1271 adludo
989 1203 1099 1289 jintlo
1113 1224 1158 1270 ne
1174 1205 1269 1270 eoem
1286 1208 1394 1273 mbr&
1400 1202 1537 1289 mensu

233 1315 312 1382 ansb
318 1315 598 1400 purkroblmupdl
606 1321 698 1402 prose
708 1319 865 1403 raptatus.
881 1316 983 1385 Jinak
995 1313 1194 1401 Rokyoundtl
1205 1320 1345 1404 sarept
1353 1319 1462 1405 rectu
1468 1316 1536 1402 pro's

224 1427 304 1513 joko
326 1429 556 1496 Pellrr's'movdtl.
580 1432 676 1497 Slare'
697 1436 794 1497 me'eto
809 1429 950 1497 Praestet
963 1433 1000 1514 jc
1013 1429 1083 1514 jiol
1104 1432 1230 1514 oyddtm
1249 1433 1410 1514 prdem,
1432 1455 1452 1498 r
1462 1429 1535 1517 W

232 1545 347 1612 adlecti
360 1546 421 1632 jdc
442 1545 589 1611 odcoldnl
609 1544 629 1608 lc
640 1543 878 1626 podlcomor'lmu
900 1541 1201 1626 aruoebpstemo.
1237 1545 1311 1612 Pto
1335 1547 1444 1613 mendi
1455 1541 1534 1624 tilde

232 1659 345 1726 mobou
376 1659 520 1725 dlecbta'ce
549 1661 562 1723 a?
586 1660 657 1742 jine
690 1658 810 1725 scttsle‘
838 1658 899 1725 lidi
931 1681 967 1725 vc
994 1662 1090 1724 mdetl
1119 1660 1299 1740 stovooots‘,
1338 1681 1358 1727 s
1387 1656 1532 1744 mela

232 1773 343 1838 moloc
372 1775 525 1840 scobodne
552 1773 733 1848 nantuaco,
763 1772 903 1838 krcuatm
932 1772 1092 1858 pr'dtelalm
1111 1770 1281 1854 munuca
1314 1795 1353 1840 se
1369 1773 1473 1856 prdoo
1490 1768 1530 1834 dt·

233 1887 323 1952 dicae
337 1908 359 1951 a
373 1887 413 1951 od
427 1886 591 1952 adsiluebo
607 1886 730 1951 ddodm'
744 1885 764 1949 t
777 1887 964 1952 montalent
976 1884 1109 1962 motta,
1128 1886 1204 1952 decr
1220 1907 1244 1953 a
1258 1887 1348 1952 odor
1362 1909 1400 1954 se
1412 1884 1529 1970 epos&

336 2106 453 2173 Sbinco
467 2105 491 2188 ¹)
523 2107 576 2172 dei
610 2108 720 2189 gracia
750 2113 860 2173 sancte
889 2107 1063 2190 Pragensie
1087 2106 1229 2172 ecclesie
1261 2107 1528 2191 archiepiscopus

231 2220 407 2302 apostolice
437 2221 524 2286 sedis
547 2222 683 2303 legatus.
706 2259 750 2268 -
773 2222 856 2286 Sane
879 2222 912 2286 in
935 2226 1046 2286 nostra
1069 2219 1242 2303 presencia
1269 2222 1450 2287 constituti
1471 2237 1528 2303 pro

233 2332 302 2398 uidi
326 2334 431 2400 incole
454 2334 542 2416 opidi
566 2336 668 2401 nostri
692 2335 831 2402 forensis
854 2337 888 2400 in
903 2336 1075 2418 Rokyczan
1089 2330 1125 2415 ⁹),
1147 2331 1267 2399 fideles
1290 2336 1405 2401 nostri
1425 2332 1527 2400 dilecti.

233 2447 326 2514 nobis
349 2466 508 2531 exponere
529 2455 734 2530 curauerunt,
757 2450 903 2532 qualiter.
912 2450 977 2531 ipsi
992 2446 1016 2529 ³)
1032 2448 1122 2514 nulla
1138 2447 1352 2515 munimenta
1368 2467 1430 2515 nec
1443 2445 1528 2531 prini-

231 2562 315 2644 legia
347 2581 445 2643 snper
475 2563 618 2644 ipsorum
645 2563 772 2645 juribus
804 2568 837 2627 et
858 2561 1063 2628 libertatibus
1090 2560 1263 2643 hucusque
1285 2562 1475 2629 habuerint
1493 2593 1526 2606 -

234 2674 302 2741 Nos
326 2693 403 2741 vero
425 2712 468 2722 —
493 2677 526 2740 in
550 2677 692 2759 prefatos
723 2678 846 2743 incolas
877 2675 1013 2758 predicti
1040 2674 1143 2741 nostri
1166 2674 1261 2755 opidi
1284 2677 1412 2742 mentis
1433 2678 1526 2740 nostre

231 2788 333 2854 aciem
371 2790 442 2854 vice
476 2793 640 2872 reciproca
674 2790 853 2872 dirigentes
886 2791 978 2872 ipsis,
1011 2787 1185 2854 heredibus
1220 2793 1258 2852 et
1292 2784 1524 2855 suecessoribus

232 2921 341 2968 eorum
378 2904 503 2986 gracias
537 2903 673 2969 facimus
697 2903 933 2984 infrascriptae,
968 2901 1129 2978 videlicet,
1160 2900 1249 2983 qnod
1278 2920 1397 2967 omnes
1420 2901 1523 2969 domos

232 3034 327 3098 agros
352 3017 455 3083 cultos
480 3022 512 3081 et
534 3016 684 3097 incultae,
708 3018 859 3095 riuulnm,
883 3016 939 3096 qui
960 3013 1034 3079 fluit
1055 3031 1112 3096 per
1134 3014 1281 3095 compita
1304 3033 1326 3080 a
1351 3016 1432 3081 rilla
1452 3013 1523 3079 dicu

230 3129 380 3210 Rabona,
414 3136 516 3211 prata,
551 3130 664 3195 rubeta
695 3137 727 3195 et
757 3130 1013 3209 communitates
1045 3127 1087 3193 ad
1112 3125 1278 3210 prefatum
1309 3129 1467 3213 oppidum
1490 3121 1522 3188 ab

229 3244 362 3328 antiquo
392 3249 575 3325 spectantes
590 3242 625 3324 ⁴),
660 3252 756 3326 prout
787 3246 819 3310 in
851 3245 920 3310 suis
950 3243 1046 3309 metis
1076 3247 1110 3307 et
1130 3240 1285 3308 terminis
1314 3250 1397 3308 sunt
1418 3244 1521 3307 situata

230 3363 264 3423 et
292 3362 388 3439 prout
417 3358 480 3440 ipsi
511 3377 549 3423 ea
579 3359 735 3424 hactenus
765 3361 948 3437 tenuerunt,
983 3355 1212 3435 concessimus,
1244 3356 1519 3422 innouanimusct

235 3470 505 3552 confirmauimus,
530 3473 744 3553 concedimus,
768 3473 960 3537 innonamue
980 3476 1013 3536 et
1026 3470 1149 3534 uirtute
1164 3469 1379 3551 presencium
1394 3469 1435 3535 de
1448 3472 1519 3533 certe

231 3586 373 3652 sciencia
396 3584 620 3651 confirmamus
637 3605 694 3667 per
717 3586 815 3667 ipsos,
831 3583 966 3650 heredes
983 3589 1016 3648 st
1031 3599 1237 3649 successores
1253 3600 1372 3648 eornm
1386 3577 1518 3651 tenmdu

230 3698 377 3765 habenda
398 3704 431 3763 et
449 3700 613 3780 perpetuis
634 3699 832 3781 temporibus
849 3699 908 3764 sub
923 3695 1140 3779 infrascriptis
1155 3693 1409 3762 condicionibus
1424 3694 1516 3765 libers

229 3814 339 3896 quiete
369 3818 402 3878 et
424 3812 557 3895 pacifice
581 3813 794 3895 possidenda:
840 3813 958 3892 Primo,
980 3810 1066 3895 quod
1088 3808 1227 3893 predicti
1251 3809 1363 3876 incole
1385 3807 1516 3875 nobisct

230 3925 472 3992 successoribus
495 3928 615 3992 nostris
639 3927 845 4007 septuaginta
867 3944 982 3991 nouem
996 3922 1021 4006 ⁵)
1046 3941 1225 4007 sexagenas
1256 3929 1292 3989 et
1314 3921 1515 4006 quaunginu

228 4045 301 4106 octo
313 4037 338 4122 ὃ)
364 4059 495 4124 grossos
519 4040 723 4105 denariorum
740 4041 948 4122 pragensium
963 4038 1107 4120 diuieim,
1130 4037 1258 4104 scilicet
1273 4039 1309 4104 in
1324 4037 1411 4104 festo
1426 4030 1513 4101 moi

230 4155 363 4237 Georgii
398 4153 612 4236 qnadraginta
641 4172 818 4236 sexagenas
841 4154 947 4219 minus
970 4172 1027 4219 serr
1049 4151 1172 4236 grossis
1202 4156 1236 4217 et
1258 4152 1294 4217 in
1317 4149 1404 4217 ieeto
1425 4142 1512 4215 uncti

229 4268 315 4334 Galli
347 4266 493 4346 totidem,
527 4267 620 4331 annis
651 4266 790 4348 singulis
821 4284 978 4332 censuere
1007 4269 1163 4350 perpetue
1192 4262 1404 4345 tenebuntur,
1432 4261 1511 4344 prout

227 4381 357 4446 easdem
379 4380 576 4446 hereditates
600 4397 657 4445 eeu
679 4399 785 4462 agros,
808 4379 930 4457 domos,
952 4379 1106 4461 riuulnm,
1128 4382 1233 4462 prata,
1256 4377 1377 4446 rubeta
1396 4382 1429 4444 et
1442 4392 1510 4443 corn·

228 4494 402 4560 munitates
433 4495 473 4559 ad
504 4494 663 4575 prefatum
694 4494 824 4575 opidum
855 4493 896 4559 ab
926 4494 1059 4576 antiquo
1085 4497 1284 4575 spectantes,
1320 4492 1381 4558 snb
1404 4490 1509 4559 eisdem

226 4607 376 4679 censibus
399 4628 419 4675 a
440 4608 610 4674 retroactis
633 4608 831 4691 temporibus
853 4598 1071 4691 possiderunt.
1101 4605 1183 4672 Item
1206 4606 1341 4673 racione
1356 4605 1507 4672 fumaliun
