<?xml version="1.0" encoding="UTF-8"?>
<!DOCTYPE html PUBLIC "-//W3C//DTD XHTML 1.0 Transitional//EN"
    "http://www.w3.org/TR/xhtml1/DTD/xhtml1-transitional.dtd">
<html xmlns="http://www.w3.org/1999/xhtml" xml:lang="en" lang="en">
 <head>
  <title>
</title>
<meta http-equiv="Content-Type" content="text/html;charset=utf-8" />
  <meta name='ocr-system' content='tesseract 3.04.00' />
  <meta name='ocr-capabilities' content='ocr_page ocr_carea ocr_par ocr_line ocrx_word'/>
</head>
<body>
  <div class='ocr_page' id='page_1' title='image "./sbrkapramenprva01kingoog/sbrkapramenprva01kingoog_0337.png"; bbox 0 0 3098 5392; ppageno 0'>
   <div class='ocr_carea' id='block_1_1' title="bbox 683 424 1381 495">
    <p class='ocr_par' dir='ltr' id='par_1_1' title="bbox 683 424 1381 495">
     <span class='ocr_line' id='line_1_1' title="bbox 683 424 1381 495; baseline 0.001 -20"><span class='ocrx_word' id='word_1_1' title='bbox 683 424 758 475; x_wconf 82' lang='lat' dir='ltr'>naas.</span> <span class='ocrx_word' id='word_1_2' title='bbox 1316 427 1381 495; x_wconf 85' lang='lat'>301</span> 
     </span>
    </p>
   </div>
   <div class='ocr_carea' id='block_1_2' title="bbox 82 631 1384 2753">
    <p class='ocr_par' dir='ltr' id='par_1_2' title="bbox 82 631 1384 2753">
     <span class='ocr_line' id='line_1_2' title="bbox 90 631 1384 717; baseline 0.003 -19"><span class='ocrx_word' id='word_1_3' title='bbox 90 633 277 715; x_wconf 79' lang='lat' dir='ltr'>indiguerit,</span> <span class='ocrx_word' id='word_1_4' title='bbox 300 631 531 698; x_wconf 78' lang='lat' dir='ltr'>meliorandam</span> <span class='ocrx_word' id='word_1_5' title='bbox 553 631 754 698; x_wconf 84' lang='lat' dir='ltr'>moderatum</span> <span class='ocrx_word' id='word_1_6' title='bbox 776 633 941 713; x_wconf 80' lang='lat' dir='ltr'>vngeltum</span> <span class='ocrx_word' id='word_1_7' title='bbox 963 651 1022 699; x_wconf 89' lang='lat' dir='ltr'>seu</span> <span class='ocrx_word' id='word_1_8' title='bbox 1044 633 1181 715; x_wconf 87' lang='lat' dir='ltr'>dacium,</span> <span class='ocrx_word' id='word_1_9' title='bbox 1211 653 1269 717; x_wconf 92' lang='lat' dir='ltr'>per</span> <span class='ocrx_word' id='word_1_10' title='bbox 1299 636 1384 717; x_wconf 89' lang='lat' dir='ltr'>quod</span> 
     </span>
     <span class='ocr_line' id='line_1_3' title="bbox 90 743 1383 830; baseline 0.003 -18"><span class='ocrx_word' id='word_1_11' title='bbox 90 747 194 814; x_wconf 88' lang='lat' dir='ltr'>incole</span> <span class='ocrx_word' id='word_1_12' title='bbox 228 747 391 829; x_wconf 84' lang='lat' dir='ltr'>ceterique</span> <span class='ocrx_word' id='word_1_13' title='bbox 422 749 629 811; x_wconf 87' lang='lat' dir='ltr'>transeuntes</span> <span class='ocrx_word' id='word_1_14' title='bbox 656 744 776 811; x_wconf 82' lang='lat' dir='ltr'>ibidem</span> <span class='ocrx_word' id='word_1_15' title='bbox 808 743 994 811; x_wconf 75' lang='lat' dir='ltr'>notabiliter</span> <span class='ocrx_word' id='word_1_16' title='bbox 1026 764 1090 812; x_wconf 93' lang='lat' dir='ltr'>non</span> <span class='ocrx_word' id='word_1_17' title='bbox 1124 752 1308 830; x_wconf 78' lang='lat' dir='ltr'>gradentur,</span> <span class='ocrx_word' id='word_1_18' title='bbox 1342 750 1383 816; x_wconf 91' lang='lat' dir='ltr'>de</span> 
     </span>
     <span class='ocr_line' id='line_1_4' title="bbox 86 856 1381 942; baseline 0.003 -18"><span class='ocrx_word' id='word_1_19' title='bbox 86 858 233 925; x_wconf 89' lang='lat' dir='ltr'>omnibus</span> <span class='ocrx_word' id='word_1_20' title='bbox 257 863 291 924; x_wconf 90' lang='lat' dir='ltr'>ct</span> <span class='ocrx_word' id='word_1_21' title='bbox 312 859 449 942; x_wconf 90' lang='lat' dir='ltr'>singulis</span> <span class='ocrx_word' id='word_1_22' title='bbox 471 856 568 924; x_wconf 92' lang='lat' dir='ltr'>rebus</span> <span class='ocrx_word' id='word_1_23' title='bbox 591 857 807 925; x_wconf 81' lang='lat' dir='ltr'>vendibilibus</span> <span class='ocrx_word' id='word_1_24' title='bbox 839 876 897 924; x_wconf 87' lang='lat' dir='ltr'>seu</span> <span class='ocrx_word' id='word_1_25' title='bbox 918 859 1089 925; x_wconf 83' lang='lat' dir='ltr'>mobilibus</span> <span class='ocrx_word' id='word_1_26' title='bbox 1112 860 1203 926; x_wconf 82' lang='lat' dir='ltr'>iuxta</span> <span class='ocrx_word' id='word_1_27' title='bbox 1225 862 1381 928; x_wconf 90' lang='lat' dir='ltr'>delibera-</span> 
     </span>
     <span class='ocr_line' id='line_1_5' title="bbox 86 971 1381 1053; baseline 0.004 -16"><span class='ocrx_word' id='word_1_28' title='bbox 86 971 188 1039; x_wconf 89' lang='lat' dir='ltr'>cionis</span> <span class='ocrx_word' id='word_1_29' title='bbox 212 989 269 1038; x_wconf 94' lang='lat' dir='ltr'>seu</span> <span class='ocrx_word' id='word_1_30' title='bbox 293 971 490 1053; x_wconf 90' lang='lat' dir='ltr'>prouisionis</span> <span class='ocrx_word' id='word_1_31' title='bbox 514 975 622 1039; x_wconf 86' lang='lat' dir='ltr'>vestre</span> <span class='ocrx_word' id='word_1_32' title='bbox 651 972 815 1038; x_wconf 85' lang='lat' dir='ltr'>decretum</span> <span class='ocrx_word' id='word_1_33' title='bbox 836 973 870 1037; x_wconf 89' lang='lat' dir='ltr'>in</span> <span class='ocrx_word' id='word_1_34' title='bbox 893 971 980 1038; x_wconf 89' lang='lat' dir='ltr'>dicta</span> <span class='ocrx_word' id='word_1_35' title='bbox 1003 973 1136 1040; x_wconf 89' lang='lat' dir='ltr'>ciuitate</span> <span class='ocrx_word' id='word_1_36' title='bbox 1157 978 1265 1041; x_wconf 82' lang='lat' dir='ltr'>uestra</span> <span class='ocrx_word' id='word_1_37' title='bbox 1288 977 1381 1042; x_wconf 92' lang='lat' dir='ltr'>insti·</span> 
     </span>
     <span class='ocr_line' id='line_1_6' title="bbox 85 1083 1383 1168; baseline 0.005 -18"><span class='ocrx_word' id='word_1_38' title='bbox 85 1091 185 1165; x_wconf 90' lang='lat' dir='ltr'>tuere,</span> <span class='ocrx_word' id='word_1_39' title='bbox 209 1083 339 1150; x_wconf 85' lang='lat' dir='ltr'>firmare</span> <span class='ocrx_word' id='word_1_40' title='bbox 361 1088 394 1150; x_wconf 84' lang='lat' dir='ltr'>et</span> <span class='ocrx_word' id='word_1_41' title='bbox 416 1083 566 1151; x_wconf 89' lang='lat' dir='ltr'>ordinare</span> <span class='ocrx_word' id='word_1_42' title='bbox 594 1085 728 1167; x_wconf 92' lang='lat' dir='ltr'>possitis</span> <span class='ocrx_word' id='word_1_43' title='bbox 756 1083 857 1150; x_wconf 87' lang='lat' dir='ltr'>libere</span> <span class='ocrx_word' id='word_1_44' title='bbox 879 1089 913 1150; x_wconf 90' lang='lat' dir='ltr'>et</span> <span class='ocrx_word' id='word_1_45' title='bbox 933 1086 1069 1168; x_wconf 88' lang='lat' dir='ltr'>inpune;</span> <span class='ocrx_word' id='word_1_46' title='bbox 1099 1087 1287 1154; x_wconf 82' lang='lat' dir='ltr'>duraturum</span> <span class='ocrx_word' id='word_1_47' title='bbox 1316 1094 1383 1156; x_wconf 90' lang='lat' dir='ltr'>tam</span> 
     </span>
     <span class='ocr_line' id='line_1_7' title="bbox 85 1196 1382 1280; baseline 0.004 -17"><span class='ocrx_word' id='word_1_48' title='bbox 85 1199 149 1278; x_wconf 92' lang='lat' dir='ltr'>diu,</span> <span class='ocrx_word' id='word_1_49' title='bbox 175 1197 284 1280; x_wconf 89' lang='lat' dir='ltr'>quoad</span> <span class='ocrx_word' id='word_1_50' title='bbox 307 1197 398 1263; x_wconf 87' lang='lat' dir='ltr'>vobis</span> <span class='ocrx_word' id='word_1_51' title='bbox 420 1196 580 1280; x_wconf 86' lang='lat' dir='ltr'>placuerit</span> <span class='ocrx_word' id='word_1_52' title='bbox 602 1200 635 1262; x_wconf 91' lang='lat' dir='ltr'>et</span> <span class='ocrx_word' id='word_1_53' title='bbox 656 1200 753 1279; x_wconf 91' lang='lat' dir='ltr'>prout</span> <span class='ocrx_word' id='word_1_54' title='bbox 774 1199 881 1263; x_wconf 90' lang='lat' dir='ltr'>vestre</span> <span class='ocrx_word' id='word_1_55' title='bbox 903 1197 1122 1264; x_wconf 83' lang='lat' dir='ltr'>commoditati</span> <span class='ocrx_word' id='word_1_56' title='bbox 1147 1199 1309 1266; x_wconf 84' lang='lat' dir='ltr'>uidebitur</span> <span class='ocrx_word' id='word_1_57' title='bbox 1331 1220 1382 1268; x_wconf 91' lang='lat' dir='ltr'>sa·</span> 
     </span>
     <span class='ocr_line' id='line_1_8' title="bbox 85 1309 1383 1395; baseline 0.002 -16"><span class='ocrx_word' id='word_1_58' title='bbox 85 1312 209 1379; x_wconf 92' lang='lat' dir='ltr'>lubrius</span> <span class='ocrx_word' id='word_1_59' title='bbox 241 1310 411 1393; x_wconf 84' lang='lat' dir='ltr'>expedire,</span> <span class='ocrx_word' id='word_1_60' title='bbox 441 1309 620 1377; x_wconf 81' lang='lat' dir='ltr'>adicientes</span> <span class='ocrx_word' id='word_1_61' title='bbox 651 1310 763 1391; x_wconf 90' lang='lat' dir='ltr'>eciam,</span> <span class='ocrx_word' id='word_1_62' title='bbox 796 1315 832 1375; x_wconf 88' lang='lat' dir='ltr'>vt</span> <span class='ocrx_word' id='word_1_63' title='bbox 861 1310 984 1378; x_wconf 90' lang='lat' dir='ltr'>dictum</span> <span class='ocrx_word' id='word_1_64' title='bbox 1013 1313 1176 1395; x_wconf 83' lang='lat' dir='ltr'>ungaltum</span> <span class='ocrx_word' id='word_1_65' title='bbox 1208 1314 1383 1382; x_wconf 93' lang='lat' dir='ltr'>secundum</span> 
     </span>
     <span class='ocr_line' id='line_1_9' title="bbox 85 1423 1384 1511; baseline 0.003 -21"><span class='ocrx_word' id='word_1_66' title='bbox 85 1425 358 1491; x_wconf 87' lang='lat' dir='ltr'>deliberacionem</span> <span class='ocrx_word' id='word_1_67' title='bbox 386 1427 528 1489; x_wconf 88' lang='lat' dir='ltr'>vestram</span> <span class='ocrx_word' id='word_1_68' title='bbox 557 1440 686 1506; x_wconf 90' lang='lat' dir='ltr'>augere,</span> <span class='ocrx_word' id='word_1_69' title='bbox 719 1423 864 1488; x_wconf 91' lang='lat' dir='ltr'>minuere</span> <span class='ocrx_word' id='word_1_70' title='bbox 895 1441 952 1489; x_wconf 87' lang='lat' dir='ltr'>seu</span> <span class='ocrx_word' id='word_1_71' title='bbox 982 1423 1064 1490; x_wconf 90' lang='lat' dir='ltr'>alias</span> <span class='ocrx_word' id='word_1_72' title='bbox 1086 1426 1222 1507; x_wconf 88' lang='lat' dir='ltr'>variare,</span> <span class='ocrx_word' id='word_1_73' title='bbox 1257 1445 1384 1511; x_wconf 89' lang='lat' dir='ltr'>semper</span> 
     </span>
     <span class='ocr_line' id='line_1_10' title="bbox 87 1535 1381 1620; baseline 0.003 -16"><span class='ocrx_word' id='word_1_74' title='bbox 87 1545 194 1604; x_wconf 85' lang='lat' dir='ltr'>tamen</span> <span class='ocrx_word' id='word_1_75' title='bbox 219 1556 293 1604; x_wconf 94' lang='lat' dir='ltr'>cum</span> <span class='ocrx_word' id='word_1_76' title='bbox 314 1535 452 1620; x_wconf 87' lang='lat' dir='ltr'>quadam</span> <span class='ocrx_word' id='word_1_77' title='bbox 462 1536 696 1619; x_wconf 80' lang='lat' dir='ltr'>moderatione,</span> <span class='ocrx_word' id='word_1_78' title='bbox 720 1537 901 1604; x_wconf 90' lang='lat' dir='ltr'>omnimode</span> <span class='ocrx_word' id='word_1_79' title='bbox 922 1536 1068 1619; x_wconf 84' lang='lat' dir='ltr'>valeatis,</span> <span class='ocrx_word' id='word_1_80' title='bbox 1090 1557 1155 1606; x_wconf 91' lang='lat' dir='ltr'>non</span> <span class='ocrx_word' id='word_1_81' title='bbox 1179 1539 1381 1608; x_wconf 83' lang='lat' dir='ltr'>obstantibus</span> 
     </span>
     <span class='ocr_line' id='line_1_11' title="bbox 87 1649 1381 1733; baseline 0.002 -16"><span class='ocrx_word' id='word_1_82' title='bbox 87 1652 230 1731; x_wconf 86' lang='lat' dir='ltr'>statutis,</span> <span class='ocrx_word' id='word_1_83' title='bbox 263 1649 533 1732; x_wconf 84' lang='lat' dir='ltr'>ordinacionibus,</span> <span class='ocrx_word' id='word_1_84' title='bbox 563 1651 711 1732; x_wconf 81' lang='lat' dir='ltr'>decretis,</span> <span class='ocrx_word' id='word_1_85' title='bbox 744 1649 868 1717; x_wconf 91' lang='lat' dir='ltr'>iuribus</span> <span class='ocrx_word' id='word_1_86' title='bbox 898 1668 956 1717; x_wconf 91' lang='lat' dir='ltr'>seu</span> <span class='ocrx_word' id='word_1_87' title='bbox 986 1650 1061 1716; x_wconf 91' lang='lat' dir='ltr'>aliis</span> <span class='ocrx_word' id='word_1_88' title='bbox 1083 1651 1323 1733; x_wconf 91' lang='lat' dir='ltr'>prouisionibus</span> <span class='ocrx_word' id='word_1_89' title='bbox 1346 1654 1381 1721; x_wconf 93' lang='lat' dir='ltr'>in</span> 
     </span>
     <span class='ocr_line' id='line_1_12' title="bbox 86 1762 1381 1850; baseline 0.002 -19"><span class='ocrx_word' id='word_1_90' title='bbox 86 1765 285 1831; x_wconf 87' lang='lat' dir='ltr'>contrarium</span> <span class='ocrx_word' id='word_1_91' title='bbox 296 1764 394 1831; x_wconf 88' lang='lat' dir='ltr'>editis</span> <span class='ocrx_word' id='word_1_92' title='bbox 406 1765 457 1830; x_wconf 86' lang='lat' dir='ltr'>vel</span> <span class='ocrx_word' id='word_1_93' title='bbox 467 1764 563 1830; x_wconf 87' lang='lat' dir='ltr'>iactis</span> <span class='ocrx_word' id='word_1_94' title='bbox 575 1764 837 1847; x_wconf 89' lang='lat' dir='ltr'>quibuscumque,</span> <span class='ocrx_word' id='word_1_95' title='bbox 850 1762 967 1845; x_wconf 87' lang='lat' dir='ltr'>quibus</span> <span class='ocrx_word' id='word_1_96' title='bbox 980 1764 1127 1831; x_wconf 92' lang='lat' dir='ltr'>omnibus</span> <span class='ocrx_word' id='word_1_97' title='bbox 1138 1767 1381 1850; x_wconf 90' lang='lat' dir='ltr'>quoadpresen·</span> 
     </span>
     <span class='ocr_line' id='line_1_13' title="bbox 85 1875 1379 1961; baseline 0.002 -18"><span class='ocrx_word' id='word_1_98' title='bbox 85 1885 149 1945; x_wconf 87' lang='lat' dir='ltr'>tem</span> <span class='ocrx_word' id='word_1_99' title='bbox 172 1883 319 1944; x_wconf 92' lang='lat' dir='ltr'>nostram</span> <span class='ocrx_word' id='word_1_100' title='bbox 336 1878 576 1945; x_wconf 87' lang='lat' dir='ltr'>concessionem</span> <span class='ocrx_word' id='word_1_101' title='bbox 598 1897 656 1944; x_wconf 90' lang='lat' dir='ltr'>seu</span> <span class='ocrx_word' id='word_1_102' title='bbox 675 1878 835 1944; x_wconf 89' lang='lat' dir='ltr'>indultum</span> <span class='ocrx_word' id='word_1_103' title='bbox 847 1875 895 1961; x_wconf 92' lang='lat' dir='ltr'>[in</span> <span class='ocrx_word' id='word_1_104' title='bbox 907 1875 1007 1961; x_wconf 91' lang='lat' dir='ltr'>nullo]</span> <span class='ocrx_word' id='word_1_105' title='bbox 1021 1895 1093 1944; x_wconf 90' lang='lat' dir='ltr'>esse</span> <span class='ocrx_word' id='word_1_106' title='bbox 1107 1879 1254 1945; x_wconf 83' lang='lat' dir='ltr'>uolumus</span> <span class='ocrx_word' id='word_1_107' title='bbox 1277 1885 1310 1946; x_wconf 96' lang='lat' dir='ltr'>et</span> <span class='ocrx_word' id='word_1_108' title='bbox 1330 1881 1379 1946; x_wconf 93' lang='lat' dir='ltr'>in·</span> 
     </span>
     <span class='ocr_line' id='line_1_14' title="bbox 83 1987 1380 2074; baseline 0.002 -17"><span class='ocrx_word' id='word_1_109' title='bbox 83 1992 189 2074; x_wconf 84' lang='lat' dir='ltr'>telligr&#39;</span> <span class='ocrx_word' id='word_1_110' title='bbox 212 1990 343 2074; x_wconf 90' lang='lat' dir='ltr'>penitus</span> <span class='ocrx_word' id='word_1_111' title='bbox 359 1990 555 2074; x_wconf 85' lang='lat' dir='ltr'>derogatum.</span> <span class='ocrx_word' id='word_1_112' title='bbox 579 1991 770 2057; x_wconf 86' lang='lat' dir='ltr'>Mandantcs</span> <span class='ocrx_word' id='word_1_113' title='bbox 787 1994 821 2055; x_wconf 90' lang='lat' dir='ltr'>et</span> <span class='ocrx_word' id='word_1_114' title='bbox 834 1987 969 2056; x_wconf 85' lang='lat' dir='ltr'>firmiter</span> <span class='ocrx_word' id='word_1_115' title='bbox 989 1989 1203 2074; x_wconf 86' lang='lat' dir='ltr'>precipientes</span> <span class='ocrx_word' id='word_1_116' title='bbox 1219 1994 1380 2060; x_wconf 83' lang='lat' dir='ltr'>uniuersis</span> 
     </span>
     <span class='ocr_line' id='line_1_15' title="bbox 85 2101 1380 2190; baseline 0.003 -20"><span class='ocrx_word' id='word_1_117' title='bbox 85 2103 226 2170; x_wconf 91' lang='lat' dir='ltr'>subditis</span> <span class='ocrx_word' id='word_1_118' title='bbox 250 2107 284 2169; x_wconf 93' lang='lat' dir='ltr'>et</span> <span class='ocrx_word' id='word_1_119' title='bbox 304 2101 453 2170; x_wconf 85' lang='lat' dir='ltr'>fidelibus</span> <span class='ocrx_word' id='word_1_120' title='bbox 476 2105 624 2188; x_wconf 88' lang='lat' dir='ltr'>aliisque,</span> <span class='ocrx_word' id='word_1_121' title='bbox 647 2123 782 2186; x_wconf 89' lang='lat' dir='ltr'>quorum</span> <span class='ocrx_word' id='word_1_122' title='bbox 805 2104 949 2184; x_wconf 89' lang='lat' dir='ltr'>interest,</span> <span class='ocrx_word' id='word_1_123' title='bbox 980 2108 1138 2186; x_wconf 88' lang='lat' dir='ltr'>quatenus</span> <span class='ocrx_word' id='word_1_124' title='bbox 1169 2110 1280 2172; x_wconf 86' lang='lat' dir='ltr'>contra</span> <span class='ocrx_word' id='word_1_125' title='bbox 1308 2126 1380 2190; x_wconf 80' lang='lat' dir='ltr'>pre</span> 
     </span>
     <span class='ocr_line' id='line_1_16' title="bbox 84 2216 1380 2303; baseline 0.003 -19"><span class='ocrx_word' id='word_1_126' title='bbox 84 2219 185 2284; x_wconf 85' lang='lat' dir='ltr'>iatam</span> <span class='ocrx_word' id='word_1_127' title='bbox 209 2217 453 2284; x_wconf 87' lang='lat' dir='ltr'>concessionem</span> <span class='ocrx_word' id='word_1_128' title='bbox 483 2222 626 2284; x_wconf 89' lang='lat' dir='ltr'>nostram</span> <span class='ocrx_word' id='word_1_129' title='bbox 656 2221 689 2282; x_wconf 90' lang='lat' dir='ltr'>et</span> <span class='ocrx_word' id='word_1_130' title='bbox 717 2216 859 2299; x_wconf 80' lang='lat' dir='ltr'>graciam</span> <span class='ocrx_word' id='word_1_131' title='bbox 888 2216 988 2282; x_wconf 89' lang='lat' dir='ltr'>nichil</span> <span class='ocrx_word' id='word_1_132' title='bbox 1017 2216 1155 2284; x_wconf 88' lang='lat' dir='ltr'>debeant</span> <span class='ocrx_word' id='word_1_133' title='bbox 1176 2218 1282 2286; x_wconf 88' lang='lat' dir='ltr'>facere</span> <span class='ocrx_word' id='word_1_134' title='bbox 1304 2239 1380 2303; x_wconf 91' lang='lat' dir='ltr'>quo-</span> 
     </span>
     <span class='ocr_line' id='line_1_17' title="bbox 82 2328 1381 2414; baseline 0.002 -17"><span class='ocrx_word' id='word_1_135' title='bbox 82 2328 262 2397; x_wconf 91' lang='lat' dir='ltr'>modolibet</span> <span class='ocrx_word' id='word_1_136' title='bbox 284 2331 336 2395; x_wconf 93' lang='lat' dir='ltr'>uel</span> <span class='ocrx_word' id='word_1_137' title='bbox 358 2330 478 2412; x_wconf 83' lang='lat' dir='ltr'>venire,</span> <span class='ocrx_word' id='word_1_138' title='bbox 508 2331 767 2414; x_wconf 89' lang='lat' dir='ltr'>indignacionem</span> <span class='ocrx_word' id='word_1_139' title='bbox 796 2330 919 2412; x_wconf 89' lang='lat' dir='ltr'>regiam</span> <span class='ocrx_word' id='word_1_140' title='bbox 948 2334 982 2395; x_wconf 93' lang='lat' dir='ltr'>et</span> <span class='ocrx_word' id='word_1_141' title='bbox 1010 2349 1126 2413; x_wconf 90' lang='lat' dir='ltr'>penam</span> <span class='ocrx_word' id='word_1_142' title='bbox 1155 2332 1381 2414; x_wconf 89' lang='lat' dir='ltr'>grauissimam</span> 
     </span>
     <span class='ocr_line' id='line_1_18' title="bbox 84 2441 1382 2530; baseline 0.003 -21"><span class='ocrx_word' id='word_1_143' title='bbox 84 2441 357 2509; x_wconf 89' lang='lat' dir='ltr'>irremissibiliter</span> <span class='ocrx_word' id='word_1_144' title='bbox 385 2443 557 2525; x_wconf 92' lang='lat' dir='ltr'>incursuri,</span> <span class='ocrx_word' id='word_1_145' title='bbox 588 2461 684 2525; x_wconf 91' lang='lat' dir='ltr'>quam</span> <span class='ocrx_word' id='word_1_146' title='bbox 713 2462 771 2526; x_wconf 93' lang='lat' dir='ltr'>pro</span> <span class='ocrx_word' id='word_1_147' title='bbox 801 2442 912 2509; x_wconf 78' lang='lat' dir='ltr'>usibus</span> <span class='ocrx_word' id='word_1_148' title='bbox 943 2443 1030 2510; x_wconf 89' lang='lat' dir='ltr'>dicte</span> <span class='ocrx_word' id='word_1_149' title='bbox 1059 2445 1203 2512; x_wconf 88' lang='lat' dir='ltr'>ciuitatis</span> <span class='ocrx_word' id='word_1_150' title='bbox 1226 2447 1382 2530; x_wconf 91' lang='lat' dir='ltr'>applicari</span> 
     </span>
     <span class='ocr_line' id='line_1_19' title="bbox 84 2555 1381 2640; baseline 0.004 -19"><span class='ocrx_word' id='word_1_151' title='bbox 84 2557 249 2636; x_wconf 82' lang='lat' dir='ltr'>volumus,</span> <span class='ocrx_word' id='word_1_152' title='bbox 273 2556 397 2639; x_wconf 88' lang='lat' dir='ltr'>siquis</span> <span class='ocrx_word' id='word_1_153' title='bbox 421 2560 532 2622; x_wconf 73' lang='lat' dir='ltr'>conus</span> <span class='ocrx_word' id='word_1_154' title='bbox 553 2557 711 2640; x_wconf 88' lang='lat' dir='ltr'>premissa</span> <span class='ocrx_word' id='word_1_155' title='bbox 739 2555 834 2637; x_wconf 84' lang='lat' dir='ltr'>facto,</span> <span class='ocrx_word' id='word_1_156' title='bbox 866 2574 1011 2622; x_wconf 88' lang='lat' dir='ltr'>sermone</span> <span class='ocrx_word' id='word_1_157' title='bbox 1033 2559 1085 2623; x_wconf 89' lang='lat' dir='ltr'>uel</span> <span class='ocrx_word' id='word_1_158' title='bbox 1108 2560 1223 2640; x_wconf 91' lang='lat' dir='ltr'>quouis</span> <span class='ocrx_word' id='word_1_159' title='bbox 1246 2560 1310 2626; x_wconf 93' lang='lat' dir='ltr'>alio</span> <span class='ocrx_word' id='word_1_160' title='bbox 1332 2560 1381 2626; x_wconf 93' lang='lat' dir='ltr'>in·</span> 
     </span>
     <span class='ocr_line' id='line_1_20' title="bbox 82 2669 1381 2753; baseline 0.004 -18"><span class='ocrx_word' id='word_1_161' title='bbox 82 2669 181 2752; x_wconf 89' lang='lat' dir='ltr'>genio</span> <span class='ocrx_word' id='word_1_162' title='bbox 205 2670 440 2752; x_wconf 89' lang='lat' dir='ltr'>presumpserit</span> <span class='ocrx_word' id='word_1_163' title='bbox 461 2670 665 2753; x_wconf 87' lang='lat' dir='ltr'>aliquatenus</span> <span class='ocrx_word' id='word_1_164' title='bbox 687 2674 888 2751; x_wconf 87' lang='lat' dir='ltr'>attemptare.</span> <span class='ocrx_word' id='word_1_165' title='bbox 919 2669 956 2734; x_wconf 95' lang='lat' dir='ltr'>In</span> <span class='ocrx_word' id='word_1_166' title='bbox 977 2670 1069 2737; x_wconf 89' lang='lat' dir='ltr'>cuius</span> <span class='ocrx_word' id='word_1_167' title='bbox 1091 2672 1139 2737; x_wconf 91' lang='lat' dir='ltr'>rei</span> <span class='ocrx_word' id='word_1_168' title='bbox 1161 2672 1381 2740; x_wconf 86' lang='lat' dir='ltr'>testimonium</span> 
     </span>
    </p>
   </div>
   <div class='ocr_carea' id='block_1_3' title="bbox 81 2781 1381 3090">
    <p class='ocr_par' dir='ltr' id='par_1_3' title="bbox 81 2781 1381 3090">
     <span class='ocr_line' id='line_1_21' title="bbox 81 2781 1380 2865; baseline 0.004 -18"><span class='ocrx_word' id='word_1_169' title='bbox 81 2785 253 2865; x_wconf 86' lang='lat' dir='ltr'>presentes</span> <span class='ocrx_word' id='word_1_170' title='bbox 276 2781 388 2847; x_wconf 89' lang='lat' dir='ltr'>literas</span> <span class='ocrx_word' id='word_1_171' title='bbox 412 2781 512 2864; x_wconf 89' lang='lat' dir='ltr'>sigilli</span> <span class='ocrx_word' id='word_1_172' title='bbox 534 2782 638 2849; x_wconf 90' lang='lat' dir='ltr'>nostri</span> <span class='ocrx_word' id='word_1_173' title='bbox 660 2782 837 2847; x_wconf 89' lang='lat' dir='ltr'>munimine</span> <span class='ocrx_word' id='word_1_174' title='bbox 859 2781 1014 2849; x_wconf 91' lang='lat' dir='ltr'>iussimus</span> <span class='ocrx_word' id='word_1_175' title='bbox 1036 2782 1189 2851; x_wconf 90' lang='lat' dir='ltr'>roborari.</span> <span class='ocrx_word' id='word_1_176' title='bbox 1212 2785 1332 2852; x_wconf 87' lang='lat' dir='ltr'>Datum</span> <span class='ocrx_word' id='word_1_177' title='bbox 1348 2790 1380 2852; x_wconf 91' lang='lat' dir='ltr'>et</span> 
     </span>
     <span class='ocr_line' id='line_1_22' title="bbox 81 2891 1381 2979; baseline 0.004 -20"><span class='ocrx_word' id='word_1_178' title='bbox 81 2901 195 2960; x_wconf 85' lang='lat' dir='ltr'>actum</span> <span class='ocrx_word' id='word_1_179' title='bbox 220 2893 325 2976; x_wconf 89' lang='lat' dir='ltr'>Prage</span> <span class='ocrx_word' id='word_1_180' title='bbox 355 2912 439 2960; x_wconf 89' lang='lat' dir='ltr'>anno</span> <span class='ocrx_word' id='word_1_181' title='bbox 469 2895 590 2961; x_wconf 93' lang='lat' dir='ltr'>domini</span> <span class='ocrx_word' id='word_1_182' title='bbox 620 2891 875 2961; x_wconf 82' lang='lat' dir='ltr'>M⁰cec⁰xxx⁰</span> <span class='ocrx_word' id='word_1_183' title='bbox 904 2897 1025 2979; x_wconf 90' lang='lat' dir='ltr'>quinto,</span> <span class='ocrx_word' id='word_1_184' title='bbox 1058 2896 1140 2962; x_wconf 83' lang='lat' dir='ltr'>feria</span> <span class='ocrx_word' id='word_1_185' title='bbox 1172 2899 1274 2963; x_wconf 87' lang='lat' dir='ltr'>tercia</span> <span class='ocrx_word' id='word_1_186' title='bbox 1306 2903 1381 2964; x_wconf 86' lang='lat' dir='ltr'>ante</span> 
     </span>
     <span class='ocr_line' id='line_1_23' title="bbox 81 3006 761 3090; baseline 0 -17"><span class='ocrx_word' id='word_1_187' title='bbox 81 3009 173 3073; x_wconf 88' lang='lat' dir='ltr'>diem</span> <span class='ocrx_word' id='word_1_188' title='bbox 195 3006 283 3072; x_wconf 89' lang='lat' dir='ltr'>beati</span> <span class='ocrx_word' id='word_1_189' title='bbox 306 3006 426 3074; x_wconf 91' lang='lat' dir='ltr'>Thome</span> <span class='ocrx_word' id='word_1_190' title='bbox 447 3009 586 3089; x_wconf 89' lang='lat' dir='ltr'>apostoli</span> <span class='ocrx_word' id='word_1_191' title='bbox 608 3009 761 3090; x_wconf 79' lang='lat' dir='ltr'>proxima.</span> 
     </span>
    </p>
   </div>
   <div class='ocr_carea' id='block_1_4' title="bbox 1036 3096 1335 3276">
    <p class='ocr_par' dir='ltr' id='par_1_4' title="bbox 1036 3096 1335 3276">
     <span class='ocr_line' id='line_1_24' title="bbox 1036 3096 1335 3179; baseline 0.013 -19"><span class='ocrx_word' id='word_1_192' title='bbox 1036 3145 1069 3160; x_wconf 88' lang='lat'>..</span> <span class='ocrx_word' id='word_1_193' title='bbox 1093 3115 1150 3178; x_wconf 90' lang='lat' dir='ltr'>per</span> <span class='ocrx_word' id='word_1_194' title='bbox 1173 3096 1202 3162; x_wconf 91' lang='lat' dir='ltr'>d.</span> <span class='ocrx_word' id='word_1_195' title='bbox 1226 3115 1335 3179; x_wconf 85' lang='lat' dir='ltr'>regem</span> 
     </span>
     <span class='ocr_line' id='line_1_25' title="bbox 1090 3207 1271 3276; baseline 0.011 -3"><span class='ocrx_word' id='word_1_196' title='bbox 1090 3207 1271 3276; x_wconf 88' lang='lat' dir='ltr'>Heinrious.</span> 
     </span>
    </p>
   </div>
   <div class='ocr_carea' id='block_1_5' title="bbox 79 3342 1380 4088">
    <p class='ocr_par' dir='ltr' id='par_1_5' title="bbox 79 3342 1380 4088">
     <span class='ocr_line' id='line_1_26' title="bbox 192 3342 1380 3415; baseline 0.006 -18"><span class='ocrx_word' id='word_1_197' title='bbox 192 3343 264 3413; x_wconf 89' lang='lat' dir='ltr'>Orig.</span> <span class='ocrx_word' id='word_1_198' title='bbox 282 3359 358 3413; x_wconf 85' lang='lat' dir='ltr'>pcrg.</span> <span class='ocrx_word' id='word_1_199' title='bbox 377 3359 393 3398; x_wconf 84' lang='lat' dir='ltr'>r</span> <span class='ocrx_word' id='word_1_200' title='bbox 412 3342 523 3398; x_wconf 87' lang='lat' dir='ltr'>archiru</span> <span class='ocrx_word' id='word_1_201' title='bbox 541 3359 575 3397; x_wconf 92' lang='lat' dir='ltr'>m.</span> <span class='ocrx_word' id='word_1_202' title='bbox 592 3342 673 3398; x_wconf 88' lang='lat' dir='ltr'>Lonn</span> <span class='ocrx_word' id='word_1_203' title='bbox 691 3343 713 3398; x_wconf 79' lang='lat' dir='ltr'>i.</span> <span class='ocrx_word' id='word_1_204' title='bbox 732 3350 748 3397; x_wconf 85' lang='lat'><strong>3</strong></span> <span class='ocrx_word' id='word_1_205' title='bbox 773 3343 867 3410; x_wconf 81' lang='lat' dir='ltr'>(standi</span> <span class='ocrx_word' id='word_1_206' title='bbox 886 3344 954 3412; x_wconf 84' lang='lat' dir='ltr'>sign</span> <span class='ocrx_word' id='word_1_207' title='bbox 979 3360 1016 3398; x_wconf 90' lang='lat' dir='ltr'>na</span> <span class='ocrx_word' id='word_1_208' title='bbox 1033 3344 1103 3399; x_wconf 92' lang='lat' dir='ltr'>rubn</span> <span class='ocrx_word' id='word_1_209' title='bbox 1120 3343 1160 3399; x_wconf 76' lang='grc' dir='ltr'>Νο</span> <span class='ocrx_word' id='word_1_210' title='bbox 1177 3346 1208 3415; x_wconf 82' lang='grc' dir='ltr'>Ι).</span> <span class='ocrx_word' id='word_1_211' title='bbox 1244 3347 1262 3402; x_wconf 87' lang='lat' dir='ltr'>S</span> <span class='ocrx_word' id='word_1_212' title='bbox 1279 3346 1380 3404; x_wconf 86' lang='lat' dir='ltr'>velkon</span> 
     </span>
     <span class='ocr_line' id='line_1_27' title="bbox 79 3437 1379 3514; baseline 0.002 -19"><span class='ocrx_word' id='word_1_213' title='bbox 79 3440 179 3513; x_wconf 76' lang='lat' dir='ltr'>pedeti</span> <span class='ocrx_word' id='word_1_214' title='bbox 196 3439 365 3494; x_wconf 80' lang='lat' dir='ltr'>lrralorskou</span> <span class='ocrx_word' id='word_1_215' title='bbox 382 3437 463 3493; x_wconf 77' lang='lat' dir='ltr'>vulne</span> <span class='ocrx_word' id='word_1_216' title='bbox 480 3437 678 3508; x_wconf 88' lang='lat' dir='ltr'>poronchanou</span> <span class='ocrx_word' id='word_1_217' title='bbox 695 3453 733 3493; x_wconf 89' lang='lat' dir='ltr'>na</span> <span class='ocrx_word' id='word_1_218' title='bbox 750 3437 891 3493; x_wconf 78' lang='lat' dir='ltr'>heduabne</span> <span class='ocrx_word' id='word_1_219' title='bbox 910 3438 993 3494; x_wconf 77' lang='lat' dir='ltr'>indie</span> <span class='ocrx_word' id='word_1_220' title='bbox 1011 3439 1173 3496; x_wconf 77' lang='lat' dir='ltr'>sardienon.</span> <span class='ocrx_word' id='word_1_221' title='bbox 1209 3441 1253 3496; x_wconf 88' lang='lat' dir='ltr'>Na</span> <span class='ocrx_word' id='word_1_222' title='bbox 1270 3443 1314 3497; x_wconf 83' lang='lat' dir='ltr'>lici</span> <span class='ocrx_word' id='word_1_223' title='bbox 1331 3459 1379 3514; x_wconf 91' lang='lat' dir='ltr'>pe-</span> 
     </span>
     <span class='ocr_line' id='line_1_28' title="bbox 80 3534 1379 3604; baseline 0.001 -11"><span class='ocrx_word' id='word_1_224' title='bbox 80 3538 138 3593; x_wconf 79' lang='lat' dir='ltr'>deti</span> <span class='ocrx_word' id='word_1_225' title='bbox 159 3536 241 3591; x_wconf 89' lang='lat' dir='ltr'>obraz</span> <span class='ocrx_word' id='word_1_226' title='bbox 260 3536 337 3590; x_wconf 78' lang='lat' dir='ltr'>krale</span> <span class='ocrx_word' id='word_1_227' title='bbox 355 3552 371 3588; x_wconf 86' lang='lat' dir='ltr'>v</span> <span class='ocrx_word' id='word_1_228' title='bbox 389 3535 535 3604; x_wconf 77' lang='lat' dir='ltr'>rytlisktm</span> <span class='ocrx_word' id='word_1_229' title='bbox 560 3535 642 3590; x_wconf 80' lang='lat' dir='ltr'>odeni</span> <span class='ocrx_word' id='word_1_230' title='bbox 662 3534 810 3602; x_wconf 86' lang='lat' dir='ltr'>jedouclho</span> <span class='ocrx_word' id='word_1_231' title='bbox 829 3552 865 3592; x_wconf 89' lang='lat' dir='ltr'>na</span> <span class='ocrx_word' id='word_1_232' title='bbox 882 3536 958 3602; x_wconf 86' lang='lat' dir='ltr'>koni,</span> <span class='ocrx_word' id='word_1_233' title='bbox 981 3552 1018 3591; x_wconf 88' lang='lat' dir='ltr'>na</span> <span class='ocrx_word' id='word_1_234' title='bbox 1035 3537 1105 3590; x_wconf 91' lang='lat' dir='ltr'>rubu</span> <span class='ocrx_word' id='word_1_235' title='bbox 1123 3535 1212 3592; x_wconf 76' lang='lat' dir='ltr'>mendi</span> <span class='ocrx_word' id='word_1_236' title='bbox 1234 3539 1307 3593; x_wconf 85' lang='lat' dir='ltr'>znak</span> <span class='ocrx_word' id='word_1_237' title='bbox 1323 3539 1379 3594; x_wconf 89' lang='lat' dir='ltr'>Lu·</span> 
     </span>
     <span class='ocr_line' id='line_1_29' title="bbox 79 3630 1379 3702; baseline 0.002 -13"><span class='ocrx_word' id='word_1_238' title='bbox 79 3632 259 3702; x_wconf 69' lang='lat' dir='ltr'>camburslry.</span> <span class='ocrx_word' id='word_1_239' title='bbox 294 3631 419 3686; x_wconf 86' lang='lat' dir='ltr'>anlze</span> <span class='ocrx_word' id='word_1_240' title='bbox 442 3630 577 3700; x_wconf 81' lang='lat' dir='ltr'>privilegii</span> <span class='ocrx_word' id='word_1_241' title='bbox 600 3637 741 3685; x_wconf 80' lang='lat' dir='ltr'>zr.143o</span> <span class='ocrx_word' id='word_1_242' title='bbox 767 3632 835 3700; x_wconf 86' lang='lat' dir='ltr'>sign.</span> <span class='ocrx_word' id='word_1_243' title='bbox 854 3632 902 3684; x_wconf 76' lang='lat' dir='ltr'>Bo</span> <span class='ocrx_word' id='word_1_244' title='bbox 921 3648 958 3686; x_wconf 89' lang='lat' dir='ltr'>na</span> <span class='ocrx_word' id='word_1_245' title='bbox 974 3633 992 3685; x_wconf 90' lang='lat' dir='ltr'>l.</span> <span class='ocrx_word' id='word_1_246' title='bbox 1011 3638 1054 3685; x_wconf 67' lang='lat' dir='ltr'>aa</span> <span class='ocrx_word' id='word_1_247' title='bbox 1071 3649 1087 3685; x_wconf 86' lang='lat' dir='ltr'>v</span> <span class='ocrx_word' id='word_1_248' title='bbox 1106 3633 1216 3688; x_wconf 87' lang='lat' dir='ltr'>archiru</span> <span class='ocrx_word' id='word_1_249' title='bbox 1240 3652 1274 3689; x_wconf 89' lang='lat' dir='ltr'>m.</span> <span class='ocrx_word' id='word_1_250' title='bbox 1298 3635 1379 3691; x_wconf 88' lang='lat' dir='ltr'>Loun</span> 
     </span>
     <span class='ocr_line' id='line_1_30' title="bbox 80 3726 1378 3800; baseline 0.003 -18"><span class='ocrx_word' id='word_1_251' title='bbox 80 3730 193 3798; x_wconf 76' lang='lat' dir='ltr'>zapsan</span> <span class='ocrx_word' id='word_1_252' title='bbox 202 3728 233 3795; x_wconf 81' lang='lat' dir='ltr'>J&#39;e</span> <span class='ocrx_word' id='word_1_253' title='bbox 245 3726 293 3781; x_wconf 86' lang='lat' dir='ltr'>liat</span> <span class='ocrx_word' id='word_1_254' title='bbox 304 3731 351 3781; x_wconf 87' lang='lat' dir='ltr'>ten</span> <span class='ocrx_word' id='word_1_255' title='bbox 363 3726 420 3793; x_wconf 80' lang='lat' dir='ltr'>talu,</span> <span class='ocrx_word' id='word_1_256' title='bbox 435 3728 466 3781; x_wconf 79' lang='lat' dir='ltr'>le</span> <span class='ocrx_word' id='word_1_257' title='bbox 479 3727 547 3781; x_wconf 87' lang='lat' dir='ltr'>mezi</span> <span class='ocrx_word' id='word_1_258' title='bbox 560 3727 648 3797; x_wconf 79' lang='lat' dir='ltr'>iadky</span> <span class='ocrx_word' id='word_1_259' title='bbox 663 3727 729 3795; x_wconf 90' lang='lat' dir='ltr'>json</span> <span class='ocrx_word' id='word_1_260' title='bbox 747 3727 828 3782; x_wconf 72' lang='lat' dir='ltr'>deslrt</span> <span class='ocrx_word' id='word_1_261' title='bbox 840 3730 940 3798; x_wconf 74' lang='lat' dir='ltr'>vyrazy</span> <span class='ocrx_word' id='word_1_262' title='bbox 959 3731 1176 3800; x_wconf 82' lang='lat' dir='ltr'>poznamenctny,</span> <span class='ocrx_word' id='word_1_263' title='bbox 1193 3730 1242 3785; x_wconf 80' lang='lat' dir='ltr'>tals</span> <span class='ocrx_word' id='word_1_264' title='bbox 1262 3731 1281 3799; x_wconf 85' lang='lat'>¹)</span> <span class='ocrx_word' id='word_1_265' title='bbox 1294 3730 1378 3786; x_wconf 81' lang='lat' dir='ltr'>cilrli·</span> 
     </span>
     <span class='ocr_line' id='line_1_31' title="bbox 79 3821 1377 3894; baseline 0.003 -18"><span class='ocrx_word' id='word_1_266' title='bbox 79 3831 148 3879; x_wconf 84' lang='lat' dir='ltr'>vost</span> <span class='ocrx_word' id='word_1_267' title='bbox 167 3822 271 3892; x_wconf 92' lang='lat' dir='ltr'>plodili,</span> <span class='ocrx_word' id='word_1_268' title='bbox 292 3824 312 3891; x_wconf 75' lang='lat'>²)</span> <span class='ocrx_word' id='word_1_269' title='bbox 332 3822 428 3878; x_wconf 81' lang='lat' dir='ltr'>alernu</span> <span class='ocrx_word' id='word_1_270' title='bbox 448 3821 546 3877; x_wconf 81' lang='lat' dir='ltr'>dlaibn</span> <span class='ocrx_word' id='word_1_271' title='bbox 564 3822 703 3876; x_wconf 83' lang='lat' dir='ltr'>kamennd</span> <span class='ocrx_word' id='word_1_272' title='bbox 723 3821 778 3876; x_wconf 86' lang='lat' dir='ltr'>atd.</span> <span class='ocrx_word' id='word_1_273' title='bbox 797 3853 830 3862; x_wconf 93' lang='lat'>-</span> <span class='ocrx_word' id='word_1_274' title='bbox 849 3822 946 3889; x_wconf 80' lang='lat' dir='ltr'>Wuni,</span> <span class='ocrx_word' id='word_1_275' title='bbox 969 3824 1072 3894; x_wconf 79' lang='lat' dir='ltr'>deiny</span> <span class='ocrx_word' id='word_1_276' title='bbox 1090 3841 1124 3878; x_wconf 89' lang='lat' dir='ltr'>m.</span> <span class='ocrx_word' id='word_1_277' title='bbox 1142 3824 1222 3880; x_wconf 89' lang='lat' dir='ltr'>Loun</span> <span class='ocrx_word' id='word_1_278' title='bbox 1247 3830 1293 3880; x_wconf 90' lang='lat' dir='ltr'>str.</span> <span class='ocrx_word' id='word_1_279' title='bbox 1319 3833 1377 3881; x_wconf 81' lang='lat'>120.</span> 
     </span>
     <span class='ocr_line' id='line_1_32' title="bbox 79 3901 1378 3992; baseline 0.005 -20"><span class='ocrx_word' id='word_1_280' title='bbox 79 3950 119 3962; x_wconf 92' lang='lat'>-</span> <span class='ocrx_word' id='word_1_281' title='bbox 138 3919 240 3985; x_wconf 86' lang='lat' dir='ltr'>Emler,</span> <span class='ocrx_word' id='word_1_282' title='bbox 259 3918 381 3988; x_wconf 85' lang='lat' dir='ltr'>Regesta</span> <span class='ocrx_word' id='word_1_283' title='bbox 397 3917 443 3972; x_wconf 87' lang='lat' dir='ltr'>IV.</span> <span class='ocrx_word' id='word_1_284' title='bbox 462 3917 484 3973; x_wconf 73' lang='lat' dir='ltr'>i.</span> <span class='ocrx_word' id='word_1_285' title='bbox 503 3924 561 3973; x_wconf 79' lang='lat'>243.</span> <span class='ocrx_word' id='word_1_286' title='bbox 581 3949 615 3958; x_wconf 96' lang='lat'>-</span> <span class='ocrx_word' id='word_1_287' title='bbox 633 3901 725 3989; x_wconf 68' lang='lat' dir='ltr'>Cesky</span> <span class='ocrx_word' id='word_1_288' title='bbox 748 3919 864 3988; x_wconf 84' lang='lat' dir='ltr'>pieklad</span> <span class='ocrx_word' id='word_1_289' title='bbox 881 3937 896 3972; x_wconf 85' lang='lat' dir='ltr'>z</span> <span class='ocrx_word' id='word_1_290' title='bbox 915 3919 979 3974; x_wconf 85' lang='lat' dir='ltr'>XVI</span> <span class='ocrx_word' id='word_1_291' title='bbox 1004 3921 1066 3975; x_wconf 87' lang='lat' dir='ltr'>stol.</span> <span class='ocrx_word' id='word_1_292' title='bbox 1085 3919 1127 3976; x_wconf 81' lang='lat' dir='ltr'>dte</span> <span class='ocrx_word' id='word_1_293' title='bbox 1146 3936 1175 3976; x_wconf 87' lang='lat' dir='ltr'>sc</span> <span class='ocrx_word' id='word_1_294' title='bbox 1193 3938 1210 3975; x_wconf 84' lang='lat' dir='ltr'>r</span> <span class='ocrx_word' id='word_1_295' title='bbox 1227 3922 1378 3992; x_wconf 86' lang='lat' dir='ltr'>regiatrech</span> 
     </span>
     <span class='ocr_line' id='line_1_33' title="bbox 79 4014 703 4088; baseline -0.006 -18"><span class='ocrx_word' id='word_1_296' title='bbox 79 4014 222 4088; x_wconf 81' lang='lat' dir='ltr'>privilegii</span> <span class='ocrx_word' id='word_1_297' title='bbox 238 4014 408 4086; x_wconf 68' lang='lat' dir='ltr'>Lounslrych</span> <span class='ocrx_word' id='word_1_298' title='bbox 427 4014 496 4084; x_wconf 86' lang='lat' dir='ltr'>sign</span> <span class='ocrx_word' id='word_1_299' title='bbox 514 4014 537 4068; x_wconf 92' lang='lat' dir='ltr'><strong>B</strong></span> <span class='ocrx_word' id='word_1_300' title='bbox 555 4020 572 4068; x_wconf 82' lang='lat'>4</span> <span class='ocrx_word' id='word_1_301' title='bbox 589 4031 626 4070; x_wconf 92' lang='lat' dir='ltr'>na</span> <span class='ocrx_word' id='word_1_302' title='bbox 642 4015 660 4069; x_wconf 91' lang='lat' dir='ltr'>l.</span> <span class='ocrx_word' id='word_1_303' title='bbox 679 4018 703 4067; x_wconf 83' lang='lat'>2.</span> 
     </span>
    </p>
   </div>
   <div class='ocr_carea' id='block_1_6' title="bbox 650 4224 810 4308">
    <p class='ocr_par' dir='ltr' id='par_1_6' title="bbox 650 4224 810 4308">
     <span class='ocr_line' id='line_1_34' title="bbox 650 4224 810 4308; baseline -0.006 0"><span class='ocrx_word' id='word_1_304' title='bbox 650 4224 714 4308; x_wconf 77' lang='lat' dir='ltr'>ds.</span> <span class='ocrx_word' id='word_1_305' title='bbox 741 4244 810 4308; x_wconf 83' lang='lat'>184.</span> 
     </span>
    </p>
   </div>
   <div class='ocr_carea' id='block_1_7' title="bbox 432 4378 1033 4467">
    <p class='ocr_par' dir='ltr' id='par_1_7' title="bbox 432 4378 1033 4467">
     <span class='ocr_line' id='line_1_35' title="bbox 432 4378 1033 4467; baseline 0.003 -22"><span class='ocrx_word' id='word_1_306' title='bbox 432 4378 561 4467; x_wconf 81' lang='lat'>[1335]‚</span> <span class='ocrx_word' id='word_1_307' title='bbox 583 4380 626 4448; x_wconf 78' lang='lat'>20</span> <span class='ocrx_word' id='word_1_308' title='bbox 648 4382 833 4466; x_wconf 88' lang='lat' dir='ltr'>prosince.</span> <span class='ocrx_word' id='word_1_309' title='bbox 856 4380 1033 4449; x_wconf 83' lang='lat' dir='ltr'>VPrans.</span> 
     </span>
    </p>
   </div>
   <div class='ocr_carea' id='block_1_8' title="bbox 82 4479 1377 4719">
    <p class='ocr_par' dir='ltr' id='par_1_8' title="bbox 82 4479 1377 4719">
     <span class='ocr_line' id='line_1_36' title="bbox 82 4479 1377 4602; baseline 0.003 -18"><span class='ocrx_word' id='word_1_310' title='bbox 82 4516 169 4584; x_wconf 75' lang='lat' dir='ltr'>Krcil</span> <span class='ocrx_word' id='word_1_311' title='bbox 193 4517 263 4584; x_wconf 84' lang='lat' dir='ltr'>Jan</span> <span class='ocrx_word' id='word_1_312' title='bbox 284 4517 427 4600; x_wconf 73' lang='lat' dir='ltr'>oaiisssje</span> <span class='ocrx_word' id='word_1_313' title='bbox 449 4515 602 4582; x_wconf 69' lang='lat' dir='ltr'>cadaloo</span> <span class='ocrx_word' id='word_1_314' title='bbox 624 4538 645 4582; x_wconf 87' lang='lat' dir='ltr'>o</span> <span class='ocrx_word' id='word_1_315' title='bbox 667 4515 854 4583; x_wconf 64' lang='lat' dir='ltr'>o&#39;sr&#39;edmkbm</span> <span class='ocrx_word' id='word_1_316' title='bbox 875 4516 964 4602; x_wconf 74' lang='lat' dir='ltr'>troje</span> <span class='ocrx_word' id='word_1_317' title='bbox 987 4479 1164 4596; x_wconf 66' lang='lat' dir='ltr'>thccbibo,</span> <span class='ocrx_word' id='word_1_318' title='bbox 1186 4519 1247 4602; x_wconf 75' lang='lat' dir='ltr'>adp</span> <span class='ocrx_word' id='word_1_319' title='bbox 1268 4520 1377 4588; x_wconf 84' lang='lat' dir='ltr'>cebro·</span> 
     </span>
     <span class='ocr_line' id='line_1_37' title="bbox 83 4613 1377 4719; baseline 0.005 -22"><span class='ocrx_word' id='word_1_320' title='bbox 83 4631 194 4697; x_wconf 65' lang='lat' dir='ltr'>ceos</span> <span class='ocrx_word' id='word_1_321' title='bbox 215 4633 359 4713; x_wconf 65' lang='lat' dir='ltr'>misem</span> <span class='ocrx_word' id='word_1_322' title='bbox 381 4613 511 4696; x_wconf 61' lang='lat' dir='ltr'>mrem</span> <span class='ocrx_word' id='word_1_323' title='bbox 540 4652 558 4695; x_wconf 75' lang='lat' dir='ltr'>c</span> <span class='ocrx_word' id='word_1_324' title='bbox 575 4630 709 4714; x_wconf 75' lang='lat' dir='ltr'>placent</span> <span class='ocrx_word' id='word_1_325' title='bbox 728 4630 814 4696; x_wconf 70' lang='lat' dir='ltr'>cavi</span> <span class='ocrx_word' id='word_1_326' title='bbox 834 4651 878 4712; x_wconf 72' lang='lat' dir='ltr'>po</span> <span class='ocrx_word' id='word_1_327' title='bbox 904 4629 983 4695; x_wconf 73' lang='lat' dir='ltr'>ons</span> <span class='ocrx_word' id='word_1_328' title='bbox 1004 4652 1026 4696; x_wconf 81' lang='lat' dir='ltr'><strong><em>a</em></strong></span> <span class='ocrx_word' id='word_1_329' title='bbox 1045 4631 1268 4716; x_wconf 65' lang='lat' dir='ltr'>moeones,</span> <span class='ocrx_word' id='word_1_330' title='bbox 1297 4633 1377 4719; x_wconf 70' lang='lat' dir='ltr'>caps</span> 
     </span>
    </p>
   </div>
   <div class='ocr_carea' id='block_1_9' title="bbox 0 0 1554 5392">
    <p class='ocr_par' dir='ltr' id='par_1_9' title="bbox 0 0 1554 5392">
     <span class='ocr_line' id='line_1_38' title="bbox 0 0 1554 5392; baseline 0 2"><span class='ocrx_word' id='word_1_331' title='bbox 0 0 1554 5392; x_wconf 95' lang='lat' dir='ltr'> </span> 
     </span>
    </p>
   </div>
  </div>
 </body>
</html>
