3098 5392
138 407 200 475 155
755 406 833 458 raro.

134 614 266 680 cdstovl.
311 614 430 679 Kromd
455 611 525 677 todo
554 613 702 697 apocope
723 612 786 695 jim
815 613 946 698 oy'rodrrl
971 611 1024 679 trlr
1053 630 1072 676 o
1103 632 1149 677 so.
1171 609 1336 677 Bortoloan

135 727 268 794 dtrndctr'
290 727 353 809 dny
368 725 477 810 por'dd
497 725 650 811 rbdbly'mr'
672 748 693 791 o
709 727 853 810 poooloje
867 727 942 810 jim,
966 727 1028 809 obp
1048 725 1148 792 alesti
1161 723 1336 810 edmero<

357 840 469 906 stoebe
492 862 513 905 a
534 860 655 921 oproou
676 839 770 924 copel
792 839 886 905 domd
908 841 995 907 dr'dvl
1014 839 1089 907 sobd
1109 839 1204 905 brodi.

237 979 304 1047 Nos
327 979 491 1046 lohannes
514 980 567 1045 dei
590 979 699 1062 gracia
721 980 854 1046 Boemie
876 986 909 1046 et
930 981 1062 1047 Polonie
1083 998 1150 1062 rex,
1187 980 1272 1045 sacri
1301 980 1336 1045 in

134 1094 220 1161 circa
249 1099 373 1160 montes
404 1092 545 1158 vicarius
576 1093 736 1174 generalis
766 1110 805 1158 ac
834 1093 1134 1176 Luczeuburgonsis
1168 1111 1286 1174 comes,
1319 1112 1336 1156 n

133 1205 269 1272 facimus
291 1206 453 1272 vninersis
477 1209 643 1287 presentes
665 1204 777 1271 literas
807 1206 1013 1287 inspecturis,
1044 1205 1129 1288 quod
1159 1224 1218 1272 nos
1249 1207 1336 1289 greci

133 1316 292 1403 affectum,
315 1338 410 1403 quem
431 1317 473 1382 od
496 1317 662 1384 ciuitatem
684 1323 827 1384 nostram
850 1315 1017 1384 Coloniam
1043 1336 1141 1402 super
1163 1303 1266 1385 Albeo
1288 1324 1321 1385 et

133 1433 277 1500 ciuitatis
299 1434 403 1517 ipsius
425 1431 594 1515 habemus,
618 1432 762 1499 volentes
785 1431 954 1500 ostendere
975 1431 1010 1499 in
1033 1429 1158 1514 effectu,
1189 1432 1318 1500 ciuibus

132 1548 187 1631 qui
216 1547 404 1614 celsitudini
440 1552 548 1613 nostre
575 1546 710 1628 prouide
743 1545 909 1611 humiliter
941 1546 1174 1629 supplicarunt,
1208 1547 1317 1613 omnia

132 1661 248 1744 quibus
273 1661 389 1727 ciuitas
412 1661 485 1744 ipss
507 1660 591 1726 freta
613 1665 663 1726 est
684 1678 704 1724 o
725 1658 923 1742 temporibus
942 1659 1122 1740 retroactis,
1144 1657 1336 1726 ratificamus

133 1775 304 1858 probamus
328 1780 361 1841 et
382 1793 439 1857 per
462 1774 591 1857 singula
606 1771 840 1854 confirmamus,
862 1773 1067 1856 presentibus
1086 1773 1324 1856 promittentes,

132 1906 191 1954 nec
214 1888 378 1954 ciuitatem
407 1889 510 1970 ipsam
534 1905 592 1954 nec
615 1905 747 1953 censum
777 1905 834 1953 seu
863 1887 1037 1953 utilitatem
1065 1885 1159 1952 uobis
1188 1885 1318 1966 abinde,

133 2002 209 2067 olim
232 2002 307 2067 aliis
329 2000 459 2085 regibus
474 2001 616 2082 Boemie,
640 1999 921 2082 predecessoribus
939 1999 1069 2082 nostris,
1092 1999 1267 2082 prouenire
1282 2004 1336 2082 pot

132 2115 231 2180 alicui
262 2114 374 2181 boroni
405 2116 457 2180 uel
487 2115 587 2182 nobili
613 2114 761 2180 dabimus
790 2119 847 2179 aut
876 2114 1120 2194 committemus,
1154 2111 1213 2178 sed
1246 2131 1306 2194 pro

132 2227 212 2310 ipsis
236 2228 340 2310 ipsam
363 2227 528 2293 ciuitatem
559 2227 740 2293 tenebimus
771 2233 804 2293 et
831 2225 1080 2308 reseruabimus,
1111 2244 1311 2310 censumque

132 2339 249 2407 abinde
270 2341 415 2407 debitum
437 2341 478 2406 ad
502 2359 660 2407 cameram
682 2345 826 2406 nostram
855 2340 979 2423 regiam
1007 2339 1111 2423 recipi
1140 2338 1307 2406 iaciemus.

132 2454 258 2520 ciuibus
281 2455 363 2538 ipsis
386 2472 425 2519 cx
448 2454 581 2537 speciali
604 2454 716 2522 fauore
737 2455 820 2519 banc
842 2454 985 2536 graciam
1007 2452 1224 2535 concedimus,
1258 2452 1336 2536 quoi

131 2568 255 2634 nuotim
278 2568 422 2634 nundino
443 2586 501 2651 per
524 2568 594 2634 dies
618 2567 861 2652 quatuordecim
883 2587 903 2632 a
925 2567 979 2633 die
1002 2566 1091 2634 besti
1110 2566 1334 2634 Bartholomei

131 2682 205 2749 stoli
240 2681 472 2765 computandos
506 2683 657 2748 continue
691 2699 764 2747 cum
797 2681 923 2747 iuribus
952 2686 986 2748 et
1013 2680 1218 2747 libertatibus
1247 2680 1336 2747 debit

11 2809 19 2822 ·
131 2794 265 2862 Colonia
288 2795 497 2862 celebrantur.
533 2795 669 2877 Insuper
691 2795 774 2876 ipsis
797 2793 925 2859 ciuibus
947 2793 990 2859 de
1011 2792 1106 2859 siluis
1133 2794 1254 2860 nostris
1277 2793 1336 2859 ini

130 2928 187 2992 pro
210 2909 470 2975 reconstruendis
494 2908 612 2972 dirutis
635 2913 668 2972 et
690 2908 813 2972 exustis
832 2906 980 2972 domibus
1002 2925 1041 2972 oc
1062 2905 1201 2973 edificiis
1228 2925 1336 2973 eorum

128 3022 380 3089 srrlruouoionom
402 3024 549 3088 volumus
573 3026 605 3086 et
627 3021 844 3103 permittimus
874 3019 981 3086 iacere
1006 3026 1248 3103 competentem.
1294 3021 1337 3086 Pr

127 3136 226 3202 timus
248 3137 391 3219 iusuper,
414 3135 512 3220 quod,
536 3139 706 3216 postquam
727 3133 859 3199 fauente
871 3133 1000 3199 domiuo
1020 3131 1177 3199 fuerimus
1192 3136 1336 3201 coronati

127 3250 238 3315 literas
261 3249 416 3316 iaciemus
439 3247 499 3313 sub
522 3248 632 3329 sigillo
655 3248 756 3329 regio,
779 3265 842 3328 quo
864 3252 942 3312 tuno
962 3251 1097 3328 utemur,
1120 3247 1278 3329 predictis
1301 3248 1336 3313 oi

128 3364 285 3429 innonori.
331 3361 454 3427 Horum
484 3360 669 3426 testimonio
700 3359 867 3425 literarum
898 3365 1021 3426 secreto
1051 3365 1162 3432 nostro
1189 3360 1336 3443 sigillos

127 3484 240 3543 ιιιιιιιιι.
287 3477 406 3541 norrun
430 3476 532 3558 Prope
568 3474 597 3539 ll
620 3473 776 3540 kalendas
806 3472 957 3538 ianuarii
988 3492 1072 3539 suno
1102 3473 1225 3540 domini
1258 3475 1336 3541 mill

128 3586 293 3654 (nullibi

232 3760 304 3825 lirin.
325 3776 399 3829 purg.
419 3758 558 3813 comitiva
577 3775 611 3813 m.
625 3757 727 3812 Kolina
745 3756 784 3810 n·
800 3758 833 3811 ll.
852 3757 933 3827 [iislo
951 3759 1091 3827 aptarem
1113 3757 1184 3812 robu
1202 3759 1273 3814 suad
1294 3758 1336 3830 t]¹

128 3859 248 3908 rati-lona.
270 3855 368 3908 lbrkon
383 3856 470 3909 Xl'lll
490 3857 583 3909 studeri
596 3858 820 3925 pozuameudno:
841 3853 901 3911 ,Na
912 3853 1249 3922 {mulctideunijarmark
1264 3855 1336 3910 eald

128 3950 261 4017 lorndjskp
281 3967 297 4003 a
316 3967 349 4003 ιιιι
370 3950 477 4003 ndindni
496 3952 603 4020 pannoni
621 3951 719 4005 dlirim
737 3951 833 4005 zkrail.
853 3952 931 4004 lesus
949 3967 986 4004 na
1004 3952 1112 4004 starem
1126 3949 1254 4006 dorubv.⁸
1273 3951 1336 4006 -l

129 4045 246 4113 linguate
268 4047 298 4098 ll.
318 4046 340 4099 l.
360 4052 436 4101 2181.

707 4207 772 4289 (Ἲς.
798 4224 848 4289 93.

485 4360 584 4430 lorti.
606 4360 648 4427 31
675 4363 862 4446 prosince.
884 4361 917 4431 Y
932 4361 1064 4432 Prae.

133 4501 212 4566 Kro'l
232 4501 298 4567 ,Ιιιιι
317 4499 475 4582 peel-aido·
497 4498 591 4564 ,el-lod
613 4499 697 4562 :oni
717 4499 900 4584 lapecke'ho,
921 4499 1011 4586 Hery'
1025 4521 1091 4584 pro
1111 4499 1192 4567 hdo
1213 4525 1260 4569 no
1279 4506 1336 4571 1ιᾶ

127 4612 277 4681 Krdiaskd
306 4636 348 4678 no
378 4612 433 4678 nuk
465 4614 504 4676 do
528 4612 713 4693 ,bloioburda
741 4615 882 4696 pieloril,
915 4635 989 4681 rosc
1018 4614 1059 4680 do
1089 4618 1194 4682 oddo
1218 4617 1336 4685 Koltm
