<?xml version="1.0" encoding="UTF-8"?>
<!DOCTYPE html PUBLIC "-//W3C//DTD XHTML 1.0 Transitional//EN"
    "http://www.w3.org/TR/xhtml1/DTD/xhtml1-transitional.dtd">
<html xmlns="http://www.w3.org/1999/xhtml" xml:lang="en" lang="en">
 <head>
  <title>
</title>
<meta http-equiv="Content-Type" content="text/html;charset=utf-8" />
  <meta name='ocr-system' content='tesseract 3.04.00' />
  <meta name='ocr-capabilities' content='ocr_page ocr_carea ocr_par ocr_line ocrx_word'/>
</head>
<body>
  <div class='ocr_page' id='page_1' title='image "./sbrkapramenprva01kingoog/sbrkapramenprva01kingoog_0266.png"; bbox 0 0 3098 5392; ppageno 0'>
   <div class='ocr_carea' id='block_1_1' title="bbox 138 425 831 493">
    <p class='ocr_par' dir='ltr' id='par_1_1' title="bbox 138 425 831 493">
     <span class='ocr_line' id='line_1_1' title="bbox 138 425 831 493; baseline 0 -17"><span class='ocrx_word' id='word_1_1' title='bbox 138 428 206 493; x_wconf 83' lang='lat'>230</span> <span class='ocrx_word' id='word_1_2' title='bbox 756 425 831 477; x_wconf 84' lang='lat' dir='ltr'>raas.</span> 
     </span>
    </p>
   </div>
   <div class='ocr_carea' id='block_1_2' title="bbox 124 633 1442 4447">
    <p class='ocr_par' dir='ltr' id='par_1_2' title="bbox 124 633 1442 4447">
     <span class='ocr_line' id='line_1_2' title="bbox 136 633 1442 718; baseline 0.002 -18"><span class='ocrx_word' id='word_1_3' title='bbox 136 640 187 701; x_wconf 91' lang='lat' dir='ltr'>est</span> <span class='ocrx_word' id='word_1_4' title='bbox 208 640 410 712; x_wconf 66' lang='lat' dir='ltr'>consuetum</span> <span class='ocrx_word' id='word_1_5' title='bbox 434 633 582 718; x_wconf 90' lang='lat' dir='ltr'>quodque</span> <span class='ocrx_word' id='word_1_6' title='bbox 605 633 814 700; x_wconf 88' lang='lat' dir='ltr'>oncraciones</span> <span class='ocrx_word' id='word_1_7' title='bbox 838 639 870 700; x_wconf 92' lang='lat' dir='ltr'>et</span> <span class='ocrx_word' id='word_1_8' title='bbox 891 635 1142 701; x_wconf 78' lang='lat' dir='ltr'>exonerationes</span> <span class='ocrx_word' id='word_1_9' title='bbox 1162 635 1308 718; x_wconf 87' lang='lat' dir='ltr'>nauium,</span> <span class='ocrx_word' id='word_1_10' title='bbox 1333 654 1442 703; x_wconf 88' lang='lat' dir='ltr'>rernm</span> 
     </span>
     <span class='ocr_line' id='line_1_3' title="bbox 135 746 1441 833; baseline 0.003 -21"><span class='ocrx_word' id='word_1_11' title='bbox 135 747 352 830; x_wconf 88' lang='lat' dir='ltr'>quarumlibet</span> <span class='ocrx_word' id='word_1_12' title='bbox 373 748 407 812; x_wconf 92' lang='lat' dir='ltr'>in</span> <span class='ocrx_word' id='word_1_13' title='bbox 430 766 513 830; x_wconf 93' lang='lat' dir='ltr'>aqua</span> <span class='ocrx_word' id='word_1_14' title='bbox 538 747 751 828; x_wconf 89' lang='lat' dir='ltr'>ductibilium,</span> <span class='ocrx_word' id='word_1_15' title='bbox 776 765 814 812; x_wconf 93' lang='lat' dir='ltr'>eo</span> <span class='ocrx_word' id='word_1_16' title='bbox 836 747 917 827; x_wconf 89' lang='lat' dir='ltr'>inre,</span> <span class='ocrx_word' id='word_1_17' title='bbox 951 746 1078 830; x_wconf 89' lang='lat' dir='ltr'>quoad</span> <span class='ocrx_word' id='word_1_18' title='bbox 1104 765 1161 815; x_wconf 88' lang='lat' dir='ltr'>eos</span> <span class='ocrx_word' id='word_1_19' title='bbox 1184 750 1336 833; x_wconf 82' lang='lat' dir='ltr'><strong>antiquis</strong></span> <span class='ocrx_word' id='word_1_20' title='bbox 1362 756 1441 816; x_wconf 88' lang='lat' dir='ltr'>tenr-</span> 
     </span>
     <span class='ocr_line' id='line_1_4' title="bbox 134 859 1440 944; baseline 0.002 -18"><span class='ocrx_word' id='word_1_21' title='bbox 134 861 267 943; x_wconf 92' lang='lat' dir='ltr'>poribns</span> <span class='ocrx_word' id='word_1_22' title='bbox 290 861 450 943; x_wconf 81' lang='lat' dir='ltr'>pertinuit</span> <span class='ocrx_word' id='word_1_23' title='bbox 472 865 504 925; x_wconf 89' lang='lat' dir='ltr'>et</span> <span class='ocrx_word' id='word_1_24' title='bbox 526 861 631 927; x_wconf 90' lang='lat' dir='ltr'>adhuc</span> <span class='ocrx_word' id='word_1_25' title='bbox 654 860 694 926; x_wconf 90' lang='lat' dir='ltr'>de</span> <span class='ocrx_word' id='word_1_26' title='bbox 710 861 780 925; x_wconf 93' lang='lat' dir='ltr'>iure</span> <span class='ocrx_word' id='word_1_27' title='bbox 802 861 951 941; x_wconf 79' lang='lat' dir='ltr'>pertinet,</span> <span class='ocrx_word' id='word_1_28' title='bbox 975 859 1114 927; x_wconf 89' lang='lat' dir='ltr'>debeant</span> <span class='ocrx_word' id='word_1_29' title='bbox 1135 860 1347 928; x_wconf 88' lang='lat' dir='ltr'>inuiolabiles</span> <span class='ocrx_word' id='word_1_30' title='bbox 1369 883 1440 944; x_wconf 86' lang='lat' dir='ltr'>per·</span> 
     </span>
     <span class='ocr_line' id='line_1_5' title="bbox 134 973 1441 1058; baseline 0.002 -19"><span class='ocrx_word' id='word_1_31' title='bbox 134 992 272 1039; x_wconf 88' lang='lat' dir='ltr'>manere.</span> <span class='ocrx_word' id='word_1_32' title='bbox 318 974 418 1057; x_wconf 86' lang='lat' dir='ltr'>Sique</span> <span class='ocrx_word' id='word_1_33' title='bbox 440 973 529 1040; x_wconf 90' lang='lat' dir='ltr'>ciues</span> <span class='ocrx_word' id='word_1_34' title='bbox 552 974 655 1040; x_wconf 89' lang='lat' dir='ltr'>nostri</span> <span class='ocrx_word' id='word_1_35' title='bbox 678 973 848 1055; x_wconf 87' lang='lat' dir='ltr'>Vscenses‚</span> <span class='ocrx_word' id='word_1_36' title='bbox 879 993 1015 1056; x_wconf 91' lang='lat' dir='ltr'>quorum</span> <span class='ocrx_word' id='word_1_37' title='bbox 1038 974 1112 1041; x_wconf 89' lang='lat' dir='ltr'>iura</span> <span class='ocrx_word' id='word_1_38' title='bbox 1142 979 1176 1040; x_wconf 89' lang='lat' dir='ltr'>et</span> <span class='ocrx_word' id='word_1_39' title='bbox 1197 976 1328 1058; x_wconf 84' lang='lat' dir='ltr'>gracias</span> <span class='ocrx_word' id='word_1_40' title='bbox 1350 975 1441 1041; x_wconf 80' lang='lat' dir='ltr'>iuxta</span> 
     </span>
     <span class='ocr_line' id='line_1_6' title="bbox 137 1086 1440 1169; baseline 0.002 -16"><span class='ocrx_word' id='word_1_41' title='bbox 137 1093 318 1153; x_wconf 89' lang='lat' dir='ltr'>nostrarum</span> <span class='ocrx_word' id='word_1_42' title='bbox 334 1089 518 1169; x_wconf 90' lang='lat' dir='ltr'>patencinm</span> <span class='ocrx_word' id='word_1_43' title='bbox 541 1087 680 1169; x_wconf 85' lang='lat' dir='ltr'>desuper</span> <span class='ocrx_word' id='word_1_44' title='bbox 702 1086 750 1153; x_wconf 91' lang='lat' dir='ltr'>eis</span> <span class='ocrx_word' id='word_1_45' title='bbox 774 1086 923 1153; x_wconf 86' lang='lat' dir='ltr'>datarum</span> <span class='ocrx_word' id='word_1_46' title='bbox 945 1087 1128 1153; x_wconf 88' lang='lat' dir='ltr'>litterarum</span> <span class='ocrx_word' id='word_1_47' title='bbox 1143 1088 1384 1155; x_wconf 80' lang='lat' dir='ltr'>continenciam</span> <span class='ocrx_word' id='word_1_48' title='bbox 1407 1091 1440 1155; x_wconf 94' lang='lat' dir='ltr'>in</span> 
     </span>
     <span class='ocr_line' id='line_1_7' title="bbox 135 1198 1436 1284; baseline 0.001 -18"><span class='ocrx_word' id='word_1_49' title='bbox 135 1219 193 1267; x_wconf 88' lang='lat' dir='ltr'>sue</span> <span class='ocrx_word' id='word_1_50' title='bbox 204 1203 351 1268; x_wconf 89' lang='lat' dir='ltr'>volumus</span> <span class='ocrx_word' id='word_1_51' title='bbox 365 1198 527 1267; x_wconf 89' lang='lat' dir='ltr'>firmitatis</span> <span class='ocrx_word' id='word_1_52' title='bbox 542 1202 656 1267; x_wconf 91' lang='lat' dir='ltr'>robore</span> <span class='ocrx_word' id='word_1_53' title='bbox 668 1219 864 1283; x_wconf 91' lang='lat' dir='ltr'>permanere,</span> <span class='ocrx_word' id='word_1_54' title='bbox 881 1200 1070 1268; x_wconf 89' lang='lat' dir='ltr'>condicione</span> <span class='ocrx_word' id='word_1_55' title='bbox 1091 1201 1160 1283; x_wconf 89' lang='lat' dir='ltr'>tali,</span> <span class='ocrx_word' id='word_1_56' title='bbox 1184 1201 1271 1284; x_wconf 92' lang='lat' dir='ltr'>quod</span> <span class='ocrx_word' id='word_1_57' title='bbox 1288 1203 1319 1268; x_wconf 93' lang='lat' dir='ltr'>si</span> <span class='ocrx_word' id='word_1_58' title='bbox 1335 1221 1436 1268; x_wconf 87' lang='lat' dir='ltr'>naues</span> 
     </span>
     <span class='ocr_line' id='line_1_8' title="bbox 139 1313 1441 1399; baseline 0 -18"><span class='ocrx_word' id='word_1_59' title='bbox 139 1334 214 1381; x_wconf 88' lang='lat' dir='ltr'>suas</span> <span class='ocrx_word' id='word_1_60' title='bbox 237 1315 271 1379; x_wconf 94' lang='lat' dir='ltr'>in</span> <span class='ocrx_word' id='word_1_61' title='bbox 286 1314 464 1382; x_wconf 86' lang='lat' dir='ltr'>Lauscbicz</span> <span class='ocrx_word' id='word_1_62' title='bbox 487 1333 546 1381; x_wconf 89' lang='lat' dir='ltr'>scu</span> <span class='ocrx_word' id='word_1_63' title='bbox 560 1313 636 1379; x_wconf 90' lang='lat' dir='ltr'>aliis</span> <span class='ocrx_word' id='word_1_64' title='bbox 658 1313 738 1379; x_wconf 89' lang='lat' dir='ltr'>locis</span> <span class='ocrx_word' id='word_1_65' title='bbox 760 1313 1025 1397; x_wconf 88' lang='lat' dir='ltr'>quibuscumque,</span> <span class='ocrx_word' id='word_1_66' title='bbox 1048 1318 1257 1399; x_wconf 73' lang='lat' dir='ltr'>preterquam</span> <span class='ocrx_word' id='word_1_67' title='bbox 1278 1314 1316 1380; x_wconf 93' lang='lat' dir='ltr'>in</span> <span class='ocrx_word' id='word_1_68' title='bbox 1332 1315 1441 1382; x_wconf 91' lang='lat' dir='ltr'>littore</span> 
     </span>
     <span class='ocr_line' id='line_1_9' title="bbox 136 1426 1440 1507; baseline 0.001 -15"><span class='ocrx_word' id='word_1_69' title='bbox 136 1433 211 1494; x_wconf 90' lang='lat' dir='ltr'>ante</span> <span class='ocrx_word' id='word_1_70' title='bbox 240 1428 406 1495; x_wconf 87' lang='lat' dir='ltr'>ciuitatem</span> <span class='ocrx_word' id='word_1_71' title='bbox 429 1432 573 1494; x_wconf 89' lang='lat' dir='ltr'>nostram</span> <span class='ocrx_word' id='word_1_72' title='bbox 595 1426 923 1507; x_wconf 84' lang='lat' dir='ltr'>Luthcmcriccnsem,</span> <span class='ocrx_word' id='word_1_73' title='bbox 958 1426 1167 1492; x_wconf 88' lang='lat' dir='ltr'>onerauerint</span> <span class='ocrx_word' id='word_1_74' title='bbox 1195 1445 1255 1492; x_wconf 91' lang='lat' dir='ltr'>sen</span> <span class='ocrx_word' id='word_1_75' title='bbox 1286 1446 1440 1499; x_wconf 77' lang='lat' dir='ltr'>exonera-</span> 
     </span>
     <span class='ocr_line' id='line_1_10' title="bbox 133 1540 1440 1625; baseline 0.002 -20"><span class='ocrx_word' id='word_1_76' title='bbox 133 1542 240 1606; x_wconf 91' lang='lat' dir='ltr'>uerint</span> <span class='ocrx_word' id='word_1_77' title='bbox 262 1542 315 1607; x_wconf 88' lang='lat' dir='ltr'>uel</span> <span class='ocrx_word' id='word_1_78' title='bbox 336 1560 389 1607; x_wconf 90' lang='lat' dir='ltr'>res</span> <span class='ocrx_word' id='word_1_79' title='bbox 412 1542 536 1606; x_wconf 88' lang='lat' dir='ltr'>alienas</span> <span class='ocrx_word' id='word_1_80' title='bbox 558 1557 776 1625; x_wconf 88' lang='lat' dir='ltr'>quascumque</span> <span class='ocrx_word' id='word_1_81' title='bbox 799 1540 858 1606; x_wconf 92' lang='lat' dir='ltr'>sub</span> <span class='ocrx_word' id='word_1_82' title='bbox 881 1558 919 1605; x_wconf 92' lang='lat' dir='ltr'>eo</span> <span class='ocrx_word' id='word_1_83' title='bbox 942 1540 1059 1621; x_wconf 92' lang='lat' dir='ltr'>colore,</span> <span class='ocrx_word' id='word_1_84' title='bbox 1082 1544 1237 1623; x_wconf 88' lang='lat' dir='ltr'>tanquam</span> <span class='ocrx_word' id='word_1_85' title='bbox 1264 1541 1317 1607; x_wconf 90' lang='lat' dir='ltr'>eis</span> <span class='ocrx_word' id='word_1_86' title='bbox 1341 1543 1440 1624; x_wconf 90' lang='lat' dir='ltr'>perti-</span> 
     </span>
     <span class='ocr_line' id='line_1_11' title="bbox 138 1651 1438 1737; baseline 0 -19"><span class='ocrx_word' id='word_1_87' title='bbox 138 1660 244 1734; x_wconf 85' lang='lat' dir='ltr'>neant,</span> <span class='ocrx_word' id='word_1_88' title='bbox 279 1655 433 1721; x_wconf 84' lang='lat' dir='ltr'>ducentes</span> <span class='ocrx_word' id='word_1_89' title='bbox 464 1654 600 1720; x_wconf 83' lang='lat' dir='ltr'>forsitan</span> <span class='ocrx_word' id='word_1_90' title='bbox 629 1653 754 1719; x_wconf 89' lang='lat' dir='ltr'>inuenti</span> <span class='ocrx_word' id='word_1_91' title='bbox 785 1652 908 1718; x_wconf 87' lang='lat' dir='ltr'>fuerint</span> <span class='ocrx_word' id='word_1_92' title='bbox 940 1658 974 1718; x_wconf 94' lang='lat' dir='ltr'>et</span> <span class='ocrx_word' id='word_1_93' title='bbox 995 1653 1049 1718; x_wconf 86' lang='lat' dir='ltr'>via</span> <span class='ocrx_word' id='word_1_94' title='bbox 1067 1651 1153 1735; x_wconf 90' lang='lat' dir='ltr'>juris</span> <span class='ocrx_word' id='word_1_95' title='bbox 1176 1653 1334 1735; x_wconf 92' lang='lat' dir='ltr'>conuicti,</span> <span class='ocrx_word' id='word_1_96' title='bbox 1365 1655 1438 1737; x_wconf 89' lang='lat' dir='ltr'>jura</span> 
     </span>
     <span class='ocr_line' id='line_1_12' title="bbox 132 1765 1438 1852; baseline 0 -20"><span class='ocrx_word' id='word_1_97' title='bbox 132 1767 351 1850; x_wconf 91' lang='lat' dir='ltr'>predictorum</span> <span class='ocrx_word' id='word_1_98' title='bbox 374 1768 496 1834; x_wconf 91' lang='lat' dir='ltr'>ciuium</span> <span class='ocrx_word' id='word_1_99' title='bbox 517 1772 700 1833; x_wconf 90' lang='lat' dir='ltr'>nostrorum</span> <span class='ocrx_word' id='word_1_100' title='bbox 714 1765 1049 1832; x_wconf 83' lang='lat' dir='ltr'>Luthcmcriccnsium</span> <span class='ocrx_word' id='word_1_101' title='bbox 1071 1765 1107 1831; x_wconf 93' lang='lat' dir='ltr'>in</span> <span class='ocrx_word' id='word_1_102' title='bbox 1129 1765 1190 1831; x_wconf 91' lang='lat' dir='ltr'>hac</span> <span class='ocrx_word' id='word_1_103' title='bbox 1205 1771 1302 1848; x_wconf 89' lang='lat' dir='ltr'>parte</span> <span class='ocrx_word' id='word_1_104' title='bbox 1316 1767 1438 1852; x_wconf 88' lang='lat' dir='ltr'>aliqua·</span> 
     </span>
     <span class='ocr_line' id='line_1_13' title="bbox 134 1877 1437 1963; baseline -0.001 -16"><span class='ocrx_word' id='word_1_105' title='bbox 134 1882 209 1949; x_wconf 92' lang='lat' dir='ltr'>liter</span> <span class='ocrx_word' id='word_1_106' title='bbox 231 1882 362 1963; x_wconf 87' lang='lat' dir='ltr'>violare,</span> <span class='ocrx_word' id='word_1_107' title='bbox 386 1885 503 1947; x_wconf 83' lang='lat' dir='ltr'>extunc</span> <span class='ocrx_word' id='word_1_108' title='bbox 525 1881 608 1962; x_wconf 88' lang='lat' dir='ltr'>ipsis</span> <span class='ocrx_word' id='word_1_109' title='bbox 631 1879 759 1946; x_wconf 90' lang='lat' dir='ltr'>ciuibus</span> <span class='ocrx_word' id='word_1_110' title='bbox 782 1881 903 1945; x_wconf 90' lang='lat' dir='ltr'>nostris</span> <span class='ocrx_word' id='word_1_111' title='bbox 925 1877 1271 1946; x_wconf 88' lang='lat' dir='ltr'>Lutlromericensibus</span> <span class='ocrx_word' id='word_1_112' title='bbox 1295 1879 1338 1946; x_wconf 89' lang='lat' dir='ltr'>de</span> <span class='ocrx_word' id='word_1_113' title='bbox 1352 1886 1437 1946; x_wconf 87' lang='lat' dir='ltr'>certa</span> 
     </span>
     <span class='ocr_line' id='line_1_14' title="bbox 134 1991 1435 2076; baseline -0.002 -16"><span class='ocrx_word' id='word_1_114' title='bbox 134 2002 244 2061; x_wconf 89' lang='lat' dir='ltr'>nostra</span> <span class='ocrx_word' id='word_1_115' title='bbox 268 1994 409 2060; x_wconf 90' lang='lat' dir='ltr'>sciencia</span> <span class='ocrx_word' id='word_1_116' title='bbox 429 1993 643 2076; x_wconf 82' lang='lat' dir='ltr'>indulgence,</span> <span class='ocrx_word' id='word_1_117' title='bbox 668 1993 753 2075; x_wconf 91' lang='lat' dir='ltr'>quod</span> <span class='ocrx_word' id='word_1_118' title='bbox 776 1992 816 2057; x_wconf 91' lang='lat' dir='ltr'>de</span> <span class='ocrx_word' id='word_1_119' title='bbox 838 1991 1024 2057; x_wconf 91' lang='lat' dir='ltr'>huiusmodi</span> <span class='ocrx_word' id='word_1_120' title='bbox 1046 1991 1143 2058; x_wconf 86' lang='lat' dir='ltr'>rebus</span> <span class='ocrx_word' id='word_1_121' title='bbox 1165 1991 1320 2059; x_wconf 88' lang='lat' dir='ltr'>omnibus</span> <span class='ocrx_word' id='word_1_122' title='bbox 1343 2013 1380 2059; x_wconf 89' lang='lat' dir='ltr'>se</span> <span class='ocrx_word' id='word_1_123' title='bbox 1401 1994 1435 2058; x_wconf 92' lang='lat' dir='ltr'>li-</span> 
     </span>
     <span class='ocr_line' id='line_1_15' title="bbox 135 2106 1430 2189; baseline -0.001 -17"><span class='ocrx_word' id='word_1_124' title='bbox 135 2107 198 2172; x_wconf 89' lang='lat' dir='ltr'>cite</span> <span class='ocrx_word' id='word_1_125' title='bbox 214 2107 438 2187; x_wconf 90' lang='lat' dir='ltr'>intromittant,</span> <span class='ocrx_word' id='word_1_126' title='bbox 463 2125 517 2172; x_wconf 91' lang='lat' dir='ltr'>eas</span> <span class='ocrx_word' id='word_1_127' title='bbox 533 2107 567 2171; x_wconf 93' lang='lat' dir='ltr'>in</span> <span class='ocrx_word' id='word_1_128' title='bbox 583 2125 660 2172; x_wconf 81' lang='lat' dir='ltr'>rsus</span> <span class='ocrx_word' id='word_1_129' title='bbox 676 2125 762 2186; x_wconf 89' lang='lat' dir='ltr'>suos,</span> <span class='ocrx_word' id='word_1_130' title='bbox 775 2123 994 2189; x_wconf 90' lang='lat' dir='ltr'>quoscumque</span> <span class='ocrx_word' id='word_1_131' title='bbox 1009 2106 1180 2187; x_wconf 87' lang='lat' dir='ltr'>voluerint,</span> <span class='ocrx_word' id='word_1_132' title='bbox 1204 2108 1430 2174; x_wconf 80' lang='lat' dir='ltr'>concertendo.</span> 
     </span>
     <span class='ocr_line' id='line_1_16' title="bbox 132 2217 1431 2302; baseline 0.002 -20"><span class='ocrx_word' id='word_1_133' title='bbox 132 2218 288 2284; x_wconf 85' lang='lat' dir='ltr'>Volumus</span> <span class='ocrx_word' id='word_1_134' title='bbox 310 2224 467 2300; x_wconf 89' lang='lat' dir='ltr'>preterea,</span> <span class='ocrx_word' id='word_1_135' title='bbox 490 2218 576 2302; x_wconf 92' lang='lat' dir='ltr'>quod</span> <span class='ocrx_word' id='word_1_136' title='bbox 598 2218 753 2301; x_wconf 88' lang='lat' dir='ltr'>predictis</span> <span class='ocrx_word' id='word_1_137' title='bbox 777 2217 904 2284; x_wconf 89' lang='lat' dir='ltr'>ciuibus</span> <span class='ocrx_word' id='word_1_138' title='bbox 936 2217 1057 2285; x_wconf 88' lang='lat' dir='ltr'>nostris</span> <span class='ocrx_word' id='word_1_139' title='bbox 1080 2217 1283 2286; x_wconf 82' lang='lat' dir='ltr'>Vacensibus</span> <span class='ocrx_word' id='word_1_140' title='bbox 1310 2221 1346 2287; x_wconf 93' lang='lat' dir='ltr'>in</span> <span class='ocrx_word' id='word_1_141' title='bbox 1368 2221 1431 2286; x_wconf 87' lang='lat' dir='ltr'>foro</span> 
     </span>
     <span class='ocr_line' id='line_1_17' title="bbox 133 2331 1429 2416; baseline 0.002 -21"><span class='ocrx_word' id='word_1_142' title='bbox 133 2331 277 2396; x_wconf 86' lang='lat' dir='ltr'>ciuitatis</span> <span class='ocrx_word' id='word_1_143' title='bbox 311 2337 421 2396; x_wconf 91' lang='lat' dir='ltr'>nostre</span> <span class='ocrx_word' id='word_1_144' title='bbox 443 2331 740 2399; x_wconf 89' lang='lat' dir='ltr'>Luthcmcriccnsis</span> <span class='ocrx_word' id='word_1_145' title='bbox 774 2349 919 2398; x_wconf 90' lang='lat' dir='ltr'>annonas</span> <span class='ocrx_word' id='word_1_146' title='bbox 954 2335 987 2397; x_wconf 89' lang='lat' dir='ltr'>ct</span> <span class='ocrx_word' id='word_1_147' title='bbox 1007 2349 1061 2397; x_wconf 90' lang='lat' dir='ltr'>res</span> <span class='ocrx_word' id='word_1_148' title='bbox 1094 2331 1177 2398; x_wconf 90' lang='lat' dir='ltr'>alias</span> <span class='ocrx_word' id='word_1_149' title='bbox 1211 2351 1429 2416; x_wconf 85' lang='lat' dir='ltr'>quascumque</span> 
     </span>
     <span class='ocr_line' id='line_1_18' title="bbox 124 2443 1431 2527; baseline 0.002 -19"><span class='ocrx_word' id='word_1_150' title='bbox 124 2462 240 2509; x_wconf 88' lang='lat' dir='ltr'>emere</span> <span class='ocrx_word' id='word_1_151' title='bbox 262 2448 295 2508; x_wconf 91' lang='lat' dir='ltr'>et</span> <span class='ocrx_word' id='word_1_152' title='bbox 311 2444 360 2509; x_wconf 93' lang='lat' dir='ltr'>sal</span> <span class='ocrx_word' id='word_1_153' title='bbox 382 2445 416 2509; x_wconf 95' lang='lat' dir='ltr'>in</span> <span class='ocrx_word' id='word_1_154' title='bbox 438 2462 524 2527; x_wconf 89' lang='lat' dir='ltr'>aqua</span> <span class='ocrx_word' id='word_1_155' title='bbox 538 2444 640 2510; x_wconf 86' lang='lat' dir='ltr'>Albea</span> <span class='ocrx_word' id='word_1_156' title='bbox 662 2443 866 2510; x_wconf 87' lang='lat' dir='ltr'>ascendendo</span> <span class='ocrx_word' id='word_1_157' title='bbox 889 2444 941 2510; x_wconf 90' lang='lat' dir='ltr'>nel</span> <span class='ocrx_word' id='word_1_158' title='bbox 964 2443 1189 2513; x_wconf 92' lang='lat' dir='ltr'>descendendo</span> <span class='ocrx_word' id='word_1_159' title='bbox 1212 2464 1273 2527; x_wconf 89' lang='lat' dir='ltr'>per</span> <span class='ocrx_word' id='word_1_160' title='bbox 1291 2464 1365 2513; x_wconf 85' lang='lat' dir='ltr'>cam</span> <span class='ocrx_word' id='word_1_161' title='bbox 1380 2447 1431 2512; x_wconf 91' lang='lat' dir='ltr'>dn·</span> 
     </span>
     <span class='ocr_line' id='line_1_19' title="bbox 134 2557 1431 2640; baseline 0.002 -18"><span class='ocrx_word' id='word_1_162' title='bbox 134 2575 206 2622; x_wconf 91' lang='lat' dir='ltr'>cere</span> <span class='ocrx_word' id='word_1_163' title='bbox 228 2576 291 2623; x_wconf 93' lang='lat' dir='ltr'>non</span> <span class='ocrx_word' id='word_1_164' title='bbox 315 2557 422 2639; x_wconf 90' lang='lat' dir='ltr'>liceat,</span> <span class='ocrx_word' id='word_1_165' title='bbox 453 2558 518 2623; x_wconf 91' lang='lat' dir='ltr'>nisi</span> <span class='ocrx_word' id='word_1_166' title='bbox 540 2559 679 2640; x_wconf 87' lang='lat' dir='ltr'>primunr</span> <span class='ocrx_word' id='word_1_167' title='bbox 709 2576 748 2624; x_wconf 89' lang='lat' dir='ltr'>eo</span> <span class='ocrx_word' id='word_1_168' title='bbox 770 2558 926 2640; x_wconf 91' lang='lat' dir='ltr'>predictis</span> <span class='ocrx_word' id='word_1_169' title='bbox 949 2557 1070 2625; x_wconf 90' lang='lat' dir='ltr'>nostris</span> <span class='ocrx_word' id='word_1_170' title='bbox 1092 2557 1431 2627; x_wconf 82' lang='lat' dir='ltr'>Luthcmcriccnsibus</span> 
     </span>
     <span class='ocr_line' id='line_1_20' title="bbox 132 2670 1431 2755; baseline -0.001 -19"><span class='ocrx_word' id='word_1_171' title='bbox 132 2670 259 2736; x_wconf 90' lang='lat' dir='ltr'>ciuibus</span> <span class='ocrx_word' id='word_1_172' title='bbox 289 2671 435 2753; x_wconf 82' lang='lat' dir='ltr'>exposito</span> <span class='ocrx_word' id='word_1_173' title='bbox 465 2675 499 2737; x_wconf 89' lang='lat' dir='ltr'>et</span> <span class='ocrx_word' id='word_1_174' title='bbox 521 2670 664 2737; x_wconf 78' lang='lat' dir='ltr'>exhibito</span> <span class='ocrx_word' id='word_1_175' title='bbox 693 2670 735 2736; x_wconf 89' lang='lat' dir='ltr'>ad</span> <span class='ocrx_word' id='word_1_176' title='bbox 759 2670 972 2736; x_wconf 89' lang='lat' dir='ltr'>uendendum.</span> <span class='ocrx_word' id='word_1_177' title='bbox 1017 2670 1228 2754; x_wconf 80' lang='lat' dir='ltr'>Indulgentes</span> <span class='ocrx_word' id='word_1_178' title='bbox 1259 2671 1320 2753; x_wconf 88' lang='lat' dir='ltr'>eis,</span> <span class='ocrx_word' id='word_1_179' title='bbox 1352 2671 1431 2755; x_wconf 93' lang='lat' dir='ltr'>quod</span> 
     </span>
     <span class='ocr_line' id='line_1_21' title="bbox 132 2783 1432 2866; baseline 0.001 -18"><span class='ocrx_word' id='word_1_180' title='bbox 132 2785 166 2848; x_wconf 94' lang='lat' dir='ltr'>in</span> <span class='ocrx_word' id='word_1_181' title='bbox 190 2784 354 2866; x_wconf 85' lang='lat' dir='ltr'>sepedicto</span> <span class='ocrx_word' id='word_1_182' title='bbox 377 2784 522 2850; x_wconf 84' lang='lat' dir='ltr'>ciuitatis</span> <span class='ocrx_word' id='word_1_183' title='bbox 544 2790 654 2849; x_wconf 90' lang='lat' dir='ltr'>nostre</span> <span class='ocrx_word' id='word_1_184' title='bbox 673 2785 968 2851; x_wconf 85' lang='lat' dir='ltr'>Luthcmcriccnsis</span> <span class='ocrx_word' id='word_1_185' title='bbox 992 2783 1131 2851; x_wconf 89' lang='lat' dir='ltr'>confinio</span> <span class='ocrx_word' id='word_1_186' title='bbox 1153 2784 1242 2850; x_wconf 90' lang='lat' dir='ltr'>intra</span> <span class='ocrx_word' id='word_1_187' title='bbox 1256 2784 1355 2850; x_wconf 78' lang='lat' dir='ltr'>unius</span> <span class='ocrx_word' id='word_1_188' title='bbox 1378 2785 1432 2850; x_wconf 93' lang='lat' dir='ltr'>mi·</span> 
     </span>
     <span class='ocr_line' id='line_1_22' title="bbox 131 2896 1431 2981; baseline 0.002 -19"><span class='ocrx_word' id='word_1_189' title='bbox 131 2898 223 2963; x_wconf 92' lang='lat' dir='ltr'>liaris</span> <span class='ocrx_word' id='word_1_190' title='bbox 247 2899 392 2981; x_wconf 91' lang='lat' dir='ltr'>spacium</span> <span class='ocrx_word' id='word_1_191' title='bbox 416 2899 666 2981; x_wconf 85' lang='lat' dir='ltr'>circumquaque</span> <span class='ocrx_word' id='word_1_192' title='bbox 694 2917 754 2963; x_wconf 88' lang='lat' dir='ltr'>nec</span> <span class='ocrx_word' id='word_1_193' title='bbox 776 2897 909 2963; x_wconf 85' lang='lat' dir='ltr'>taberne</span> <span class='ocrx_word' id='word_1_194' title='bbox 934 2915 994 2963; x_wconf 88' lang='lat' dir='ltr'>nec</span> <span class='ocrx_word' id='word_1_195' title='bbox 1016 2897 1225 2978; x_wconf 89' lang='lat' dir='ltr'>brasiatores,</span> <span class='ocrx_word' id='word_1_196' title='bbox 1256 2896 1431 2976; x_wconf 87' lang='lat' dir='ltr'>carnifices,</span> 
     </span>
     <span class='ocr_line' id='line_1_23' title="bbox 130 3009 1432 3096; baseline -0.001 -20"><span class='ocrx_word' id='word_1_197' title='bbox 130 3011 280 3094; x_wconf 88' lang='lat' dir='ltr'>pistores,</span> <span class='ocrx_word' id='word_1_198' title='bbox 303 3011 485 3095; x_wconf 84' lang='lat' dir='ltr'>parricide,</span> <span class='ocrx_word' id='word_1_199' title='bbox 517 3015 652 3092; x_wconf 88' lang='lat' dir='ltr'>sutores,</span> <span class='ocrx_word' id='word_1_200' title='bbox 688 3016 828 3076; x_wconf 88' lang='lat' dir='ltr'>sartores</span> <span class='ocrx_word' id='word_1_201' title='bbox 851 3028 911 3077; x_wconf 92' lang='lat' dir='ltr'>nec</span> <span class='ocrx_word' id='word_1_202' title='bbox 932 3009 1017 3076; x_wconf 88' lang='lat' dir='ltr'>fabri</span> <span class='ocrx_word' id='word_1_203' title='bbox 1050 3028 1110 3076; x_wconf 91' lang='lat' dir='ltr'>nec</span> <span class='ocrx_word' id='word_1_204' title='bbox 1132 3010 1368 3096; x_wconf 88' lang='lat' dir='ltr'>cuiuscumque</span> <span class='ocrx_word' id='word_1_205' title='bbox 1389 3011 1432 3076; x_wconf 90' lang='lat' dir='ltr'>al·</span> 
     </span>
     <span class='ocr_line' id='line_1_24' title="bbox 128 3121 1429 3205; baseline -0.002 -15"><span class='ocrx_word' id='word_1_206' title='bbox 128 3124 231 3190; x_wconf 87' lang='lat' dir='ltr'>terius</span> <span class='ocrx_word' id='word_1_207' title='bbox 254 3125 335 3190; x_wconf 91' lang='lat' dir='ltr'>artis</span> <span class='ocrx_word' id='word_1_208' title='bbox 357 3123 542 3190; x_wconf 83' lang='lat' dir='ltr'>mechanico</span> <span class='ocrx_word' id='word_1_209' title='bbox 565 3121 707 3189; x_wconf 85' lang='lat' dir='ltr'>artifices</span> <span class='ocrx_word' id='word_1_210' title='bbox 729 3127 787 3188; x_wconf 92' lang='lat' dir='ltr'>aut</span> <span class='ocrx_word' id='word_1_211' title='bbox 808 3121 940 3205; x_wconf 89' lang='lat' dir='ltr'>opifices</span> <span class='ocrx_word' id='word_1_212' title='bbox 962 3122 1128 3189; x_wconf 85' lang='lat' dir='ltr'>resideant</span> <span class='ocrx_word' id='word_1_213' title='bbox 1150 3123 1204 3190; x_wconf 89' lang='lat' dir='ltr'>nel</span> <span class='ocrx_word' id='word_1_214' title='bbox 1222 3123 1265 3189; x_wconf 93' lang='lat' dir='ltr'>ad</span> <span class='ocrx_word' id='word_1_215' title='bbox 1281 3142 1429 3190; x_wconf 84' lang='lat' dir='ltr'>exercen-</span> 
     </span>
     <span class='ocr_line' id='line_1_25' title="bbox 131 3235 1432 3320; baseline 0.001 -19"><span class='ocrx_word' id='word_1_216' title='bbox 131 3237 208 3302; x_wconf 92' lang='lat' dir='ltr'>dum</span> <span class='ocrx_word' id='word_1_217' title='bbox 230 3235 336 3302; x_wconf 84' lang='lat' dir='ltr'>officia</span> <span class='ocrx_word' id='word_1_218' title='bbox 360 3255 419 3302; x_wconf 92' lang='lat' dir='ltr'>sua</span> <span class='ocrx_word' id='word_1_219' title='bbox 441 3240 596 3302; x_wconf 89' lang='lat' dir='ltr'>consucta</span> <span class='ocrx_word' id='word_1_220' title='bbox 618 3235 759 3301; x_wconf 86' lang='lat' dir='ltr'>audeant</span> <span class='ocrx_word' id='word_1_221' title='bbox 780 3236 911 3301; x_wconf 86' lang='lat' dir='ltr'>inantea</span> <span class='ocrx_word' id='word_1_222' title='bbox 933 3235 1119 3318; x_wconf 86' lang='lat' dir='ltr'>aliqualiter</span> <span class='ocrx_word' id='word_1_223' title='bbox 1139 3235 1297 3303; x_wconf 89' lang='lat' dir='ltr'>residere.</span> <span class='ocrx_word' id='word_1_224' title='bbox 1336 3237 1432 3320; x_wconf 88' lang='lat' dir='ltr'>Sique</span> 
     </span>
     <span class='ocr_line' id='line_1_26' title="bbox 131 3346 1432 3433; baseline 0.001 -19"><span class='ocrx_word' id='word_1_225' title='bbox 131 3349 251 3432; x_wconf 91' lang='lat' dir='ltr'>aliquis</span> <span class='ocrx_word' id='word_1_226' title='bbox 274 3349 389 3414; x_wconf 92' lang='lat' dir='ltr'>talium</span> <span class='ocrx_word' id='word_1_227' title='bbox 412 3352 523 3415; x_wconf 90' lang='lat' dir='ltr'>contra</span> <span class='ocrx_word' id='word_1_228' title='bbox 545 3350 706 3430; x_wconf 85' lang='lat' dir='ltr'>presentis</span> <span class='ocrx_word' id='word_1_229' title='bbox 728 3347 872 3413; x_wconf 88' lang='lat' dir='ltr'>mandati</span> <span class='ocrx_word' id='word_1_230' title='bbox 895 3348 998 3413; x_wconf 90' lang='lat' dir='ltr'>nostri</span> <span class='ocrx_word' id='word_1_231' title='bbox 1021 3346 1277 3430; x_wconf 90' lang='lat' dir='ltr'>prohibicionem</span> <span class='ocrx_word' id='word_1_232' title='bbox 1305 3349 1340 3415; x_wconf 94' lang='lat' dir='ltr'>in</span> <span class='ocrx_word' id='word_1_233' title='bbox 1363 3368 1432 3433; x_wconf 89' lang='lat' dir='ltr'>pre·</span> 
     </span>
     <span class='ocr_line' id='line_1_27' title="bbox 130 3457 1431 3543; baseline 0 -16"><span class='ocrx_word' id='word_1_234' title='bbox 130 3463 217 3528; x_wconf 89' lang='lat' dir='ltr'>dicto</span> <span class='ocrx_word' id='word_1_235' title='bbox 253 3460 390 3528; x_wconf 91' lang='lat' dir='ltr'>confinio</span> <span class='ocrx_word' id='word_1_236' title='bbox 424 3460 571 3526; x_wconf 89' lang='lat' dir='ltr'>residens</span> <span class='ocrx_word' id='word_1_237' title='bbox 605 3460 737 3542; x_wconf 91' lang='lat' dir='ltr'>aliquod</span> <span class='ocrx_word' id='word_1_238' title='bbox 770 3459 967 3543; x_wconf 85' lang='lat' dir='ltr'>prefatorum</span> <span class='ocrx_word' id='word_1_239' title='bbox 997 3457 1177 3527; x_wconf 86' lang='lat' dir='ltr'>officiorum</span> <span class='ocrx_word' id='word_1_240' title='bbox 1211 3479 1313 3529; x_wconf 89' lang='lat' dir='ltr'>ausus</span> <span class='ocrx_word' id='word_1_241' title='bbox 1335 3461 1431 3528; x_wconf 86' lang='lat' dir='ltr'>fucrit</span> 
     </span>
     <span class='ocr_line' id='line_1_28' title="bbox 129 3573 1429 3658; baseline -0.002 -17"><span class='ocrx_word' id='word_1_242' title='bbox 129 3595 287 3658; x_wconf 83' lang='lat' dir='ltr'>exercere,</span> <span class='ocrx_word' id='word_1_243' title='bbox 312 3580 429 3640; x_wconf 84' lang='lat' dir='ltr'>extunc</span> <span class='ocrx_word' id='word_1_244' title='bbox 452 3575 533 3656; x_wconf 91' lang='lat' dir='ltr'>ipsis</span> <span class='ocrx_word' id='word_1_245' title='bbox 561 3574 686 3640; x_wconf 91' lang='lat' dir='ltr'>ciuibus</span> <span class='ocrx_word' id='word_1_246' title='bbox 709 3573 807 3640; x_wconf 90' lang='lat' dir='ltr'>liceat</span> <span class='ocrx_word' id='word_1_247' title='bbox 828 3592 939 3640; x_wconf 91' lang='lat' dir='ltr'>omnes</span> <span class='ocrx_word' id='word_1_248' title='bbox 960 3575 1043 3639; x_wconf 87' lang='lat' dir='ltr'>tales</span> <span class='ocrx_word' id='word_1_249' title='bbox 1066 3578 1099 3639; x_wconf 90' lang='lat' dir='ltr'>et</span> <span class='ocrx_word' id='word_1_250' title='bbox 1120 3573 1269 3657; x_wconf 84' lang='lat' dir='ltr'>singulos</span> <span class='ocrx_word' id='word_1_251' title='bbox 1296 3574 1338 3641; x_wconf 89' lang='lat' dir='ltr'>de</span> <span class='ocrx_word' id='word_1_252' title='bbox 1361 3594 1429 3658; x_wconf 78' lang='lat' dir='ltr'>pre</span> 
     </span>
     <span class='ocr_line' id='line_1_29' title="bbox 128 3686 1431 3772; baseline 0.002 -20"><span class='ocrx_word' id='word_1_253' title='bbox 128 3689 215 3755; x_wconf 88' lang='lat' dir='ltr'>dicto</span> <span class='ocrx_word' id='word_1_254' title='bbox 246 3687 394 3769; x_wconf 89' lang='lat' dir='ltr'>confinio,</span> <span class='ocrx_word' id='word_1_255' title='bbox 425 3692 522 3770; x_wconf 89' lang='lat' dir='ltr'>prout</span> <span class='ocrx_word' id='word_1_256' title='bbox 544 3689 592 3753; x_wconf 91' lang='lat' dir='ltr'>eis</span> <span class='ocrx_word' id='word_1_257' title='bbox 619 3687 771 3769; x_wconf 84' lang='lat' dir='ltr'>expedire</span> <span class='ocrx_word' id='word_1_258' title='bbox 795 3686 967 3767; x_wconf 91' lang='lat' dir='ltr'>uidebitur,</span> <span class='ocrx_word' id='word_1_259' title='bbox 990 3705 1159 3753; x_wconf 89' lang='lat' dir='ltr'>remouere</span> <span class='ocrx_word' id='word_1_260' title='bbox 1180 3692 1214 3753; x_wconf 89' lang='lat' dir='ltr'>et</span> <span class='ocrx_word' id='word_1_261' title='bbox 1235 3688 1279 3754; x_wconf 90' lang='lat' dir='ltr'>ad</span> <span class='ocrx_word' id='word_1_262' title='bbox 1294 3689 1431 3772; x_wconf 86' lang='lat' dir='ltr'>predicti</span> 
     </span>
     <span class='ocr_line' id='line_1_30' title="bbox 128 3801 1428 3885; baseline 0.002 -18"><span class='ocrx_word' id='word_1_263' title='bbox 128 3804 271 3868; x_wconf 88' lang='lat' dir='ltr'>mandati</span> <span class='ocrx_word' id='word_1_264' title='bbox 306 3802 409 3868; x_wconf 89' lang='lat' dir='ltr'>nostri</span> <span class='ocrx_word' id='word_1_265' title='bbox 443 3801 706 3868; x_wconf 88' lang='lat' dir='ltr'>obsernacionem</span> <span class='ocrx_word' id='word_1_266' title='bbox 738 3802 917 3884; x_wconf 91' lang='lat' dir='ltr'>plenariam</span> <span class='ocrx_word' id='word_1_267' title='bbox 949 3819 1007 3883; x_wconf 92' lang='lat' dir='ltr'>pro</span> <span class='ocrx_word' id='word_1_268' title='bbox 1039 3819 1096 3869; x_wconf 91' lang='lat' dir='ltr'>suo</span> <span class='ocrx_word' id='word_1_269' title='bbox 1130 3802 1252 3885; x_wconf 85' lang='lat' dir='ltr'>placito</span> <span class='ocrx_word' id='word_1_270' title='bbox 1277 3808 1428 3882; x_wconf 86' lang='lat' dir='ltr'>coartare,</span> 
     </span>
     <span class='ocr_line' id='line_1_31' title="bbox 129 3913 1427 4000; baseline -0.002 -19"><span class='ocrx_word' id='word_1_271' title='bbox 129 3918 264 3997; x_wconf 86' lang='lat' dir='ltr'>litteras,</span> <span class='ocrx_word' id='word_1_272' title='bbox 298 3918 326 3982; x_wconf 90' lang='lat' dir='ltr'>si</span> <span class='ocrx_word' id='word_1_273' title='bbox 349 3935 428 4000; x_wconf 86' lang='lat' dir='ltr'>quus</span> <span class='ocrx_word' id='word_1_274' title='bbox 452 3916 654 3999; x_wconf 90' lang='lat' dir='ltr'>presentibus</span> <span class='ocrx_word' id='word_1_275' title='bbox 687 3917 864 3981; x_wconf 88' lang='lat' dir='ltr'>contrarius</span> <span class='ocrx_word' id='word_1_276' title='bbox 887 3934 946 3980; x_wconf 93' lang='lat' dir='ltr'>nos</span> <span class='ocrx_word' id='word_1_277' title='bbox 969 3913 1047 3981; x_wconf 88' lang='lat' dir='ltr'>dare</span> <span class='ocrx_word' id='word_1_278' title='bbox 1069 3914 1283 3998; x_wconf 81' lang='lat' dir='ltr'>contingeret,</span> <span class='ocrx_word' id='word_1_279' title='bbox 1311 3915 1427 3983; x_wconf 88' lang='lat' dir='ltr'>nullius</span> 
     </span>
     <span class='ocr_line' id='line_1_32' title="bbox 128 4027 1420 4113; baseline -0.001 -19"><span class='ocrx_word' id='word_1_280' title='bbox 128 4028 290 4096; x_wconf 88' lang='lat' dir='ltr'>firmitatis</span> <span class='ocrx_word' id='word_1_281' title='bbox 322 4032 461 4095; x_wconf 79' lang='lat' dir='ltr'>existere</span> <span class='ocrx_word' id='word_1_282' title='bbox 491 4030 708 4096; x_wconf 89' lang='lat' dir='ltr'>decernentes.</span> <span class='ocrx_word' id='word_1_283' title='bbox 754 4029 792 4093; x_wconf 94' lang='lat' dir='ltr'>In</span> <span class='ocrx_word' id='word_1_284' title='bbox 815 4030 908 4093; x_wconf 83' lang='lat' dir='ltr'>ouius</span> <span class='ocrx_word' id='word_1_285' title='bbox 939 4028 986 4093; x_wconf 91' lang='lat' dir='ltr'>rei</span> <span class='ocrx_word' id='word_1_286' title='bbox 1010 4027 1233 4094; x_wconf 89' lang='lat' dir='ltr'>testimonium</span> <span class='ocrx_word' id='word_1_287' title='bbox 1264 4032 1420 4113; x_wconf 82' lang='lat' dir='ltr'>presentes</span> 
     </span>
     <span class='ocr_line' id='line_1_33' title="bbox 127 4141 1416 4224; baseline -0.001 -19"><span class='ocrx_word' id='word_1_288' title='bbox 127 4142 252 4207; x_wconf 86' lang='lat' dir='ltr'>litteras</span> <span class='ocrx_word' id='word_1_289' title='bbox 286 4142 356 4208; x_wconf 88' lang='lat' dir='ltr'>fieri</span> <span class='ocrx_word' id='word_1_290' title='bbox 384 4148 416 4207; x_wconf 89' lang='lat' dir='ltr'>ot</span> <span class='ocrx_word' id='word_1_291' title='bbox 443 4143 550 4224; x_wconf 81' lang='lat' dir='ltr'>sigillo</span> <span class='ocrx_word' id='word_1_292' title='bbox 585 4147 695 4207; x_wconf 89' lang='lat' dir='ltr'>nostro</span> <span class='ocrx_word' id='word_1_293' title='bbox 725 4141 840 4206; x_wconf 91' lang='lat' dir='ltr'>maiori</span> <span class='ocrx_word' id='word_1_294' title='bbox 874 4141 1029 4206; x_wconf 90' lang='lat' dir='ltr'>iussimus</span> <span class='ocrx_word' id='word_1_295' title='bbox 1063 4141 1266 4207; x_wconf 90' lang='lat' dir='ltr'>communiri.</span> <span class='ocrx_word' id='word_1_296' title='bbox 1312 4142 1416 4208; x_wconf 73' lang='lat' dir='ltr'>Datum</span> 
     </span>
     <span class='ocr_line' id='line_1_34' title="bbox 128 4253 1414 4333; baseline -0.001 -14"><span class='ocrx_word' id='word_1_297' title='bbox 128 4255 230 4333; x_wconf 73' lang='lat' dir='ltr'>Praue</span> <span class='ocrx_word' id='word_1_298' title='bbox 263 4254 331 4320; x_wconf 75' lang='lat' dir='ltr'>IV‘0</span> <span class='ocrx_word' id='word_1_299' title='bbox 365 4274 465 4320; x_wconf 87' lang='lat' dir='ltr'>nonas</span> <span class='ocrx_word' id='word_1_300' title='bbox 500 4256 578 4319; x_wconf 86' lang='lat' dir='ltr'>Maii</span> <span class='ocrx_word' id='word_1_301' title='bbox 610 4274 694 4318; x_wconf 88' lang='lat' dir='ltr'>arrno</span> <span class='ocrx_word' id='word_1_302' title='bbox 725 4253 846 4319; x_wconf 90' lang='lat' dir='ltr'>domini</span> <span class='ocrx_word' id='word_1_303' title='bbox 880 4253 1052 4321; x_wconf 86' lang='lat' dir='ltr'>millesimo</span> <span class='ocrx_word' id='word_1_304' title='bbox 1082 4256 1313 4322; x_wconf 83' lang='lat' dir='ltr'>trecentesimo</span> <span class='ocrx_word' id='word_1_305' title='bbox 1344 4253 1414 4319; x_wconf 71' lang='lat' dir='ltr'>rice</span> 
     </span>
     <span class='ocr_line' id='line_1_35' title="bbox 129 4368 353 4447; baseline 0.004 -16"><span class='ocrx_word' id='word_1_306' title='bbox 129 4368 209 4431; x_wconf 86' lang='lat' dir='ltr'>simo</span> <span class='ocrx_word' id='word_1_307' title='bbox 233 4369 353 4447; x_wconf 88' lang='lat' dir='ltr'>quinto.</span> 
     </span>
    </p>
   </div>
   <div class='ocr_carea' id='block_1_3' title="bbox 128 4537 1414 4706">
    <p class='ocr_par' dir='ltr' id='par_1_3' title="bbox 128 4537 1414 4706">
     <span class='ocr_line' id='line_1_36' title="bbox 232 4537 1414 4608; baseline 0.003 -19"><span class='ocrx_word' id='word_1_308' title='bbox 232 4537 374 4592; x_wconf 65' lang='lat' dir='ltr'>Olrsaacno</span> <span class='ocrx_word' id='word_1_309' title='bbox 399 4539 593 4592; x_wconf 86' lang='lat' dir='ltr'>vkontirmuei</span> <span class='ocrx_word' id='word_1_310' title='bbox 622 4538 754 4608; x_wconf 80' lang='lat' dir='ltr'>privilegii</span> <span class='ocrx_word' id='word_1_311' title='bbox 781 4538 1001 4607; x_wconf 65' lang='lat' dir='ltr'>Iritomeiickycb</span> <span class='ocrx_word' id='word_1_312' title='bbox 1026 4538 1068 4592; x_wconf 87' lang='lat' dir='ltr'>kr.</span> <span class='ocrx_word' id='word_1_313' title='bbox 1092 4537 1180 4595; x_wconf 77' lang='lat' dir='ltr'>Karia</span> <span class='ocrx_word' id='word_1_314' title='bbox 1204 4540 1245 4595; x_wconf 81' lang='lat' dir='ltr'>{V</span> <span class='ocrx_word' id='word_1_315' title='bbox 1263 4541 1291 4597; x_wconf 89' lang='lat' dir='ltr'>d.</span> <span class='ocrx_word' id='word_1_316' title='bbox 1308 4558 1325 4597; x_wconf 79' lang='lat' dir='ltr'>v</span> <span class='ocrx_word' id='word_1_317' title='bbox 1342 4539 1414 4596; x_wconf 77' lang='lat' dir='ltr'>Prata</span> 
     </span>
     <span class='ocr_line' id='line_1_37' title="bbox 128 4632 1413 4706; baseline 0.001 -18"><span class='ocrx_word' id='word_1_318' title='bbox 128 4638 161 4688; x_wconf 76' lang='lat'>25</span> <span class='ocrx_word' id='word_1_319' title='bbox 180 4649 265 4703; x_wconf 86' lang='lat' dir='ltr'>srpna</span> <span class='ocrx_word' id='word_1_320' title='bbox 284 4641 349 4688; x_wconf 74' lang='lat'>1348</span> <span class='ocrx_word' id='word_1_321' title='bbox 368 4653 384 4688; x_wconf 90' lang='lat' dir='ltr'>a</span> <span class='ocrx_word' id='word_1_322' title='bbox 402 4634 524 4687; x_wconf 76' lang='lat' dir='ltr'>cherane</span> <span class='ocrx_word' id='word_1_323' title='bbox 542 4651 558 4685; x_wconf 83' lang='lat' dir='ltr'>r</span> <span class='ocrx_word' id='word_1_324' title='bbox 577 4633 642 4703; x_wconf 83' lang='lat' dir='ltr'>orig.</span> <span class='ocrx_word' id='word_1_325' title='bbox 662 4634 807 4688; x_wconf 81' lang='lat' dir='ltr'>varcbiru</span> <span class='ocrx_word' id='word_1_326' title='bbox 832 4650 867 4689; x_wconf 89' lang='lat' dir='ltr'>m.</span> <span class='ocrx_word' id='word_1_327' title='bbox 886 4632 1033 4688; x_wconf 78' lang='lat' dir='ltr'>Litomdtic</span> <span class='ocrx_word' id='word_1_328' title='bbox 1057 4632 1096 4687; x_wconf 80' lang='lat' dir='ltr'>N⁰</span> <span class='ocrx_word' id='word_1_329' title='bbox 1112 4639 1144 4703; x_wconf 76' lang='lat'>63</span> <span class='ocrx_word' id='word_1_330' title='bbox 1168 4637 1273 4691; x_wconf 71' lang='lat' dir='ltr'>rutubi</span> <span class='ocrx_word' id='word_1_331' title='bbox 1291 4653 1308 4692; x_wconf 78' lang='lat' dir='ltr'>v</span> <span class='ocrx_word' id='word_1_332' title='bbox 1326 4636 1413 4706; x_wconf 81' lang='lat' dir='ltr'>nrkop.</span> 
     </span>
    </p>
   </div>
   <div class='ocr_carea' id='block_1_4' title="bbox 0 0 1554 5392">
    <p class='ocr_par' dir='ltr' id='par_1_4' title="bbox 0 0 1554 5392">
     <span class='ocr_line' id='line_1_38' title="bbox 0 0 1554 5392; baseline 0 2"><span class='ocrx_word' id='word_1_333' title='bbox 0 0 1554 5392; x_wconf 95' lang='lat' dir='ltr'> </span> 
     </span>
    </p>
   </div>
  </div>
 </body>
</html>
