3098 5392
219 396 283 462 538
840 399 916 448 usas.

216 621 382 687 dtdictvr'm
403 620 582 700 aoklddoti,
605 621 699 688 eliso
721 622 814 688 nemci
835 622 874 689 bo
889 622 1025 705 predati
1050 623 1155 687 moeni
1175 621 1272 688 osobd.
1310 624 1364 688 Do
1387 622 1515 706 komom

215 734 450 818 arabiskapsks
482 736 536 802 mci
565 736 712 802 educidits‘
743 739 836 801 rodite¹
863 738 907 800 40
935 735 1014 802 liter
1041 733 1138 801 νοεὶν
1166 733 1310 800 obrem
1343 734 1510 804 ksvioaur‘.

217 849 355 914 Hrdelm'
377 849 615 931 prdeonsoenost
636 852 727 934 ,icero
754 849 858 915 auidi
884 848 1076 932 opkoadoatr'
1102 846 1292 934 soffotkoa
1324 851 1373 915 tr'i
1399 850 1512 918 casta

216 962 279 1038 oin,
301 962 452 1040 rodestol,
467 962 568 1030 neat
580 985 602 1029 a
615 963 744 1045 croidpc
763 957 848 1028 Βανά
862 962 918 1028 mci
931 963 1055 1028 souotv·
1063 960 1251 1046 podkomov‘t
1262 963 1510 1050 metahpslp

659 1077 734 1143 berc
754 1075 858 1142 snat
878 1078 956 1143 test
969 1077 1073 1159 percis.

320 1285 484 1353 Johannes
513 1285 566 1352 dei
590 1287 701 1369 gracia
730 1291 842 1352 sancte
862 1286 1035 1370 Pragensis
1063 1287 1203 1354 ecclesie
1237 1288 1508 1372 archiepiscopus,

217 1400 394 1482 apostolice
415 1399 503 1466 sedis
525 1401 662 1482 legatus.
684 1399 805 1466 Notum
824 1399 962 1467 iacimus
983 1405 1096 1466 tenore
1117 1400 1328 1483 presencium
1343 1402 1508 1480 universis,

217 1512 303 1594 qnod
324 1531 383 1578 nos
406 1513 580 1580 utilitatem
602 1514 738 1580 ecclesie
760 1518 870 1579 nostre
892 1514 1036 1596 predicte
1057 1532 1232 1597 procurare
1262 1515 1412 1583 volentes
1442 1535 1507 1583 con·

216 1624 470 1709 siderantesque,
506 1628 645 1709 qualiter
681 1632 822 1693 matrum
848 1625 1057 1711 Helienbnrg,
1096 1627 1198 1694 sitnm
1233 1645 1337 1711 prope
1373 1633 1507 1695 casm

216 1742 362 1804 nostrum
397 1738 544 1805 Rudnicz
577 1745 610 1806 et
642 1739 807 1807 confinans
840 1740 997 1807 limitibus
1028 1740 1186 1808 bonorum
1214 1741 1507 1826 archiepiscopatus

216 1853 329 1932 nostri,
359 1853 514 1919 nonnulla
543 1854 682 1937 dampna
711 1860 745 1920 et
773 1854 974 1921 incommode
999 1855 1033 1921 in
1054 1853 1149 1920 bonis
1177 1857 1283 1922 noshi
1304 1856 1506 1940 episcopetur

217 1965 355 2049 predicti
384 1971 515 2049 propter
547 1968 748 2034 vicinitatem
777 1968 841 2034 loci
871 1966 990 2033 inferre
1020 1973 1054 2034 et
1083 1967 1191 2034 iacere
1217 1967 1384 2050 potuisset
1412 1975 1448 2036 et
1473 1968 1506 2034 ab

216 2080 329 2146 eodem
351 2085 457 2146 casim
480 2098 537 2146 seu
560 2080 600 2147 ab
621 2080 805 2147 hominibus
827 2078 1048 2146 habitantibus
1070 2081 1104 2145 in
1127 2098 1177 2161 eo,
1200 2080 1229 2146 si
1253 2080 1297 2146 ad
1319 2086 1506 2164 potestaten

216 2197 250 2259 et
271 2210 385 2258 manus
416 2192 582 2259 deveniret
610 2194 744 2275 alienas,
774 2193 913 2259 ecclesia
941 2198 1053 2258 nostra
1081 2192 1183 2257 multa
1215 2198 1330 2276 posset
1351 2196 1506 2262 sustinere

215 2306 360 2390 pericula
388 2306 422 2372 in
451 2306 603 2372 futurum.
648 2307 830 2389 Eupropter
858 2304 1003 2372 volentes
1032 2305 1187 2388 periculis
1219 2306 1349 2389 prefate
1377 2309 1506 2376 ecclesie

215 2423 325 2486 nostre
347 2439 505 2501 ocurrere,
527 2439 569 2485 ne
592 2421 625 2486 in
648 2425 812 2503 posterum
826 2421 965 2502 recipiat
983 2419 1148 2501 lesionem,
1173 2425 1318 2486 casbnm
1332 2421 1506 2504 predictum

216 2552 289 2599 cum
318 2534 387 2600 suis
412 2531 573 2613 censibus,
606 2532 798 2614 redditibus,
832 2533 1041 2615 proventibus
1070 2538 1104 2598 et
1133 2531 1333 2600 utilitatibus
1354 2551 1395 2601 ac
1415 2534 1505 2619 perti·

216 2647 341 2714 nenciis
373 2647 534 2713 universis
568 2666 626 2730 pro
656 2652 744 2712 certa
766 2647 903 2729 pecume
932 2646 1113 2729 quunhtme
1134 2646 1229 2712 titulo
1252 2647 1434 2731 empcionis
1456 2665 1505 2731 pro

215 2761 354 2827 ecclesia
383 2765 494 2827 nostra
523 2766 556 2826 et
584 2760 865 2842 archiepiscopatu
895 2759 960 2825 iam
985 2758 1083 2826 dictis
1105 2760 1139 2825 in
1161 2763 1356 2842 perpetuum
1377 2761 1505 2827 emimus

216 2880 248 2940 et
271 2875 535 2956 comparavimus,
559 2879 654 2957 prout
674 2873 734 2939 hec
756 2874 790 2939 iu
812 2873 931 2939 tabulis
954 2877 1040 2938 terre
1062 2873 1195 2939 Boemie
1216 2890 1255 2939 ac
1278 2874 1372 2940 curie
1393 2872 1505 2957 regalis

215 2989 348 3054 Boemie
369 2992 402 3054 et
423 2988 457 3053 in
480 2988 598 3052 litteris
621 2987 761 3070 desuper
789 2986 944 3052 confectis
973 2987 1101 3068 plenius
1132 2986 1325 3053 continetur.
1370 2986 1417 3052 Et
1437 2987 1505 3070 quia

216 3102 341 3185 empcio
364 3101 444 3169 dicti
467 3102 565 3168 castri
587 3100 698 3183 perfici
722 3120 785 3167 nou
803 3104 939 3183 poterat,
963 3101 1028 3166 nisi
1050 3118 1108 3182 per
1130 3100 1215 3166 viam
1233 3099 1440 3168 vendicionis
1454 3100 1504 3167 ali·

178 3248 182 3254 ·
216 3216 308 3281 cuius
331 3216 378 3280 rei
401 3215 538 3281 ecclesie
570 3219 680 3280 nostre
709 3215 846 3296 pecunia
866 3212 1032 3293 habeatur,
1063 3212 1185 3279 idcirco
1207 3212 1354 3279 uthere
1376 3213 1504 3282 ecclesie

215 3335 324 3395 nostre
346 3334 481 3412 pensata
503 3333 628 3394 matura
654 3328 889 3394 deliberacione
911 3334 945 3393 et
966 3327 1101 3394 solemni
1130 3330 1271 3392 tracttdu
1303 3328 1417 3410 sepius
1440 3344 1503 3394 cnm

218 3443 358 3526 capitulo
371 3447 480 3509 nostm
492 3441 660 3524 prehabito
675 3441 832 3506 iudicium
847 3439 1142 3523 archiepiscopatus
1157 3438 1262 3506 nostri
1276 3437 1313 3504 in
1324 3439 1501 3524 Pilgremss

215 3557 297 3621 elias
320 3556 353 3621 in
376 3555 593 3635 Pelbrzimov,
617 3572 689 3620 cum
712 3553 836 3619 duobus
859 3554 962 3619 laneis
985 3571 1145 3635 agrorum,
1167 3570 1233 3617 una
1247 3550 1386 3619 taberna
1399 3553 1500 3630 libera

217 3669 364 3736 omnibus
386 3668 564 3734 theoloneis
588 3686 645 3732 seu
665 3668 764 3733 mutis
788 3672 820 3731 et
842 3667 1028 3749 specialiter
1050 3666 1103 3732 die
1124 3665 1246 3732 forensi
1267 3683 1327 3748 per
1348 3667 1428 3732 anni
1449 3667 1502 3732 cir·

216 3784 332 3863 culum,
355 3782 455 3847 nichil
470 3781 677 3863 proprietatis
699 3779 802 3859 uobis,
826 3779 1076 3861 successoribus,
1099 3776 1292 3846 officialibus
1313 3797 1353 3846 ac
1375 3796 1501 3863 purgra·

217 3897 278 3961 viis
294 3896 413 3961 nostris
431 3896 465 3960 in
488 3895 574 3961 dicto
594 3894 717 3978 jndicio
739 3898 953 3974 reservantes,
976 3892 1186 3975 proventibus
1204 3896 1271 3958 tam
1284 3893 1399 3975 parvis
1415 3910 1501 3977 quam

216 4011 341 4092 magnis
364 4027 402 4076 ac
424 4010 497 4075 aliis
528 4009 676 4076 omuibus
703 4007 840 4091 juribus,
872 4007 1078 4089 utilitatibus,
1107 4006 1328 4090 proventibus,
1362 4007 1502 4075 usufruc-

216 4122 316 4202 tibus,
339 4121 599 4201 obventionibus,
623 4119 777 4199 emendis,
801 4120 906 4203 culpis
922 4121 1092 4200 universis,
1114 4118 1217 4185 tribus
1232 4119 1395 4187 duntaxat
1406 4121 1503 4205 culpis

216 4236 339 4318 exeplis
361 4235 546 4316 maioribus,
570 4235 722 4300 videlicet
744 4235 840 4317 ignis,
863 4233 1030 4301 homicidii
1053 4239 1086 4299 et
1107 4233 1223 4315 stupri,
1245 4251 1327 4316 quas
1344 4235 1505 4303 subcame

214 4349 320 4413 rarius
344 4347 639 4431 archiepiscopatus
667 4348 771 4413 nostri
801 4347 938 4429 predicti
973 4345 1102 4412 debebit
1124 4350 1157 4411 et
1177 4345 1343 4412 tenebitur
1360 4348 1507 4432 jndicure

216 4466 248 4525 et
271 4459 421 4541 diffinire,
444 4466 477 4526 et
499 4480 571 4527 cum
593 4461 693 4527 tercio
716 4460 849 4526 denario
871 4464 998 4526 monete
1020 4459 1193 4542 Pragensis
1207 4459 1250 4525 de
1264 4460 1392 4528 eisdem
1408 4464 1509 4548 cnlpis

215 4572 390 4638 maioribus
420 4573 627 4655 proveniente
656 4572 841 4653 secundum,
876 4571 962 4655 qnod
994 4570 1117 4638 scabini
1146 4577 1180 4638 et
1206 4572 1311 4655 jurati
1332 4572 1458 4644 ibidem
1478 4578 1511 4643 in
