3150 5378
682 502 756 552 1⁴¹⁴-
1278 501 1363 566 noo

62 710 180 777 cordia
202 715 234 775 et
256 709 422 774 beatorum
445 707 533 773 Petri
555 712 588 772 et
610 706 703 775 Pauli
726 709 945 789 apostolorum
969 708 1040 774 eius
1064 708 1189 775 meritis
1212 716 1244 774 et
1262 710 1363 774 inter·

62 824 216 889 cessione
239 821 350 888 conlisi
374 823 414 887 de
437 821 578 905 quolibet
593 828 668 887 actu
682 824 915 904 premissorum
930 821 1144 905 quadraginta
1166 822 1237 889 dies
1259 822 1366 888 indul·

60 937 254 1019 genciarnm
277 936 317 1000 de
341 936 495 1000 iniunctis
526 936 574 1002 eis
599 935 791 1017 penitenciis
823 936 855 1000 in
879 934 1009 1000 domino
1039 935 1292 1003 misericorditer
1315 957 1365 1002 re-

60 1053 222 1116 laxamus.
260 1050 297 1114 In
321 1051 415 1116 cuius
436 1048 485 1115 rei
515 1050 736 1116 testimonium
768 1055 935 1132 presentes
966 1049 1094 1115 litteras
1124 1048 1194 1116 fieri
1218 1056 1251 1117 et
1273 1051 1365 1132 sigil-

59 1166 169 1230 lorum
200 1169 383 1230 nostrorum
414 1165 612 1246 appensione
644 1164 797 1231 iussimus
829 1163 1031 1229 communiri.
1070 1163 1189 1230 Datum
1213 1162 1246 1230 in
1269 1163 1363 1230 Mun-

58 1279 153 1343 tibus
177 1277 314 1344 Chutnis
337 1296 421 1343 anno
444 1277 566 1343 domini
581 1277 752 1344 millesimo
774 1277 1093 1360 quadringentesimo
1108 1276 1193 1360 XIV,
1218 1277 1272 1343 die
1287 1277 1364 1343 XIX

57 1392 188 1457 mensis
210 1391 370 1457 Januarii.

171 1581 244 1649 Orig.
268 1596 344 1650 perg.
370 1597 386 1633 v
405 1580 516 1634 archim
544 1596 578 1633 m.
599 1581 691 1634 lintne
709 1579 785 1649 Hory
804 1579 825 1633 d.
846 1589 857 1633 1
884 1579 1009 1634 (stated.
1029 1587 1065 1639 ll.
1092 1581 1147 1635 Be:
1165 1581 1263 1651 pedeti.
1291 1581 1363 1652 Kop.

58 1694 78 1729 v
99 1676 320 1746 „Tronssumpta
345 1676 565 1746 privilegiorum¹⁴
587 1676 604 1729 l.
626 1684 655 1729 ll
683 1680 806 1730 vtomie
825 1676 936 1731 archivu
959 1693 992 1730 za
1010 1677 1136 1746 nopisem
1156 1676 1362 1746 „Indulgentia‘

56 1790 75 1827 a
94 1788 134 1842 po
154 1775 249 1826 strand
268 1789 280 1825 s
301 1773 489 1841 pozndmlrou:
511 1771 748 1840 „continuamus

627 2037 692 2121 dn.
719 2055 792 2120 uso.

465 2244 566 2325 llll,
589 2245 632 2313 12
655 2245 746 2313 odil.
772 2246 801 2311 V
824 2243 954 2312 Pnaze.

57 2435 149 2503 Krot
181 2434 292 2500 loebe
314 2434 369 2500 IV
385 2435 470 2499 ddod
491 2435 612 2500 suolcm'
638 2432 851 2516 purkmiairu,
884 2433 1045 2500 koodeldm
1068 2436 1081 2499 i
1102 2437 1153 2501 odi
1172 2435 1239 2501 uoci
1260 2440 1362 2501 mesia

60 2550 171 2632 nene,
194 2549 255 2632 uby
275 2547 397 2631 koops'li
419 2550 499 2613 dodr
521 2572 537 2614 s
554 2546 705 2631 pozemky
722 2549 805 2630 po‘cd
827 2548 998 2614 innobans
1018 2547 1201 2633 mdutskpimi
1216 2572 1237 2614 a
1251 2550 1359 2615 zsldtli

56 2686 75 2728 ι
98 2663 180 2729 nelo
202 2662 343 2743 modom
366 2661 465 2728 oodok
488 2663 601 2745 ahyto
624 2663 732 2746 neoylo
755 2685 799 2727 oo
821 2664 909 2745 aljmu
928 2664 1011 2748 podo
1029 2664 1148 2749 sardic
1167 2664 1225 2746 pr'i
1246 2663 1359 2729 kostelc

439 2797 485 2844 uo.
507 2775 720 2859 Bortolomdje
740 2776 978 2842 ustonooene‘bo.

174 2968 386 3037 wenceslaus
416 2970 469 3036 dei
499 2972 610 3053 gracia
642 2968 858 3036 Romanorum
891 2988 948 3036 rex
982 2989 1108 3052 semper
1137 2976 1294 3053 augustus
1325 2976 1358 3036 et

59 3083 196 3149 Boemie
217 3101 283 3149 rex„
307 3083 426 3148 Notum
448 3082 585 3149 iacimus
608 3089 720 3149 tenore
743 3084 947 3165 presencium
972 3085 1144 3156 uniuersis,
1166 3085 1260 3165 quod,
1284 3102 1357 3149 cum

58 3197 219 3277 magister
241 3197 373 3275 ciuium,
397 3197 545 3263 consules
564 3197 666 3278 jurati
688 3202 819 3280 totaque
841 3198 1053 3262 communitas
1080 3197 1225 3263 ciuitatis
1249 3203 1358 3264 nostre

58 3309 255 3389 pilznensis,
285 3308 396 3375 fideles
431 3311 533 3376 nostri
564 3310 686 3390 dilecti,
717 3316 837 3375 certam
869 3312 989 3376 curiam
1022 3329 1094 3377 cum
1124 3310 1192 3376 suis
1215 3312 1303 3393 agris
1327 3316 1359 3376 et

55 3420 221 3488 limitibus
243 3427 335 3487 extra
357 3423 462 3504 ipsius
485 3424 630 3488 ciuitatis
660 3441 770 3489 muros
801 3424 896 3489 sitam
920 3442 1026 3490 emere
1056 3430 1088 3489 et
1119 3443 1305 3507 comparare
1328 3430 1361 3489 et

57 3554 98 3601 ex
117 3534 231 3601 eadem
253 3536 344 3601 curia
367 3537 503 3618 elauris
523 3536 717 3602 cimiterium
734 3556 790 3619 pro
807 3544 1005 3604 mortuorum
1029 3539 1217 3620 corporibus
1239 3539 1359 3604 ibidem

57 3648 260 3730 sepeliendis
283 3647 324 3714 de
345 3668 429 3714 nouo
453 3650 636 3714 instaurare
657 3656 848 3731 proponant,
871 3656 959 3716 extat
981 3650 1144 3716 maiestati
1168 3657 1277 3717 nostre
1300 3671 1358 3734 per

58 3762 196 3828 eosdem
219 3762 308 3827 ciues
330 3761 495 3827 humiliter
518 3762 744 3844 supplicatum,
767 3768 926 3844 quatenus
949 3763 990 3827 ad
1006 3763 1152 3844 predicte
1174 3764 1264 3829 curie
1286 3783 1359 3829 cum

57 3875 133 3941 suis
156 3875 245 3957 agris
268 3880 299 3940 et
323 3874 481 3941 limitibus
504 3877 702 3957 empcionem
732 3881 764 3940 et
795 3877 1069 3958 comparacionem
1099 3882 1132 3941 et
1154 3877 1291 3959 predicti
1315 3879 1359 3943 ci-

55 3987 184 4054 miterii
208 3989 480 4055 instauracionem
510 4007 703 4054 consensum
726 3994 759 4054 et
780 4007 948 4054 assensum
979 3994 1106 4056 nostros
1136 3991 1244 4073 regios
1267 3991 1358 4056 adhi-

53 4101 135 4167 bere
167 4101 345 4183 preciosius
379 4102 595 4183 dignaremur.
635 4101 701 4167 Nos
733 4102 951 4183 predictorum
985 4103 1106 4169 ciuium
1138 4104 1356 4170 Pilznensium

53 4211 313 4280 racionabilibus
336 4214 551 4296 peticionibus
576 4215 630 4295 pie
652 4215 741 4294 moti,
764 4235 827 4280 uon
845 4234 901 4297 per
924 4235 1063 4281 errorem
1087 4223 1145 4282 aut
1166 4218 1357 4300 improuide,

52 4329 115 4395 sed
139 4328 247 4393 animo
270 4328 446 4395 deliberato
477 4330 517 4394 ad
543 4330 688 4411 predicte
710 4331 809 4409 curie,
840 4350 991 4413 agrorum
1020 4337 1054 4397 et
1082 4331 1222 4398 limitum
1253 4333 1357 4413 ipsius

53 4443 259 4525 emptionem
292 4448 324 4507 et
346 4444 621 4525 comparacionem
644 4461 682 4509 ac
705 4443 859 4509 cimiterii
883 4444 1062 4524 supradicti
1085 4445 1357 4511 instanracionom

50 4573 250 4623 consensum
285 4563 316 4620 et
346 4575 515 4623 assensum
550 4562 678 4622 nostros
712 4557 900 4638 prebuimus
937 4562 971 4622 et
1000 4560 1120 4623 virtute
1154 4561 1356 4640 presencium

49 4668 151 4751 regia
173 4670 367 4735 auctoritate
389 4669 523 4737 Boemic
544 4676 578 4736 ct
600 4668 640 4734 de
663 4674 752 4736 certa
774 4676 885 4735 nostra
915 4670 1057 4738 sciencia
1086 4690 1145 4755 pro
1168 4674 1356 4756 corporibus
