3098 5392
642 424 717 475 rael.
1261 421 1323 489 759

16 632 140 702 pialrlad
166 632 263 687 tohoto
291 630 359 686 listu
380 649 394 686 z
414 630 464 685 XV
483 631 577 686 stoleti
601 631 793 702 canapinam:
822 630 899 696 ,List
926 647 962 686 na
986 630 1082 700 rychtu
1101 630 1252 698 mesraim,
1279 629 1324 683 dle

19 729 140 781 ktereho
157 727 198 781 kr.
213 726 314 782 voclar
326 725 364 780 IV
375 727 539 796 anamenaje
556 729 639 783 verne
659 727 755 796 slutby
775 726 826 792 ,od
845 725 945 794 milych
963 724 1060 780 naiioh
1078 726 1170 795 Frany
1188 724 1323 780 ledeneho

17 824 141 890 Manen,
168 823 323 879 mlitenina
349 822 579 889 Litomeiickeuo,
605 822 747 877 aMixika
772 838 841 893 syna
862 821 939 890 jeho,
967 819 1127 876 deleduieho
1146 820 1260 888 uaicho,
1289 818 1324 874 od

18 920 150 991 clavnych
168 918 269 975 dasumr
287 923 352 974 natm
372 919 505 975 utineam
525 918 634 976 oddara
646 919 698 989 jim
719 919 833 990 ,rychtu
852 917 913 974 uadi
931 934 947 970 r
965 916 1203 973 LithomdiicIch“.

597 1182 663 1268 ors.
686 1202 759 1269 aaa

269 1390 368 1474 1384,
392 1389 583 1460 auleone.
607 1392 641 1460 V
662 1393 803 1462 liradci
826 1393 901 1461 uad
923 1390 1071 1460 labem.

20 1584 111 1650 Krdl
131 1584 244 1649 l⁷dcloo
260 1585 282 1648 I
287 1584 314 1646 V
319 1583 463 1667 pooolujc
478 1585 655 1649 medianam
671 1605 693 1648 o
707 1584 903 1666 obyccteldm
917 1604 958 1648 m.
975 1582 1103 1649 Hrodce
1117 1582 1184 1648 aad
1198 1581 1326 1655 Labeon,

20 1699 85 1780 aoy
108 1696 146 1762 ke
167 1696 288 1779 lpitdlo
309 1718 354 1762 so.
372 1695 538 1763 Antoniou
558 1719 603 1763 oo
624 1698 800 1783 picdmdsti
812 1696 970 1781 Mp'tslcc'm
991 1698 1133 1763 lobictmo
1149 1694 1328 1778 pr'a'koopila'

20 1812 114 1876 rodni
136 1811 232 1893 platy
254 1832 275 1875 a
297 1808 405 1893 statky
433 1831 473 1876 aa
495 1812 561 1877 300
584 1809 643 1895 kap
674 1833 734 1895 gr„
766 1809 851 1876 letare
880 1810 993 1876 mohou
1014 1811 1045 1875 si
1065 1809 1137 1875 dcci
1158 1809 1266 1875 olodita'
1287 1810 1326 1874 do

22 1923 102 1992 dese
123 1923 295 2010 acorokgiclr,
319 1946 340 1990 a
362 1924 425 2008 aba
447 1924 578 2007 sprdocc
600 1948 621 1991 o
642 1925 737 1990 mistr
759 1923 862 1989 tohoto
884 1923 1007 2007 spiculo
1022 1924 1087 2006 byla'
1103 1923 1239 2006 pooiom'
1251 1920 1326 1988 loo-

298 2039 397 2104 telam
419 2060 441 2104 a
458 2040 643 2124 pitaciay'm
666 2041 767 2104 mosoc
784 2040 881 2121 podty
902 2037 1052 2104 edocati.

130 2231 342 2298 Wenceslaus
376 2232 429 2298 dei
464 2232 574 2315 gracia
604 2233 821 2298 Romanorum
855 2250 911 2298 rex
947 2247 1075 2314 semper
1107 2236 1266 2314 augustus
1296 2234 1330 2295 et

23 2346 160 2411 Boemie
182 2364 247 2411 rex.
273 2344 394 2411 Notum
416 2344 554 2412 facimus
577 2349 689 2412 tenore
711 2345 915 2428 presencium
940 2345 1114 2425 vniuersis,
1136 2344 1232 2429 quod,
1256 2363 1329 2409 cum

24 2459 141 2525 fideles
164 2460 268 2525 nostri
298 2459 409 2525 dilecti
432 2458 521 2525 ciues
544 2463 578 2525 et
599 2459 705 2525 incole
728 2459 872 2526 ciuitatis
895 2466 1005 2525 nostre
1035 2459 1208 2526 Grecensis
1232 2475 1329 2540 super

22 2573 130 2639 Albea
150 2590 208 2653 pro
225 2571 395 2639 delacione
408 2572 580 2655 hospitalis
597 2573 700 2638 sancti
717 2571 873 2639 Anthouii
888 2573 1002 2638 situati
1018 2578 1093 2638 ante
1107 2577 1232 2655 portam
1248 2571 1329 2638 ciui-

22 2686 116 2764 tatis,
140 2703 204 2766 qua
226 2685 292 2750 itur
315 2703 427 2751 versus
444 2685 600 2767 Mutham,
626 2690 659 2751 et
680 2686 847 2752 hominum
869 2704 929 2752 vsu
949 2686 995 2752 ibi
1009 2686 1200 2768 degenoium
1215 2690 1248 2751 et
1264 2686 1328 2750 sin·

22 2800 184 2883 gulariter
201 2799 442 2865 sustentaoione
457 2798 656 2867 infirmorum
681 2806 714 2865 et
728 2818 940 2882 personarum
954 2799 1188 2866 miserabilium
1203 2817 1329 2878 censue,

22 2913 175 2979 redditus
189 2917 223 2978 ot
237 2912 323 2978 bona
338 2913 379 2978 ad
395 2913 537 2979 valorem
553 2914 764 2980 tricentarum
776 2931 1009 2996 sexagenorum
1021 2913 1055 2978 in
1069 2914 1181 2978 eadem
1197 2912 1331 2979 ciuitate

22 3034 58 3092 et
82 3026 235 3092 districtu
259 3026 405 3091 ciuitatis
429 3025 575 3092 eiusdem
599 3045 794 3108 comparare,
817 3026 947 3107 donare,
975 3026 1100 3106 testari,
1123 3027 1241 3108 legare,
1265 3024 1331 3089 dis-

21 3158 148 3222 ponere
178 3144 211 3205 et
236 3140 396 3220 ordinare,
419 3145 635 3222 proponentes
666 3145 698 3205 et
730 3140 955 3206 desiderantes
988 3139 1081 3205 nobis
1115 3158 1188 3205 cum
1217 3138 1331 3203 humili

23 3273 161 3337 precum
177 3253 338 3320 instancia
351 3253 584 3335 supplicarunt,
601 3258 760 3335 quatenus
773 3253 959 3319 huiusmodi
975 3252 1260 3334 comparaoionem,
1276 3252 1331 3316 do·

22 3368 208 3446 necionem,
225 3368 434 3449 legacionem,
450 3367 673 3446 testationem,
691 3366 942 3449 disposicionem
957 3373 990 3434 et
1002 3365 1241 3432 ordinacionem
1257 3383 1331 3430 con·

23 3481 212 3546 sencientes
235 3499 274 3545 ac
295 3479 514 3545 assentientes
548 3480 707 3561 legittime
739 3481 828 3562 ipsas
859 3481 1053 3548 auctoritate
1085 3479 1177 3561 regia
1200 3478 1332 3544 Boemie

23 3593 217 3678 approbare,
235 3591 433 3674 confirmare,
451 3611 567 3658 census
584 3611 710 3675 quoque
727 3599 760 3658 et
774 3592 858 3659 bona
882 3595 1001 3660 valoris
1022 3593 1159 3675 predicti
1177 3593 1278 3659 eciam
1295 3611 1333 3658 ea

24 3709 180 3774 libertate
201 3707 355 3773 libertate
377 3712 410 3773 et
433 3706 537 3772 eidem
560 3706 714 3787 hospitali
731 3711 764 3770 et
779 3706 963 3771 hominibus
980 3705 1060 3772 inibi
1076 3706 1267 3788 degentibus
1285 3706 1333 3770 in-

25 3839 210 3904 corporare,
231 3821 451 3904 appropriare,
468 3820 668 3886 inuiscerare
684 3825 717 3884 et
731 3826 903 3886 annectere
919 3820 1098 3903 graciosius
1116 3819 1330 3902 dignaremur.

25 3936 95 4001 Nos
120 3934 221 4016 igitur
252 3933 292 4001 ob
323 3934 553 4015 omnipotentis
584 3933 637 3998 dei
661 3938 693 3998 et
716 3933 907 3999 intemerate
938 3933 1105 4015 genitricis
1136 3933 1207 3998 eius
1229 3933 1334 3998 Marie

27 4049 167 4131 virginis
205 4047 340 4128 gloriam
370 4052 403 4113 et
433 4047 597 4127 honorem,
638 4065 761 4112 necnon
802 4047 1044 4129 progenitorum
1079 4053 1261 4113 nostrorum
1301 4051 1334 4110 et

26 4168 139 4228 nostre
163 4161 345 4226 animarum
364 4160 543 4225 remedium
559 4161 712 4239 salutare,
739 4159 860 4225 ciuium
876 4160 1092 4241 predictorum
1107 4159 1334 4241 rogaciouibus

26 4273 84 4362 [et]
118 4275 267 4356 precibus
298 4273 445 4339 inclinati
479 4293 542 4338 uon
574 4292 631 4354 per
666 4291 806 4338 errorem
837 4278 895 4338 aut
925 4273 1115 4355 improuide,
1147 4272 1204 4338 sed
1226 4271 1333 4337 animo

26 4389 219 4468 deliberato,
253 4407 330 4453 sano
362 4388 553 4469 principum,
584 4387 741 4452 baronum
765 4394 797 4452 et
829 4406 1009 4469 procerum,
1044 4384 1188 4451 fidelium
1210 4391 1335 4451 nostro·

25 4523 110 4583 rum,
135 4501 310 4567 accedente
341 4501 475 4566 consilio
499 4506 532 4565 et
563 4502 603 4565 do
628 4508 716 4567 certa
740 4506 850 4565 nostra
874 4501 1019 4567 sciencia
1049 4498 1335 4580 oonnparaciouenr,

24 4616 252 4693 donacionem,
267 4616 466 4697 legacionem
482 4619 515 4679 et.
530 4616 755 4694 testationem,
784 4615 1035 4697 disposicionem
1049 4619 1083 4678 et
1094 4612 1334 4679 ordinacionem
