<?xml version="1.0" encoding="UTF-8"?>
<!DOCTYPE html PUBLIC "-//W3C//DTD XHTML 1.0 Transitional//EN"
    "http://www.w3.org/TR/xhtml1/DTD/xhtml1-transitional.dtd">
<html xmlns="http://www.w3.org/1999/xhtml" xml:lang="en" lang="en">
 <head>
  <title>
</title>
<meta http-equiv="Content-Type" content="text/html;charset=utf-8" />
  <meta name='ocr-system' content='tesseract 3.04.00' />
  <meta name='ocr-capabilities' content='ocr_page ocr_carea ocr_par ocr_line ocrx_word'/>
</head>
<body>
  <div class='ocr_page' id='page_1' title='image "./sbrkapramenprva01kingoog/sbrkapramenprva01kingoog_0831.png"; bbox 0 0 3098 5392; ppageno 0'>
   <div class='ocr_carea' id='block_1_1' title="bbox 656 458 1339 524">
    <p class='ocr_par' dir='ltr' id='par_1_1' title="bbox 656 458 1339 524">
     <span class='ocr_line' id='line_1_1' title="bbox 656 458 1339 524; baseline 0.019 -13"><span class='ocrx_word' id='word_1_1' title='bbox 656 461 733 513; x_wconf 78' lang='lat' dir='ltr'><strong>mec.</strong></span> <span class='ocrx_word' id='word_1_2' title='bbox 1276 458 1339 524; x_wconf 73' lang='lat' dir='ltr'><strong>aab</strong></span> 
     </span>
    </p>
   </div>
   <div class='ocr_carea' id='block_1_2' title="bbox 33 666 1344 4492">
    <p class='ocr_par' dir='ltr' id='par_1_2' title="bbox 33 666 1344 4492">
     <span class='ocr_line' id='line_1_2' title="bbox 34 666 1337 752; baseline 0 -20"><span class='ocrx_word' id='word_1_3' title='bbox 34 669 210 734; x_wconf 86' lang='lat' dir='ltr'><strong>nissimum</strong></span> <span class='ocrx_word' id='word_1_4' title='bbox 232 671 420 752; x_wconf 90' lang='lat' dir='ltr'><strong>principem,</strong></span> <span class='ocrx_word' id='word_1_5' title='bbox 453 668 613 752; x_wconf 89' lang='lat' dir='ltr'><strong>qnondam</strong></span> <span class='ocrx_word' id='word_1_6' title='bbox 645 669 809 735; x_wconf 91' lang='lat' dir='ltr'><strong>dominum</strong></span> <span class='ocrx_word' id='word_1_7' title='bbox 832 673 865 732; x_wconf 87' lang='lat' dir='ltr'><strong>et</strong></span> <span class='ocrx_word' id='word_1_8' title='bbox 887 666 1064 749; x_wconf 90' lang='lat' dir='ltr'><strong>genitorem</strong></span> <span class='ocrx_word' id='word_1_9' title='bbox 1096 672 1250 749; x_wconf 90' lang='lat' dir='ltr'><strong>nostrum,</strong></span> <span class='ocrx_word' id='word_1_10' title='bbox 1273 667 1337 732; x_wconf 86' lang='lat' dir='ltr'><strong>Kc·</strong></span> 
     </span>
     <span class='ocr_line' id='line_1_3' title="bbox 34 782 1339 866; baseline -0.002 -19"><span class='ocrx_word' id='word_1_11' title='bbox 34 783 152 861; x_wconf 86' lang='lat' dir='ltr'><strong>tolum,</strong></span> <span class='ocrx_word' id='word_1_12' title='bbox 175 783 391 849; x_wconf 90' lang='lat' dir='ltr'><strong>Romanorum</strong></span> <span class='ocrx_word' id='word_1_13' title='bbox 411 784 637 866; x_wconf 68' lang='lat' dir='ltr'><strong>imperatorem</strong></span> <span class='ocrx_word' id='word_1_14' title='bbox 660 788 694 849; x_wconf 87' lang='lat' dir='ltr'><strong>et</strong></span> <span class='ocrx_word' id='word_1_15' title='bbox 715 782 871 848; x_wconf 90' lang='lat' dir='ltr'><strong>Bohemie</strong></span> <span class='ocrx_word' id='word_1_16' title='bbox 893 798 1012 864; x_wconf 90' lang='lat' dir='ltr'><strong>regem,</strong></span> <span class='ocrx_word' id='word_1_17' title='bbox 1042 798 1100 863; x_wconf 93' lang='lat' dir='ltr'><strong>pro</strong></span> <span class='ocrx_word' id='word_1_18' title='bbox 1129 786 1207 847; x_wconf 90' lang='lat' dir='ltr'><strong>tunc</strong></span> <span class='ocrx_word' id='word_1_19' title='bbox 1228 798 1339 864; x_wconf 88' lang='lat' dir='ltr'><strong>regem</strong></span> 
     </span>
     <span class='ocr_line' id='line_1_4' title="bbox 33 894 1336 979; baseline -0.003 -18"><span class='ocrx_word' id='word_1_20' title='bbox 33 896 265 978; x_wconf 88' lang='lat' dir='ltr'><strong>Romanorum,</strong></span> <span class='ocrx_word' id='word_1_21' title='bbox 281 896 364 979; x_wconf 91' lang='lat' dir='ltr'><strong>ipsis</strong></span> <span class='ocrx_word' id='word_1_22' title='bbox 387 902 420 963; x_wconf 88' lang='lat' dir='ltr'><strong>et</strong></span> <span class='ocrx_word' id='word_1_23' title='bbox 434 916 545 964; x_wconf 91' lang='lat' dir='ltr'><strong>eorum</strong></span> <span class='ocrx_word' id='word_1_24' title='bbox 562 897 690 964; x_wconf 87' lang='lat' dir='ltr'><strong>ciuitati</strong></span> <span class='ocrx_word' id='word_1_25' title='bbox 705 896 856 962; x_wconf 78' lang='lat' dir='ltr'>donatam</span> <span class='ocrx_word' id='word_1_26' title='bbox 872 894 1051 978; x_wconf 91' lang='lat' dir='ltr'><strong>approbare</strong></span> <span class='ocrx_word' id='word_1_27' title='bbox 1065 932 1109 941; x_wconf 96' lang='lat'>—</span> <span class='ocrx_word' id='word_1_28' title='bbox 1120 894 1336 976; x_wconf 87' lang='lat' dir='ltr'><strong>dignaremur.</strong></span> 
     </span>
     <span class='ocr_line' id='line_1_5' title="bbox 36 1007 1338 1095; baseline -0.002 -20"><span class='ocrx_word' id='word_1_29' title='bbox 36 1008 142 1075; x_wconf 91' lang='lat' dir='ltr'><strong>Cuius</strong></span> <span class='ocrx_word' id='word_1_30' title='bbox 164 1010 293 1093; x_wconf 89' lang='lat' dir='ltr'><strong>quidem</strong></span> <span class='ocrx_word' id='word_1_31' title='bbox 316 1011 410 1077; x_wconf 87' lang='lat' dir='ltr'><strong>litere</strong></span> <span class='ocrx_word' id='word_1_32' title='bbox 425 1017 520 1078; x_wconf 91' lang='lat' dir='ltr'><strong>tenor</strong></span> <span class='ocrx_word' id='word_1_33' title='bbox 540 1030 599 1095; x_wconf 91' lang='lat' dir='ltr'><strong>per</strong></span> <span class='ocrx_word' id='word_1_34' title='bbox 622 1011 729 1077; x_wconf 93' lang='lat' dir='ltr'><strong>omnia</strong></span> <span class='ocrx_word' id='word_1_35' title='bbox 753 1010 899 1093; x_wconf 87' lang='lat' dir='ltr'><strong>sequitur</strong></span> <span class='ocrx_word' id='word_1_36' title='bbox 920 1010 954 1074; x_wconf 91' lang='lat' dir='ltr'><strong>in</strong></span> <span class='ocrx_word' id='word_1_37' title='bbox 977 1009 1037 1075; x_wconf 91' lang='lat' dir='ltr'><strong>hec</strong></span> <span class='ocrx_word' id='word_1_38' title='bbox 1059 1007 1174 1073; x_wconf 80' lang='lat' dir='ltr'><strong>verba:</strong></span> <span class='ocrx_word' id='word_1_39' title='bbox 1197 1008 1338 1073; x_wconf 87' lang='lat' dir='ltr'><strong>Karalus</strong></span> 
     </span>
     <span class='ocr_line' id='line_1_6' title="bbox 34 1121 1337 1207; baseline -0.002 -20"><span class='ocrx_word' id='word_1_40' title='bbox 34 1122 91 1188; x_wconf 92' lang='lat' dir='ltr'><strong>dei</strong></span> <span class='ocrx_word' id='word_1_41' title='bbox 115 1123 225 1206; x_wconf 82' lang='lat' dir='ltr'><strong>gracia</strong></span> <span class='ocrx_word' id='word_1_42' title='bbox 240 1124 456 1192; x_wconf 85' lang='lat' dir='ltr'><strong>Romanorum</strong></span> <span class='ocrx_word' id='word_1_43' title='bbox 478 1143 535 1192; x_wconf 88' lang='lat' dir='ltr'><strong>rer</strong></span> <span class='ocrx_word' id='word_1_44' title='bbox 551 1142 679 1207; x_wconf 88' lang='lat' dir='ltr'><strong>semper</strong></span> <span class='ocrx_word' id='word_1_45' title='bbox 701 1129 860 1207; x_wconf 85' lang='lat' dir='ltr'><strong>augustus</strong></span> <span class='ocrx_word' id='word_1_46' title='bbox 877 1128 909 1188; x_wconf 91' lang='lat' dir='ltr'><strong>et</strong></span> <span class='ocrx_word' id='word_1_47' title='bbox 925 1123 1080 1190; x_wconf 89' lang='lat' dir='ltr'><strong>Bohemie</strong></span> <span class='ocrx_word' id='word_1_48' title='bbox 1102 1141 1167 1188; x_wconf 84' lang='lat' dir='ltr'><strong>rex.</strong></span> <span class='ocrx_word' id='word_1_49' title='bbox 1192 1122 1243 1187; x_wconf 80' lang='lat' dir='ltr'><strong>Ad</strong></span> <span class='ocrx_word' id='word_1_50' title='bbox 1266 1121 1337 1186; x_wconf 93' lang='lat' dir='ltr'><strong>uni-</strong></span> 
     </span>
     <span class='ocr_line' id='line_1_7' title="bbox 36 1235 1338 1322; baseline -0.001 -21"><span class='ocrx_word' id='word_1_51' title='bbox 36 1255 209 1303; x_wconf 92' lang='lat' dir='ltr'><strong>uersorum</strong></span> <span class='ocrx_word' id='word_1_52' title='bbox 231 1239 385 1304; x_wconf 83' lang='lat' dir='ltr'><strong>noticiam</strong></span> <span class='ocrx_word' id='word_1_53' title='bbox 406 1243 519 1305; x_wconf 86' lang='lat' dir='ltr'><strong>tenore</strong></span> <span class='ocrx_word' id='word_1_54' title='bbox 541 1240 747 1322; x_wconf 92' lang='lat' dir='ltr'><strong>presencium</strong></span> <span class='ocrx_word' id='word_1_55' title='bbox 771 1239 918 1303; x_wconf 85' lang='lat' dir='ltr'><strong>volumus</strong></span> <span class='ocrx_word' id='word_1_56' title='bbox 941 1237 1122 1320; x_wconf 79' lang='lat' dir='ltr'><strong>permanire,</strong></span> <span class='ocrx_word' id='word_1_57' title='bbox 1147 1235 1232 1318; x_wconf 89' lang='lat' dir='ltr'><strong>quod</strong></span> <span class='ocrx_word' id='word_1_58' title='bbox 1247 1254 1338 1301; x_wconf 88' lang='lat' dir='ltr'><strong>aoce-</strong></span> 
     </span>
     <span class='ocr_line' id='line_1_8' title="bbox 35 1349 1335 1435; baseline -0.002 -20"><span class='ocrx_word' id='word_1_59' title='bbox 35 1350 153 1416; x_wconf 89' lang='lat' dir='ltr'><strong>dentes</strong></span> <span class='ocrx_word' id='word_1_60' title='bbox 183 1352 364 1418; x_wconf 87' lang='lat' dir='ltr'><strong>maiestatis</strong></span> <span class='ocrx_word' id='word_1_61' title='bbox 396 1359 505 1418; x_wconf 86' lang='lat' dir='ltr'><strong>nostre</strong></span> <span class='ocrx_word' id='word_1_62' title='bbox 535 1353 735 1435; x_wconf 86' lang='lat' dir='ltr'><strong>presenciam</strong></span> <span class='ocrx_word' id='word_1_63' title='bbox 765 1352 876 1418; x_wconf 86' lang='lat' dir='ltr'><strong>dilecti</strong></span> <span class='ocrx_word' id='word_1_64' title='bbox 907 1350 1019 1417; x_wconf 91' lang='lat' dir='ltr'><strong>fideles</strong></span> <span class='ocrx_word' id='word_1_65' title='bbox 1049 1351 1153 1416; x_wconf 89' lang='lat' dir='ltr'><strong>nostri</strong></span> <span class='ocrx_word' id='word_1_66' title='bbox 1182 1349 1279 1415; x_wconf 83' lang='lat' dir='ltr'><strong>iudex</strong></span> <span class='ocrx_word' id='word_1_67' title='bbox 1302 1354 1335 1413; x_wconf 87' lang='lat' dir='ltr'><strong>et</strong></span> 
     </span>
     <span class='ocr_line' id='line_1_9' title="bbox 35 1463 1338 1548; baseline -0.002 -19"><span class='ocrx_word' id='word_1_68' title='bbox 35 1465 138 1529; x_wconf 89' lang='lat' dir='ltr'><strong>iurati</strong></span> <span class='ocrx_word' id='word_1_69' title='bbox 163 1465 308 1531; x_wconf 88' lang='lat' dir='ltr'><strong>ciuitatis</strong></span> <span class='ocrx_word' id='word_1_70' title='bbox 331 1466 365 1531; x_wconf 95' lang='lat' dir='ltr'><strong>in</strong></span> <span class='ocrx_word' id='word_1_71' title='bbox 388 1465 672 1533; x_wconf 77' lang='lat' dir='ltr'><strong>Schlaclrenwerde</strong></span> <span class='ocrx_word' id='word_1_72' title='bbox 706 1465 799 1532; x_wconf 91' lang='lat' dir='ltr'><strong>nobis</strong></span> <span class='ocrx_word' id='word_1_73' title='bbox 829 1483 887 1548; x_wconf 91' lang='lat' dir='ltr'><strong>pro</strong></span> <span class='ocrx_word' id='word_1_74' title='bbox 911 1483 947 1531; x_wconf 92' lang='lat' dir='ltr'><strong>se</strong></span> <span class='ocrx_word' id='word_1_75' title='bbox 969 1469 1003 1530; x_wconf 88' lang='lat' dir='ltr'><strong>et</strong></span> <span class='ocrx_word' id='word_1_76' title='bbox 1031 1463 1245 1530; x_wconf 80' lang='lat' dir='ltr'><strong>vniuersitate</strong></span> <span class='ocrx_word' id='word_1_77' title='bbox 1266 1480 1338 1545; x_wconf 91' lang='lat' dir='ltr'><strong>pre·</strong></span> 
     </span>
     <span class='ocr_line' id='line_1_10' title="bbox 37 1577 1337 1664; baseline 0 -23"><span class='ocrx_word' id='word_1_78' title='bbox 37 1577 127 1643; x_wconf 86' lang='lat' dir='ltr'><strong>dicte</strong></span> <span class='ocrx_word' id='word_1_79' title='bbox 157 1578 302 1644; x_wconf 86' lang='lat' dir='ltr'><strong>ciuitatis</strong></span> <span class='ocrx_word' id='word_1_80' title='bbox 326 1598 398 1646; x_wconf 91' lang='lat' dir='ltr'><strong>cum</strong></span> <span class='ocrx_word' id='word_1_81' title='bbox 430 1580 515 1646; x_wconf 90' lang='lat' dir='ltr'><strong>omni</strong></span> <span class='ocrx_word' id='word_1_82' title='bbox 549 1599 681 1664; x_wconf 91' lang='lat' dir='ltr'><strong>precum</strong></span> <span class='ocrx_word' id='word_1_83' title='bbox 715 1580 877 1646; x_wconf 85' lang='lat' dir='ltr'><strong>instancia</strong></span> <span class='ocrx_word' id='word_1_84' title='bbox 906 1579 1072 1645; x_wconf 90' lang='lat' dir='ltr'><strong>humiliter</strong></span> <span class='ocrx_word' id='word_1_85' title='bbox 1105 1578 1337 1660; x_wconf 79' lang='lat' dir='ltr'><strong>supplicarunt,</strong></span> 
     </span>
     <span class='ocr_line' id='line_1_11' title="bbox 37 1691 1338 1775; baseline -0.001 -19"><span class='ocrx_word' id='word_1_86' title='bbox 37 1696 75 1756; x_wconf 91' lang='lat' dir='ltr'><strong>ut</strong></span> <span class='ocrx_word' id='word_1_87' title='bbox 94 1691 176 1773; x_wconf 91' lang='lat' dir='ltr'><strong>ipsis</strong></span> <span class='ocrx_word' id='word_1_88' title='bbox 192 1692 347 1775; x_wconf 88' lang='lat' dir='ltr'><strong>quasdam</strong></span> <span class='ocrx_word' id='word_1_89' title='bbox 370 1693 497 1760; x_wconf 84' lang='lat' dir='ltr'><strong>litteras</strong></span> <span class='ocrx_word' id='word_1_90' title='bbox 520 1695 607 1760; x_wconf 89' lang='lat' dir='ltr'><strong>clere</strong></span> <span class='ocrx_word' id='word_1_91' title='bbox 628 1695 783 1759; x_wconf 89' lang='lat' dir='ltr'><strong>memorie</strong></span> <span class='ocrx_word' id='word_1_92' title='bbox 805 1693 1021 1759; x_wconf 90' lang='lat' dir='ltr'><strong>illustrissimi</strong></span> <span class='ocrx_word' id='word_1_93' title='bbox 1044 1691 1213 1772; x_wconf 89' lang='lat' dir='ltr'><strong>Johannis,</strong></span> <span class='ocrx_word' id='word_1_94' title='bbox 1237 1709 1338 1774; x_wconf 91' lang='lat' dir='ltr'><strong>quon·</strong></span> 
     </span>
     <span class='ocr_line' id='line_1_12' title="bbox 37 1804 1339 1890; baseline 0.001 -22"><span class='ocrx_word' id='word_1_95' title='bbox 37 1804 114 1869; x_wconf 92' lang='lat' dir='ltr'><strong>dam</strong></span> <span class='ocrx_word' id='word_1_96' title='bbox 137 1804 293 1870; x_wconf 89' lang='lat' dir='ltr'><strong>Bohemie</strong></span> <span class='ocrx_word' id='word_1_97' title='bbox 306 1807 405 1888; x_wconf 85' lang='lat' dir='ltr'><strong>regis,</strong></span> <span class='ocrx_word' id='word_1_98' title='bbox 428 1809 586 1890; x_wconf 85' lang='lat' dir='ltr'><strong>genitoris</strong></span> <span class='ocrx_word' id='word_1_99' title='bbox 602 1809 705 1874; x_wconf 90' lang='lat' dir='ltr'><strong>nostri</strong></span> <span class='ocrx_word' id='word_1_100' title='bbox 721 1808 892 1887; x_wconf 87' lang='lat' dir='ltr'><strong>carissimi,</strong></span> <span class='ocrx_word' id='word_1_101' title='bbox 907 1843 949 1853; x_wconf 91' lang='lat'>—</span> <span class='ocrx_word' id='word_1_102' title='bbox 965 1805 1154 1873; x_wconf 88' lang='lat' dir='ltr'><strong>confirmare</strong></span> <span class='ocrx_word' id='word_1_103' title='bbox 1168 1842 1212 1853; x_wconf 90' lang='lat'>—</span> <span class='ocrx_word' id='word_1_104' title='bbox 1227 1805 1339 1887; x_wconf 88' lang='lat' dir='ltr'><strong>digna·</strong></span> 
     </span>
     <span class='ocr_line' id='line_1_13' title="bbox 36 1918 1338 2004; baseline 0.001 -22"><span class='ocrx_word' id='word_1_105' title='bbox 36 1936 158 1999; x_wconf 91' lang='lat' dir='ltr'><strong>remur,</strong></span> <span class='ocrx_word' id='word_1_106' title='bbox 181 1938 316 2002; x_wconf 90' lang='lat' dir='ltr'><strong>quarum</strong></span> <span class='ocrx_word' id='word_1_107' title='bbox 338 1925 432 1985; x_wconf 90' lang='lat' dir='ltr'><strong>tenor</strong></span> <span class='ocrx_word' id='word_1_108' title='bbox 453 1940 511 2004; x_wconf 90' lang='lat' dir='ltr'><strong>per</strong></span> <span class='ocrx_word' id='word_1_109' title='bbox 534 1922 641 1987; x_wconf 88' lang='lat' dir='ltr'><strong>omnis</strong></span> <span class='ocrx_word' id='word_1_110' title='bbox 664 1923 811 2003; x_wconf 88' lang='lat' dir='ltr'><strong>sequitur</strong></span> <span class='ocrx_word' id='word_1_111' title='bbox 827 1923 861 1988; x_wconf 93' lang='lat' dir='ltr'><strong>in</strong></span> <span class='ocrx_word' id='word_1_112' title='bbox 876 1922 936 1987; x_wconf 90' lang='lat' dir='ltr'><strong>hec</strong></span> <span class='ocrx_word' id='word_1_113' title='bbox 951 1920 1066 1985; x_wconf 81' lang='lat' dir='ltr'><strong>verba:</strong></span> <span class='ocrx_word' id='word_1_114' title='bbox 1089 1920 1157 1986; x_wconf 90' lang='lat' dir='ltr'><strong>Nos</strong></span> <span class='ocrx_word' id='word_1_115' title='bbox 1173 1918 1338 1985; x_wconf 89' lang='lat' dir='ltr'><strong>Johannes</strong></span> 
     </span>
     <span class='ocr_line' id='line_1_14' title="bbox 38 2032 1337 2118; baseline -0.001 -21"><span class='ocrx_word' id='word_1_116' title='bbox 38 2032 93 2097; x_wconf 90' lang='lat' dir='ltr'><strong>dei</strong></span> <span class='ocrx_word' id='word_1_117' title='bbox 116 2033 227 2114; x_wconf 85' lang='lat' dir='ltr'><strong>gracia</strong></span> <span class='ocrx_word' id='word_1_118' title='bbox 249 2033 405 2100; x_wconf 90' lang='lat' dir='ltr'><strong>Bohemie</strong></span> <span class='ocrx_word' id='word_1_119' title='bbox 427 2040 460 2100; x_wconf 86' lang='lat' dir='ltr'><strong>et</strong></span> <span class='ocrx_word' id='word_1_120' title='bbox 483 2034 613 2102; x_wconf 90' lang='lat' dir='ltr'><strong>Polonie</strong></span> <span class='ocrx_word' id='word_1_121' title='bbox 635 2053 692 2101; x_wconf 86' lang='lat' dir='ltr'><strong>rer</strong></span> <span class='ocrx_word' id='word_1_122' title='bbox 716 2054 755 2103; x_wconf 99' lang='lat' dir='ltr'><strong>ac</strong></span> <span class='ocrx_word' id='word_1_123' title='bbox 777 2035 1068 2118; x_wconf 90' lang='lat' dir='ltr'><strong>Lucembnrgensis</strong></span> <span class='ocrx_word' id='word_1_124' title='bbox 1092 2051 1197 2100; x_wconf 91' lang='lat' dir='ltr'><strong>comes</strong></span> <span class='ocrx_word' id='word_1_125' title='bbox 1227 2038 1337 2098; x_wconf 89' lang='lat' dir='ltr'><strong>notum</strong></span> 
     </span>
     <span class='ocr_line' id='line_1_15' title="bbox 38 2144 1338 2232; baseline 0 -22"><span class='ocrx_word' id='word_1_126' title='bbox 38 2144 177 2212; x_wconf 85' lang='lat' dir='ltr'><strong>iacimus</strong></span> <span class='ocrx_word' id='word_1_127' title='bbox 200 2146 372 2228; x_wconf 86' lang='lat' dir='ltr'><strong>universis,</strong></span> <span class='ocrx_word' id='word_1_128' title='bbox 387 2152 453 2213; x_wconf 90' lang='lat' dir='ltr'><strong>tam</strong></span> <span class='ocrx_word' id='word_1_129' title='bbox 468 2148 672 2231; x_wconf 88' lang='lat' dir='ltr'><strong>presentibus</strong></span> <span class='ocrx_word' id='word_1_130' title='bbox 689 2168 785 2231; x_wconf 89' lang='lat' dir='ltr'><strong>quam</strong></span> <span class='ocrx_word' id='word_1_131' title='bbox 799 2148 927 2231; x_wconf 85' lang='lat' dir='ltr'><strong>futuris,</strong></span> <span class='ocrx_word' id='word_1_132' title='bbox 942 2148 1028 2232; x_wconf 90' lang='lat' dir='ltr'><strong>quod</strong></span> <span class='ocrx_word' id='word_1_133' title='bbox 1044 2148 1188 2214; x_wconf 85' lang='lat' dir='ltr'><strong>volentes</strong></span> <span class='ocrx_word' id='word_1_134' title='bbox 1202 2146 1338 2212; x_wconf 90' lang='lat' dir='ltr'><strong>dilectos</strong></span> 
     </span>
     <span class='ocr_line' id='line_1_16' title="bbox 39 2258 1340 2343; baseline 0 -21"><span class='ocrx_word' id='word_1_135' title='bbox 39 2258 133 2323; x_wconf 94' lang='lat' dir='ltr'><strong>nobis</strong></span> <span class='ocrx_word' id='word_1_136' title='bbox 168 2258 338 2324; x_wconf 87' lang='lat' dir='ltr'><strong>universos</strong></span> <span class='ocrx_word' id='word_1_137' title='bbox 367 2278 406 2326; x_wconf 90' lang='lat' dir='ltr'><strong>ac</strong></span> <span class='ocrx_word' id='word_1_138' title='bbox 436 2261 581 2343; x_wconf 88' lang='lat' dir='ltr'><strong>singulos</strong></span> <span class='ocrx_word' id='word_1_139' title='bbox 616 2263 705 2328; x_wconf 93' lang='lat' dir='ltr'><strong>ciues</strong></span> <span class='ocrx_word' id='word_1_140' title='bbox 739 2263 883 2328; x_wconf 88' lang='lat' dir='ltr'><strong>ciuitatis</strong></span> <span class='ocrx_word' id='word_1_141' title='bbox 916 2267 1027 2328; x_wconf 89' lang='lat' dir='ltr'><strong>nostre</strong></span> <span class='ocrx_word' id='word_1_142' title='bbox 1055 2258 1340 2328; x_wconf 80' lang='lat' dir='ltr'><strong>Schlsclrenwerde</strong></span> 
     </span>
     <span class='ocr_line' id='line_1_17' title="bbox 37 2371 1338 2457; baseline 0 -21"><span class='ocrx_word' id='word_1_143' title='bbox 37 2371 133 2453; x_wconf 91' lang='lat' dir='ltr'><strong>bona,</strong></span> <span class='ocrx_word' id='word_1_144' title='bbox 170 2390 233 2453; x_wconf 90' lang='lat' dir='ltr'><strong>que</strong></span> <span class='ocrx_word' id='word_1_145' title='bbox 255 2390 340 2438; x_wconf 92' lang='lat' dir='ltr'><strong>nunc</strong></span> <span class='ocrx_word' id='word_1_146' title='bbox 362 2372 403 2437; x_wconf 93' lang='lat' dir='ltr'><strong>ad</strong></span> <span class='ocrx_word' id='word_1_147' title='bbox 434 2373 570 2439; x_wconf 90' lang='lat' dir='ltr'><strong>eandem</strong></span> <span class='ocrx_word' id='word_1_148' title='bbox 600 2375 768 2440; x_wconf 87' lang='lat' dir='ltr'><strong>ciuitatem</strong></span> <span class='ocrx_word' id='word_1_149' title='bbox 798 2378 946 2457; x_wconf 87' lang='lat' dir='ltr'><strong>spectant</strong></span> <span class='ocrx_word' id='word_1_150' title='bbox 976 2378 1100 2456; x_wconf 88' lang='lat' dir='ltr'><strong>etque</strong></span> <span class='ocrx_word' id='word_1_151' title='bbox 1130 2375 1165 2438; x_wconf 92' lang='lat' dir='ltr'><strong>in</strong></span> <span class='ocrx_word' id='word_1_152' title='bbox 1194 2372 1338 2438; x_wconf 84' lang='lat' dir='ltr'><strong>futurum</strong></span> 
     </span>
     <span class='ocr_line' id='line_1_18' title="bbox 39 2486 1338 2570; baseline 0.001 -20"><span class='ocrx_word' id='word_1_153' title='bbox 39 2490 193 2567; x_wconf 86' lang='lat' dir='ltr'><strong>poterunt</strong></span> <span class='ocrx_word' id='word_1_154' title='bbox 204 2486 376 2567; x_wconf 90' lang='lat' dir='ltr'><strong>pertinere,</strong></span> <span class='ocrx_word' id='word_1_155' title='bbox 393 2486 452 2552; x_wconf 92' lang='lat' dir='ltr'><strong>sub</strong></span> <span class='ocrx_word' id='word_1_156' title='bbox 468 2493 555 2553; x_wconf 91' lang='lat' dir='ltr'><strong>certe</strong></span> <span class='ocrx_word' id='word_1_157' title='bbox 569 2487 789 2555; x_wconf 88' lang='lat' dir='ltr'><strong>distinctionis</strong></span> <span class='ocrx_word' id='word_1_158' title='bbox 802 2488 1017 2555; x_wconf 81' lang='lat' dir='ltr'><strong>absolutionis</strong></span> <span class='ocrx_word' id='word_1_159' title='bbox 1033 2487 1146 2570; x_wconf 88' lang='lat' dir='ltr'><strong>regula</strong></span> <span class='ocrx_word' id='word_1_160' title='bbox 1162 2486 1338 2569; x_wconf 91' lang='lat' dir='ltr'><strong>possidere,</strong></span> 
     </span>
     <span class='ocr_line' id='line_1_19' title="bbox 39 2598 1338 2686; baseline 0.002 -24"><span class='ocrx_word' id='word_1_161' title='bbox 39 2598 215 2664; x_wconf 88' lang='lat' dir='ltr'><strong>statuimus</strong></span> <span class='ocrx_word' id='word_1_162' title='bbox 239 2605 271 2665; x_wconf 89' lang='lat' dir='ltr'><strong>et</strong></span> <span class='ocrx_word' id='word_1_163' title='bbox 293 2600 451 2681; x_wconf 88' lang='lat' dir='ltr'><strong>volumus,</strong></span> <span class='ocrx_word' id='word_1_164' title='bbox 482 2601 568 2682; x_wconf 91' lang='lat' dir='ltr'><strong>quod</strong></span> <span class='ocrx_word' id='word_1_165' title='bbox 590 2602 655 2684; x_wconf 92' lang='lat' dir='ltr'><strong>ipsi</strong></span> <span class='ocrx_word' id='word_1_166' title='bbox 687 2602 786 2684; x_wconf 90' lang='lat' dir='ltr'><strong>ciues,</strong></span> <span class='ocrx_word' id='word_1_167' title='bbox 817 2603 872 2686; x_wconf 92' lang='lat' dir='ltr'><strong>qui</strong></span> <span class='ocrx_word' id='word_1_168' title='bbox 903 2602 1071 2685; x_wconf 90' lang='lat' dir='ltr'><strong>hucusque</strong></span> <span class='ocrx_word' id='word_1_169' title='bbox 1100 2601 1141 2667; x_wconf 92' lang='lat' dir='ltr'><strong>de</strong></span> <span class='ocrx_word' id='word_1_170' title='bbox 1170 2600 1274 2666; x_wconf 89' lang='lat' dir='ltr'><strong>laneis</strong></span> <span class='ocrx_word' id='word_1_171' title='bbox 1297 2599 1338 2665; x_wconf 89' lang='lat' dir='ltr'><strong>ad</strong></span> 
     </span>
     <span class='ocr_line' id='line_1_20' title="bbox 39 2711 1340 2796; baseline 0.003 -21"><span class='ocrx_word' id='word_1_172' title='bbox 39 2711 145 2793; x_wconf 93' lang='lat' dir='ltr'><strong>ipsam</strong></span> <span class='ocrx_word' id='word_1_173' title='bbox 170 2712 337 2778; x_wconf 87' lang='lat' dir='ltr'><strong>ciuitatem</strong></span> <span class='ocrx_word' id='word_1_174' title='bbox 371 2714 608 2796; x_wconf 89' lang='lat' dir='ltr'><strong>pertinentibus</strong></span> <span class='ocrx_word' id='word_1_175' title='bbox 641 2714 799 2781; x_wconf 88' lang='lat' dir='ltr'><strong>decimam</strong></span> <span class='ocrx_word' id='word_1_176' title='bbox 822 2715 899 2782; x_wconf 89' lang='lat' dir='ltr'><strong>dare</strong></span> <span class='ocrx_word' id='word_1_177' title='bbox 921 2720 1169 2796; x_wconf 84' lang='lat' dir='ltr'><strong>consonuerunt,</strong></span> <span class='ocrx_word' id='word_1_178' title='bbox 1200 2713 1340 2796; x_wconf 83' lang='lat' dir='ltr'><strong>exempti</strong></span> 
     </span>
     <span class='ocr_line' id='line_1_21' title="bbox 39 2824 1340 2912; baseline 0.003 -23"><span class='ocrx_word' id='word_1_179' title='bbox 39 2842 77 2890; x_wconf 89' lang='lat' dir='ltr'><strong>ac</strong></span> <span class='ocrx_word' id='word_1_180' title='bbox 108 2824 250 2891; x_wconf 90' lang='lat' dir='ltr'><strong>absoluti</strong></span> <span class='ocrx_word' id='word_1_181' title='bbox 284 2827 432 2894; x_wconf 90' lang='lat' dir='ltr'><strong>ammodo</strong></span> <span class='ocrx_word' id='word_1_182' title='bbox 463 2828 608 2911; x_wconf 93' lang='lat' dir='ltr'><strong>deipsis</strong></span> <span class='ocrx_word' id='word_1_183' title='bbox 638 2828 784 2910; x_wconf 86' lang='lat' dir='ltr'><strong>decimis,</strong></span> <span class='ocrx_word' id='word_1_184' title='bbox 818 2828 860 2895; x_wconf 91' lang='lat' dir='ltr'><strong>de</strong></span> <span class='ocrx_word' id='word_1_185' title='bbox 889 2829 1033 2912; x_wconf 88' lang='lat' dir='ltr'><strong>quolibet</strong></span> <span class='ocrx_word' id='word_1_186' title='bbox 1064 2829 1219 2895; x_wconf 85' lang='lat' dir='ltr'><strong>uidelicet</strong></span> <span class='ocrx_word' id='word_1_187' title='bbox 1246 2829 1340 2894; x_wconf 94' lang='lat' dir='ltr'><strong>laneo</strong></span> 
     </span>
     <span class='ocr_line' id='line_1_22' title="bbox 39 2939 1339 3027; baseline 0.002 -24"><span class='ocrx_word' id='word_1_188' title='bbox 39 2939 181 3005; x_wconf 90' lang='lat' dir='ltr'><strong>mediam</strong></span> <span class='ocrx_word' id='word_1_189' title='bbox 215 2959 355 3007; x_wconf 90' lang='lat' dir='ltr'><strong>marcam</strong></span> <span class='ocrx_word' id='word_1_190' title='bbox 385 2961 570 3024; x_wconf 85' lang='lat' dir='ltr'><strong>grossorum</strong></span> <span class='ocrx_word' id='word_1_191' title='bbox 604 2943 810 3009; x_wconf 88' lang='lat' dir='ltr'><strong>denariorum</strong></span> <span class='ocrx_word' id='word_1_192' title='bbox 842 2945 1060 3027; x_wconf 81' lang='lat' dir='ltr'><strong>pragensium,</strong></span> <span class='ocrx_word' id='word_1_193' title='bbox 1096 2948 1192 3026; x_wconf 87' lang='lat' dir='ltr'><strong>prout</strong></span> <span class='ocrx_word' id='word_1_194' title='bbox 1222 2943 1339 3009; x_wconf 87' lang='lat' dir='ltr'><strong>ciuitas</strong></span> 
     </span>
     <span class='ocr_line' id='line_1_23' title="bbox 39 3053 1340 3138; baseline 0.003 -21"><span class='ocrx_word' id='word_1_195' title='bbox 39 3059 153 3118; x_wconf 84' lang='lat' dir='ltr'><strong>nostra</strong></span> <span class='ocrx_word' id='word_1_196' title='bbox 175 3053 326 3120; x_wconf 86' lang='lat' dir='ltr'><strong>Sacensis</strong></span> <span class='ocrx_word' id='word_1_197' title='bbox 350 3053 406 3119; x_wconf 87' lang='lat' dir='ltr'><strong>dat</strong></span> <span class='ocrx_word' id='word_1_198' title='bbox 428 3060 461 3120; x_wconf 88' lang='lat' dir='ltr'><strong>et</strong></span> <span class='ocrx_word' id='word_1_199' title='bbox 483 3055 561 3121; x_wconf 91' lang='lat' dir='ltr'><strong>dare</strong></span> <span class='ocrx_word' id='word_1_200' title='bbox 584 3061 634 3121; x_wconf 88' lang='lat' dir='ltr'><strong>est</strong></span> <span class='ocrx_word' id='word_1_201' title='bbox 656 3057 762 3138; x_wconf 89' lang='lat' dir='ltr'><strong>solita,</strong></span> <span class='ocrx_word' id='word_1_202' title='bbox 786 3056 878 3122; x_wconf 92' lang='lat' dir='ltr'><strong>nobis</strong></span> <span class='ocrx_word' id='word_1_203' title='bbox 902 3061 934 3121; x_wconf 89' lang='lat' dir='ltr'><strong>et</strong></span> <span class='ocrx_word' id='word_1_204' title='bbox 956 3056 1128 3122; x_wconf 88' lang='lat' dir='ltr'><strong>heredibus</strong></span> <span class='ocrx_word' id='word_1_205' title='bbox 1151 3075 1190 3123; x_wconf 92' lang='lat' dir='ltr'><strong>ac</strong></span> <span class='ocrx_word' id='word_1_206' title='bbox 1213 3074 1340 3122; x_wconf 91' lang='lat' dir='ltr'><strong>succes-</strong></span> 
     </span>
     <span class='ocr_line' id='line_1_24' title="bbox 40 3165 1340 3251; baseline 0.002 -20"><span class='ocrx_word' id='word_1_207' title='bbox 40 3165 170 3232; x_wconf 89' lang='lat' dir='ltr'><strong>soribus</strong></span> <span class='ocrx_word' id='word_1_208' title='bbox 193 3167 324 3248; x_wconf 89' lang='lat' dir='ltr'><strong>nostris,</strong></span> <span class='ocrx_word' id='word_1_209' title='bbox 347 3167 478 3249; x_wconf 86' lang='lat' dir='ltr'><strong>regibus</strong></span> <span class='ocrx_word' id='word_1_210' title='bbox 495 3168 658 3251; x_wconf 92' lang='lat' dir='ltr'><strong>Bohemie,</strong></span> <span class='ocrx_word' id='word_1_211' title='bbox 683 3188 799 3237; x_wconf 91' lang='lat' dir='ltr'><strong>census</strong></span> <span class='ocrx_word' id='word_1_212' title='bbox 815 3170 944 3235; x_wconf 92' lang='lat' dir='ltr'><strong>nomine</strong></span> <span class='ocrx_word' id='word_1_213' title='bbox 959 3169 1037 3235; x_wconf 87' lang='lat' dir='ltr'><strong>dare</strong></span> <span class='ocrx_word' id='word_1_214' title='bbox 1052 3189 1089 3235; x_wconf 90' lang='lat' dir='ltr'><strong>ac</strong></span> <span class='ocrx_word' id='word_1_215' title='bbox 1105 3170 1232 3235; x_wconf 87' lang='lat' dir='ltr'><strong>soluere</strong></span> <span class='ocrx_word' id='word_1_216' title='bbox 1246 3171 1340 3235; x_wconf 89' lang='lat' dir='ltr'><strong>annis</strong></span> 
     </span>
     <span class='ocr_line' id='line_1_25' title="bbox 40 3279 1337 3366; baseline 0.004 -22"><span class='ocrx_word' id='word_1_217' title='bbox 40 3279 182 3362; x_wconf 85' lang='lat' dir='ltr'><strong>singulis</strong></span> <span class='ocrx_word' id='word_1_218' title='bbox 204 3286 359 3363; x_wconf 86' lang='lat' dir='ltr'><strong>perpetuo</strong></span> <span class='ocrx_word' id='word_1_219' title='bbox 389 3287 568 3348; x_wconf 91' lang='lat' dir='ltr'><strong>teneantur.</strong></span> <span class='ocrx_word' id='word_1_220' title='bbox 608 3285 760 3350; x_wconf 87' lang='lat' dir='ltr'><strong>Preterea</strong></span> <span class='ocrx_word' id='word_1_221' title='bbox 783 3282 917 3366; x_wconf 85' lang='lat' dir='ltr'><strong>prelatis</strong></span> <span class='ocrx_word' id='word_1_222' title='bbox 948 3284 1075 3349; x_wconf 93' lang='lat' dir='ltr'><strong>ciuibus</strong></span> <span class='ocrx_word' id='word_1_223' title='bbox 1098 3285 1245 3366; x_wconf 88' lang='lat' dir='ltr'><strong>graciose</strong></span> <span class='ocrx_word' id='word_1_224' title='bbox 1267 3303 1337 3349; x_wconf 89' lang='lat' dir='ltr'><strong>con·</strong></span> 
     </span>
     <span class='ocr_line' id='line_1_26' title="bbox 40 3393 1342 3479; baseline 0.002 -21"><span class='ocrx_word' id='word_1_225' title='bbox 40 3394 188 3459; x_wconf 90' lang='lat' dir='ltr'><strong>cedimus</strong></span> <span class='ocrx_word' id='word_1_226' title='bbox 219 3399 252 3458; x_wconf 87' lang='lat' dir='ltr'><strong>et</strong></span> <span class='ocrx_word' id='word_1_227' title='bbox 280 3393 437 3476; x_wconf 75' lang='lat' dir='ltr'><strong>fauemuS,</strong></span> <span class='ocrx_word' id='word_1_228' title='bbox 469 3398 553 3478; x_wconf 87' lang='lat' dir='ltr'><strong>quod</strong></span> <span class='ocrx_word' id='word_1_229' title='bbox 576 3415 596 3461; x_wconf 93' lang='lat' dir='ltr'><strong>a</strong></span> <span class='ocrx_word' id='word_1_230' title='bbox 619 3397 780 3462; x_wconf 93' lang='lat' dir='ltr'><strong>nobilibus</strong></span> <span class='ocrx_word' id='word_1_231' title='bbox 812 3397 1122 3463; x_wconf 90' lang='lat' dir='ltr'><strong>circumsedentibus</strong></span> <span class='ocrx_word' id='word_1_232' title='bbox 1151 3396 1236 3462; x_wconf 92' lang='lat' dir='ltr'><strong>bona</strong></span> <span class='ocrx_word' id='word_1_233' title='bbox 1265 3415 1342 3479; x_wconf 87' lang='lat' dir='ltr'><strong>que·</strong></span> 
     </span>
     <span class='ocr_line' id='line_1_27' title="bbox 41 3509 1343 3592; baseline 0.001 -20"><span class='ocrx_word' id='word_1_234' title='bbox 41 3525 180 3588; x_wconf 88' lang='lat' dir='ltr'><strong>cunque,</strong></span> <span class='ocrx_word' id='word_1_235' title='bbox 212 3512 403 3572; x_wconf 88' lang='lat' dir='ltr'><strong>nontamen</strong></span> <span class='ocrx_word' id='word_1_236' title='bbox 434 3511 567 3590; x_wconf 88' lang='lat' dir='ltr'><strong>regalia,</strong></span> <span class='ocrx_word' id='word_1_237' title='bbox 599 3512 725 3592; x_wconf 86' lang='lat' dir='ltr'><strong>possint</strong></span> <span class='ocrx_word' id='word_1_238' title='bbox 747 3510 788 3575; x_wconf 90' lang='lat' dir='ltr'><strong>ad</strong></span> <span class='ocrx_word' id='word_1_239' title='bbox 812 3511 932 3576; x_wconf 84' lang='lat' dir='ltr'><strong>dictam</strong></span> <span class='ocrx_word' id='word_1_240' title='bbox 962 3512 1128 3576; x_wconf 87' lang='lat' dir='ltr'><strong>ciuitatem</strong></span> <span class='ocrx_word' id='word_1_241' title='bbox 1150 3509 1343 3576; x_wconf 87' lang='lat' dir='ltr'><strong>Schlackcu·</strong></span> 
     </span>
     <span class='ocr_line' id='line_1_28' title="bbox 40 3619 1342 3705; baseline 0.002 -20"><span class='ocrx_word' id='word_1_242' title='bbox 40 3619 148 3685; x_wconf 85' lang='lat' dir='ltr'><strong>werde</strong></span> <span class='ocrx_word' id='word_1_243' title='bbox 172 3638 371 3702; x_wconf 86' lang='lat' dir='ltr'><strong>comparare,</strong></span> <span class='ocrx_word' id='word_1_244' title='bbox 403 3622 449 3686; x_wconf 84' lang='lat' dir='ltr'><strong>ita</strong></span> <span class='ocrx_word' id='word_1_245' title='bbox 472 3621 567 3702; x_wconf 87' lang='lat' dir='ltr'><strong>quod,</strong></span> <span class='ocrx_word' id='word_1_246' title='bbox 588 3629 757 3705; x_wconf 89' lang='lat' dir='ltr'><strong>postquem</strong></span> <span class='ocrx_word' id='word_1_247' title='bbox 781 3643 819 3688; x_wconf 92' lang='lat' dir='ltr'><strong>ea</strong></span> <span class='ocrx_word' id='word_1_248' title='bbox 849 3625 995 3704; x_wconf 87' lang='lat' dir='ltr'><strong>emerint,</strong></span> <span class='ocrx_word' id='word_1_249' title='bbox 1027 3623 1119 3690; x_wconf 91' lang='lat' dir='ltr'><strong>nobis</strong></span> <span class='ocrx_word' id='word_1_250' title='bbox 1149 3623 1190 3688; x_wconf 90' lang='lat' dir='ltr'><strong>de</strong></span> <span class='ocrx_word' id='word_1_251' title='bbox 1220 3624 1342 3689; x_wconf 90' lang='lat' dir='ltr'><strong>eisdem</strong></span> 
     </span>
     <span class='ocr_line' id='line_1_29' title="bbox 40 3734 1344 3817; baseline 0 -17"><span class='ocrx_word' id='word_1_252' title='bbox 40 3735 172 3800; x_wconf 89' lang='lat' dir='ltr'><strong>soluant</strong></span> <span class='ocrx_word' id='word_1_253' title='bbox 195 3752 326 3799; x_wconf 91' lang='lat' dir='ltr'><strong>censum</strong></span> <span class='ocrx_word' id='word_1_254' title='bbox 349 3739 381 3798; x_wconf 86' lang='lat' dir='ltr'><strong>et</strong></span> <span class='ocrx_word' id='word_1_255' title='bbox 404 3734 513 3800; x_wconf 87' lang='lat' dir='ltr'><strong>debita</strong></span> <span class='ocrx_word' id='word_1_256' title='bbox 536 3737 676 3800; x_wconf 86' lang='lat' dir='ltr'><strong>seruicia</strong></span> <span class='ocrx_word' id='word_1_257' title='bbox 699 3736 820 3801; x_wconf 84' lang='lat' dir='ltr'><strong>iaciant</strong></span> <span class='ocrx_word' id='word_1_258' title='bbox 836 3756 891 3801; x_wconf 91' lang='lat' dir='ltr'><strong>scu</strong></span> <span class='ocrx_word' id='word_1_259' title='bbox 909 3737 1089 3817; x_wconf 86' lang='lat' dir='ltr'><strong>exhibeant,</strong></span> <span class='ocrx_word' id='word_1_260' title='bbox 1113 3738 1197 3802; x_wconf 90' lang='lat' dir='ltr'><strong>sicut</strong></span> <span class='ocrx_word' id='word_1_261' title='bbox 1213 3738 1344 3802; x_wconf 89' lang='lat' dir='ltr'><strong>soluunt</strong></span> 
     </span>
     <span class='ocr_line' id='line_1_30' title="bbox 40 3846 1341 3916; baseline 0.002 -5"><span class='ocrx_word' id='word_1_262' title='bbox 40 3866 78 3913; x_wconf 94' lang='lat' dir='ltr'><strong>ac</strong></span> <span class='ocrx_word' id='word_1_263' title='bbox 101 3846 228 3912; x_wconf 84' lang='lat' dir='ltr'><strong>faciunt</strong></span> <span class='ocrx_word' id='word_1_264' title='bbox 249 3865 287 3913; x_wconf 91' lang='lat' dir='ltr'><strong>ao</strong></span> <span class='ocrx_word' id='word_1_265' title='bbox 318 3849 444 3914; x_wconf 87' lang='lat' dir='ltr'><strong>solvere</strong></span> <span class='ocrx_word' id='word_1_266' title='bbox 467 3855 499 3914; x_wconf 85' lang='lat' dir='ltr'><strong>et</strong></span> <span class='ocrx_word' id='word_1_267' title='bbox 526 3849 633 3914; x_wconf 88' lang='lat' dir='ltr'><strong>facere</strong></span> <span class='ocrx_word' id='word_1_268' title='bbox 662 3854 813 3914; x_wconf 88' lang='lat' dir='ltr'><strong>tenentur</strong></span> <span class='ocrx_word' id='word_1_269' title='bbox 836 3851 876 3914; x_wconf 89' lang='lat' dir='ltr'><strong>de</strong></span> <span class='ocrx_word' id='word_1_270' title='bbox 906 3851 981 3915; x_wconf 91' lang='lat' dir='ltr'><strong>aliis</strong></span> <span class='ocrx_word' id='word_1_271' title='bbox 1011 3850 1105 3916; x_wconf 90' lang='lat' dir='ltr'><strong>bonis</strong></span> <span class='ocrx_word' id='word_1_272' title='bbox 1134 3849 1176 3914; x_wconf 93' lang='lat' dir='ltr'><strong>ad</strong></span> <span class='ocrx_word' id='word_1_273' title='bbox 1207 3849 1341 3915; x_wconf 92' lang='lat' dir='ltr'><strong>eandem</strong></span> 
     </span>
     <span class='ocr_line' id='line_1_31' title="bbox 39 3959 1342 4046; baseline 0.004 -22"><span class='ocrx_word' id='word_1_274' title='bbox 39 3959 279 4042; x_wconf 86' lang='lat' dir='ltr'><strong>pcrtinentibus</strong></span> <span class='ocrx_word' id='word_1_275' title='bbox 311 3962 487 4028; x_wconf 87' lang='lat' dir='ltr'><strong>ciuitatem.</strong></span> <span class='ocrx_word' id='word_1_276' title='bbox 535 3963 571 4027; x_wconf 91' lang='lat' dir='ltr'><strong>ln</strong></span> <span class='ocrx_word' id='word_1_277' title='bbox 596 3964 687 4028; x_wconf 91' lang='lat' dir='ltr'><strong>cuius</strong></span> <span class='ocrx_word' id='word_1_278' title='bbox 711 3964 759 4028; x_wconf 91' lang='lat' dir='ltr'><strong>rei</strong></span> <span class='ocrx_word' id='word_1_279' title='bbox 789 3964 1009 4029; x_wconf 90' lang='lat' dir='ltr'><strong>testimonium</strong></span> <span class='ocrx_word' id='word_1_280' title='bbox 1041 3968 1207 4046; x_wconf 89' lang='lat' dir='ltr'><strong>presentes</strong></span> <span class='ocrx_word' id='word_1_281' title='bbox 1230 3963 1342 4029; x_wconf 87' lang='lat' dir='ltr'><strong>literas</strong></span> 
     </span>
     <span class='ocr_line' id='line_1_32' title="bbox 40 4072 1341 4157; baseline 0.003 -18"><span class='ocrx_word' id='word_1_282' title='bbox 40 4072 113 4139; x_wconf 85' lang='lat' dir='ltr'><strong>lieri</strong></span> <span class='ocrx_word' id='word_1_283' title='bbox 137 4079 170 4138; x_wconf 90' lang='lat' dir='ltr'><strong>et</strong></span> <span class='ocrx_word' id='word_1_284' title='bbox 192 4074 300 4157; x_wconf 86' lang='lat' dir='ltr'><strong>sigillo</strong></span> <span class='ocrx_word' id='word_1_285' title='bbox 323 4082 434 4140; x_wconf 87' lang='lat' dir='ltr'><strong>nostro</strong></span> <span class='ocrx_word' id='word_1_286' title='bbox 464 4076 582 4141; x_wconf 91' lang='lat' dir='ltr'><strong>maiori</strong></span> <span class='ocrx_word' id='word_1_287' title='bbox 614 4074 749 4141; x_wconf 86' lang='lat' dir='ltr'><strong>lecimus</strong></span> <span class='ocrx_word' id='word_1_288' title='bbox 773 4077 972 4142; x_wconf 90' lang='lat' dir='ltr'><strong>communiri.</strong></span> <span class='ocrx_word' id='word_1_289' title='bbox 1012 4076 1132 4142; x_wconf 88' lang='lat' dir='ltr'><strong>Datum</strong></span> <span class='ocrx_word' id='word_1_290' title='bbox 1155 4078 1236 4143; x_wconf 87' lang='lat' dir='ltr'><strong>Tust</strong></span> <span class='ocrx_word' id='word_1_291' title='bbox 1257 4095 1341 4143; x_wconf 91' lang='lat' dir='ltr'><strong>anuo</strong></span> 
     </span>
     <span class='ocr_line' id='line_1_33' title="bbox 37 4188 1343 4271; baseline 0.002 -17"><span class='ocrx_word' id='word_1_292' title='bbox 37 4188 252 4254; x_wconf 87' lang='lat' dir='ltr'><strong>anatiuitate</strong></span> <span class='ocrx_word' id='word_1_293' title='bbox 274 4188 395 4255; x_wconf 92' lang='lat' dir='ltr'><strong>domini</strong></span> <span class='ocrx_word' id='word_1_294' title='bbox 412 4189 583 4254; x_wconf 92' lang='lat' dir='ltr'><strong>millesimo</strong></span> <span class='ocrx_word' id='word_1_295' title='bbox 606 4189 834 4254; x_wconf 86' lang='lat' dir='ltr'><strong>trecentesimo</strong></span> <span class='ocrx_word' id='word_1_296' title='bbox 859 4189 1026 4255; x_wconf 86' lang='lat' dir='ltr'><strong>tricesimo</strong></span> <span class='ocrx_word' id='word_1_297' title='bbox 1049 4190 1164 4271; x_wconf 91' lang='lat' dir='ltr'><strong>primo,</strong></span> <span class='ocrx_word' id='word_1_298' title='bbox 1180 4189 1343 4257; x_wconf 92' lang='lat' dir='ltr'><strong>dominica</strong></span> 
     </span>
     <span class='ocr_line' id='line_1_34' title="bbox 37 4301 1343 4386; baseline -0.001 -17"><span class='ocrx_word' id='word_1_299' title='bbox 37 4304 94 4369; x_wconf 88' lang='lat' dir='ltr'><strong>die</strong></span> <span class='ocrx_word' id='word_1_300' title='bbox 118 4308 194 4384; x_wconf 89' lang='lat' dir='ltr'><strong>post</strong></span> <span class='ocrx_word' id='word_1_301' title='bbox 215 4304 474 4383; x_wconf 88' lang='lat' dir='ltr'><strong>assumpcionem</strong></span> <span class='ocrx_word' id='word_1_302' title='bbox 497 4302 601 4365; x_wconf 91' lang='lat' dir='ltr'><strong>Marie</strong></span> <span class='ocrx_word' id='word_1_303' title='bbox 624 4302 761 4382; x_wconf 84' lang='lat' dir='ltr'><strong>virginis</strong></span> <span class='ocrx_word' id='word_1_304' title='bbox 786 4303 972 4382; x_wconf 80' lang='lat' dir='ltr'><strong>proxima.*)</strong></span> <span class='ocrx_word' id='word_1_305' title='bbox 997 4301 1065 4368; x_wconf 90' lang='lat' dir='ltr'><strong>Nos</strong></span> <span class='ocrx_word' id='word_1_306' title='bbox 1090 4303 1191 4384; x_wconf 88' lang='lat' dir='ltr'><strong>igitur</strong></span> <span class='ocrx_word' id='word_1_307' title='bbox 1213 4302 1255 4368; x_wconf 91' lang='lat' dir='ltr'><strong>ad</strong></span> <span class='ocrx_word' id='word_1_308' title='bbox 1271 4322 1343 4386; x_wconf 90' lang='lat' dir='ltr'><strong>pre-</strong></span> 
     </span>
     <span class='ocr_line' id='line_1_35' title="bbox 36 4414 1341 4492; baseline 0.001 -12"><span class='ocrx_word' id='word_1_309' title='bbox 36 4415 203 4480; x_wconf 88' lang='lat' dir='ltr'><strong>dictorum</strong></span> <span class='ocrx_word' id='word_1_310' title='bbox 233 4414 361 4492; x_wconf 91' lang='lat' dir='ltr'><strong>iudicis,</strong></span> <span class='ocrx_word' id='word_1_311' title='bbox 394 4414 572 4478; x_wconf 86' lang='lat' dir='ltr'><strong>iuratorum</strong></span> <span class='ocrx_word' id='word_1_312' title='bbox 596 4420 625 4478; x_wconf 85' lang='lat' dir='ltr'><strong>et</strong></span> <span class='ocrx_word' id='word_1_313' title='bbox 651 4416 873 4479; x_wconf 74' lang='lat' dir='ltr'><strong>uniuersitatis</strong></span> <span class='ocrx_word' id='word_1_314' title='bbox 897 4417 1042 4480; x_wconf 84' lang='lat' dir='ltr'><strong>ciuitatis</strong></span> <span class='ocrx_word' id='word_1_315' title='bbox 1077 4415 1341 4482; x_wconf 85' lang='lat' dir='ltr'><strong>Schlackenwerd</strong></span> 
     </span>
    </p>
   </div>
   <div class='ocr_carea' id='block_1_3' title="bbox 146 4654 708 4725">
    <p class='ocr_par' dir='ltr' id='par_1_3' title="bbox 146 4654 708 4725">
     <span class='ocr_line' id='line_1_36' title="bbox 146 4654 708 4725; baseline -0.005 -17"><span class='ocrx_word' id='word_1_316' title='bbox 146 4655 172 4724; x_wconf 82' lang='grc'><strong>*)</strong></span> <span class='ocrx_word' id='word_1_317' title='bbox 192 4654 218 4709; x_wconf 90' lang='lat' dir='ltr'><strong>d.</strong></span> <span class='ocrx_word' id='word_1_318' title='bbox 237 4671 253 4708; x_wconf 82' lang='lat' dir='ltr'><strong>r</strong></span> <span class='ocrx_word' id='word_1_319' title='bbox 270 4654 457 4710; x_wconf 80' lang='lat' dir='ltr'><strong>Domailiclch</strong></span> <span class='ocrx_word' id='word_1_320' title='bbox 479 4661 509 4709; x_wconf 88' lang='lat'><strong>18</strong></span> <span class='ocrx_word' id='word_1_321' title='bbox 529 4672 614 4725; x_wconf 92' lang='lat' dir='ltr'><strong>srpna</strong></span> <span class='ocrx_word' id='word_1_322' title='bbox 636 4659 708 4707; x_wconf 85' lang='lat'>1331.</span> 
     </span>
    </p>
   </div>
   <div class='ocr_carea' id='block_1_4' title="bbox 0 0 1559 5392">
    <p class='ocr_par' dir='ltr' id='par_1_4' title="bbox 0 0 1559 5392">
     <span class='ocr_line' id='line_1_37' title="bbox 0 0 1559 5392; baseline 0 0"><span class='ocrx_word' id='word_1_323' title='bbox 0 0 1559 5392; x_wconf 95' lang='lat' dir='ltr'><strong> </strong></span> 
     </span>
    </p>
   </div>
  </div>
 </body>
</html>
