3150 5378
680 464 756 515 rtoa.
1299 465 1361 533 977

63 674 151 756 pella
173 673 319 756 predicte
344 691 440 738 vnum
463 690 579 756 corpus
605 675 823 753 censerentur,
855 672 1003 757 quodque
1034 672 1183 742 cedente.
1198 673 1255 739 uel
1274 673 1367 769 deac-

66 787 165 852 dente
188 791 313 854 rectore
328 787 540 870 parrochialis
557 787 704 869 ecclesie,
728 787 784 868 qui
799 791 877 853 tunc
899 792 979 869 erat,
1002 787 1056 852 uel
1071 786 1175 869 ipsam
1196 785 1367 854 ecclesiam

63 902 148 966 alias
172 900 410 984 quomodolibet
433 901 625 982 dimittente,
657 900 810 982 deinceps
833 900 999 984 perpetuis
1022 896 1141 966 futuris
1168 899 1366 981 temporibus

63 1013 184 1096 prefati
207 1013 339 1095 opidani
361 1013 402 1080 ad
426 1014 530 1095 ipsam
553 1013 770 1095 parochialem
794 1013 972 1094 ecclesiam,
990 1012 1270 1096 quocienscunque
1294 1031 1365 1080 earn

63 1145 183 1193 uacare
205 1127 416 1210 contingeret,
440 1126 521 1192 duos
544 1125 749 1211 presbyteros
772 1146 831 1209 per
850 1144 906 1192 eos
930 1126 1096 1208 eligendos
1119 1124 1217 1191 dictis
1241 1124 1363 1192 decano

62 1245 96 1306 et
130 1241 272 1323 capitulo
305 1245 502 1323 presentare,
536 1238 700 1325 iidemque
734 1231 877 1306 decanus
911 1243 945 1305 et
976 1239 1155 1322 capitulum
1188 1232 1287 1305 vnum
1319 1257 1360 1305 ex

63 1355 253 1422 huiusmodi
276 1354 475 1437 presbyteris
498 1356 601 1438 magis
622 1353 784 1438 ydoneum
807 1372 865 1436 per
888 1371 943 1419 eos
966 1353 1028 1419 loci
1047 1351 1209 1418 ordinario
1233 1349 1364 1435 presen-

60 1469 198 1535 tandum
234 1474 266 1534 et
298 1487 357 1551 per
389 1469 528 1535 eundem
560 1466 761 1535 ordinarium
794 1468 827 1534 in
861 1471 1053 1550 perpetuum
1087 1471 1245 1533 rectorem
1278 1465 1365 1549 dicte

59 1582 201 1649 ecclesie
224 1582 419 1664 parochialis
442 1581 678 1650 instituendum
699 1580 821 1664 eligere
842 1586 976 1663 possent
998 1585 1032 1647 et
1064 1578 1235 1660 deberent;
1254 1578 1364 1662 quod-

61 1714 131 1779 que
153 1696 267 1761 liceret
295 1694 420 1778 prefato
451 1695 570 1762 rectori
606 1695 805 1778 corporalem
836 1693 969 1778 capelle,
1004 1694 1187 1776 iuriumque
1209 1696 1243 1756 et
1265 1691 1364 1773 perti·

58 1809 252 1875 nenciarum
284 1806 504 1890 predictorum
534 1806 774 1891 possessionem
802 1808 998 1876 auctoritate
1026 1807 1160 1892 propria
1180 1805 1283 1872 libero
1304 1824 1362 1890 ap-

56 1921 263 2006 prehendere
286 1927 318 1988 et
333 1926 489 2005 perpetuo
512 1921 603 1988 licite
625 1921 776 2002 retinere,
800 1921 966 1990 diocesani
981 1921 1044 1988 loci
1063 1921 1114 1987 uel
1132 1922 1363 2004 cuiuscumque

58 2037 203 2103 alterius
226 2035 364 2102 licencia
386 2053 484 2118 super
506 2036 567 2102 hoc
588 2034 722 2102 minime
743 2036 910 2120 requisita,
940 2040 1037 2118 prout
1065 2037 1100 2102 in
1131 2037 1213 2118 ipsis
1244 2034 1363 2102 littoris

58 2150 195 2233 plenius
218 2151 410 2216 continetur.
435 2148 519 2215 Cum
536 2154 654 2231 autem,
676 2149 762 2217 sicut
784 2148 927 2216 exhibita
949 2150 1042 2216 nobis
1065 2168 1168 2232 nuper
1190 2168 1248 2233 pro
1270 2154 1363 2232 parto

56 2262 223 2328 dictorum
247 2262 459 2344 opidanorum
481 2262 695 2329 fraternitatis
719 2262 806 2357 dicte
828 2263 869 2330 de
885 2262 1010 2331 Czecha
1032 2264 1152 2347 peticio
1168 2262 1362 2344 continebat,

55 2377 128 2458 ipsi
151 2392 189 2440 cn
213 2376 388 2458 singularis
411 2374 599 2444 deuocionis
629 2375 758 2443 feruore
780 2376 975 2459 desiderent,
1008 2378 1094 2462 quod
1117 2378 1151 2443 in
1174 2377 1287 2444 eadem
1310 2396 1362 2443 ca·

55 2489 151 2574 pella
172 2490 290 2556 rectori
321 2491 429 2572 ipsius
452 2489 598 2557 confiteri
632 2495 666 2556 et
694 2491 917 2557 ecclesiastica
947 2491 987 2558 ab
1017 2491 1129 2558 eodem
1159 2497 1362 2558 sacramente

55 2603 232 2689 percipere
253 2604 391 2687 possint,
415 2610 450 2669 ut
472 2622 530 2687 per
552 2604 612 2670 hoo
634 2604 693 2670 alii
716 2604 838 2672 Christi
862 2603 973 2671 fideles
1003 2605 1045 2672 ad
1076 2605 1197 2671 similia
1226 2605 1360 2687 pietatis

55 2717 243 2785 exercenda
265 2734 363 2800 opera
392 2716 513 2783 ibidem
547 2736 605 2801 pro
639 2722 783 2801 tempore
815 2718 1013 2802 peramplius
1042 2722 1269 2802 prouoceutur,
1302 2737 1361 2800 pro

55 2837 156 2915 parte
178 2831 389 2912 opidanorum
411 2832 596 2899 eorumdem
626 2832 713 2901 dicte
735 2831 948 2898 fraternitatis
978 2832 1073 2899 nobis
1103 2832 1166 2899 fuit
1195 2830 1362 2897 humiliter

58 2945 294 3026 supplicatum,
318 2951 354 3011 ut
377 2945 425 3010 eis
448 2944 594 3027 predicta
618 2945 784 3029 indulgere
812 2966 850 3011 ex
874 2953 962 3012 certa
992 2947 1134 3012 sciencia
1163 2946 1204 3012 de
1227 2946 1360 3027 speciali

54 3060 174 3142 gracia
196 3059 411 3141 dignoremur.
446 3056 513 3124 Nos
536 3060 648 3142 itaque
670 3060 854 3127 huiusmodi
885 3060 1181 3142 supplicaciouibus
1214 3059 1359 3124 inclinati

54 3173 188 3240 eisdem
209 3173 358 3254 opidanis
378 3172 419 3238 de
434 3172 639 3238 fratemitata
655 3173 810 3255 predicta,
834 3173 981 3239 omuibus
1005 3180 1038 3239 et
1061 3174 1211 3256 singulis,
1236 3173 1357 3238 utrius-

53 3305 123 3372 que
147 3303 253 3367 serus,
277 3286 333 3369 qui
356 3290 433 3351 sunt
455 3292 488 3352 et
509 3293 604 3353 arunt
626 3307 684 3370 pro
706 3294 860 3370 ternpore,
883 3287 968 3371 quod
991 3288 1055 3370 ipsi
1080 3305 1138 3352 seu
1166 3287 1215 3353 illi
1238 3305 1276 3352 ex
1300 3288 1359 3370 eis,

55 3401 117 3482 qui
142 3399 183 3464 ad
216 3400 251 3465 id
281 3401 336 3482 pia
365 3400 542 3467 dauocione
571 3402 652 3468 moti
682 3401 812 3483 fuerint,
845 3401 964 3468 rectori
997 3401 1102 3484 ipsius
1136 3401 1270 3483 capelle,
1303 3402 1358 3484 qui

54 3533 148 3581 nuuc
170 3518 220 3578 est
242 3520 275 3579 et
304 3533 361 3595 pro
384 3520 527 3596 tempore
557 3514 666 3596 fuerit,
696 3514 843 3582 confiteri
872 3522 906 3580 et
934 3515 1119 3582 huiusmodi
1153 3519 1356 3580 sacramenta

54 3628 101 3694 ab
124 3626 237 3694 eodem
258 3629 436 3710 percipere,
460 3646 498 3694 ac
520 3629 626 3695 eidem
648 3630 776 3711 rectori,
809 3630 893 3712 quod
924 3631 994 3711 ipso
1025 3627 1211 3695 huiusmodi
1234 3627 1358 3695 confes-

55 3742 172 3811 siones
194 3739 309 3808 audire
338 3748 371 3807 ct
400 3741 525 3809 eisdem
556 3743 705 3825 opidanis
736 3743 778 3811 de
806 3743 879 3826 ipsa
907 3743 1112 3811 fraternitate
1142 3741 1356 3807 existentibus

56 3874 121 3939 pro
144 3859 288 3937 tempore
318 3855 405 3922 dicta
436 3863 637 3922 sacramenta
668 3858 700 3923 in
725 3858 797 3939 ipse
828 3858 951 3940 capella
983 3856 1171 3924 ministrare
1202 3855 1304 3921 libere
1326 3862 1358 3920 ot

55 3969 153 4037 licita
182 3970 299 4049 ualeat,
330 3971 491 4051 generalis
523 3972 651 4036 concilii
683 3978 717 4036 ct
738 3972 813 4038 aliis
833 3971 1123 4037 constituciouibus
1146 3969 1356 4052 appostolicis

55 4088 94 4149 et
132 4082 398 4149 ordinacionibus
429 4085 600 4151 contrariis
633 4085 878 4168 quibuscunque
911 4103 1112 4168 nequaquam
1142 4083 1355 4164 obstantibus,

53 4196 255 4264 auctoritate
284 4197 485 4278 appostolica
510 4198 551 4263 de
574 4199 725 4279 specialis
759 4199 841 4265 douo
873 4199 982 4280 gracie
1011 4203 1124 4265 tenore
1153 4198 1356 4280 presencium

53 4309 273 4391 indulgemus.
298 4310 388 4376 Nulli
409 4329 486 4393 ergo
510 4313 638 4377 omnino
661 4313 825 4378 hominum
848 4313 945 4378 liceat
967 4313 1051 4378 hauc
1071 4313 1224 4394 paginam
1246 4317 1356 4380 nostre

53 4423 281 4492 concessionis
316 4424 493 4506 infringere
527 4425 579 4490 uel
613 4427 642 4491 ei
673 4445 757 4491 ausu
792 4426 964 4493 temerario
999 4427 1169 4493 contraire.
1214 4427 1249 4494 Si
1282 4430 1354 4512 quis

53 4542 170 4604 autem
191 4536 252 4602 hoc
273 4541 467 4620 attemptare
488 4540 732 4621 presumpserit,
756 4539 1017 4622 indignacionem
1040 4541 1270 4623 omnipotentis
1292 4543 1354 4608 Dei

53 4655 92 4717 et
108 4649 277 4715 beatorum
292 4649 380 4716 Petri
396 4658 429 4717 et
444 4651 549 4733 Pauli,
564 4652 806 4736 appostolorum
828 4652 910 4736 eius,
932 4673 969 4720 se
990 4656 1119 4722 nouerit
1140 4656 1353 4722 incursurum.

1166 4786 1198 4834 aa
