3098 5392
678 420 753 471 rece.
1307 418 1373 486 433

111 649 203 726 spodi,
222 650 305 731 pr'ed
327 650 449 716 offleii
461 650 531 735 jero
552 671 597 715 aa
619 651 700 734 dtyr'o'
720 652 794 727 ta‘ta,
815 651 905 719 cata
920 671 966 735 po
986 657 1037 717 ten
1051 655 1106 719 das
1120 656 1228 737 sejam
1242 652 1307 736 jem
1316 673 1372 735 po-

111 760 175 825 tioni
192 763 341 828 ododddtr'
361 785 495 846 aammy,
519 765 572 849 joi
594 764 658 847 js'm
679 764 812 848 dlubrpt,
843 787 865 831 o
885 788 930 831 no
950 765 1076 832 arctet
1096 767 1178 850 maji
1196 766 1260 851 js'm
1281 763 1376 832 tolibo

550 877 681 943 &scitote
703 878 771 944 cest
791 879 911 963 plotitr'.

186 1065 327 1134 Karolus
350 1069 403 1135 dei
425 1071 535 1152 gracia
556 1070 773 1138 Romanorum
793 1089 851 1137 rex
868 1088 995 1153 semper
1016 1075 1173 1153 augustus
1197 1075 1229 1136 et
1243 1070 1376 1136 Boemie

111 1193 154 1242 rer
191 1180 311 1248 Notum
333 1182 469 1250 iacimus
491 1185 663 1265 miuersis,
695 1185 779 1266 quod
810 1185 1013 1251 attendentes
1038 1183 1233 1267 multiplicia
1254 1184 1376 1250 honera

111 1288 271 1372 debitorum,
294 1314 358 1378 qne
371 1297 481 1364 dilecti
503 1296 615 1364 fideles
638 1299 750 1377 nostri,
773 1299 862 1364 eines
873 1297 1050 1379 Lunenses,
1073 1313 1218 1378 cumpro
1242 1296 1375 1376 nostris,

111 1407 158 1470 tum
175 1426 229 1488 pro
254 1409 340 1474 clare
360 1412 513 1477 memorie
535 1411 672 1477 illustris
695 1410 863 1491 lobannis,
890 1409 1026 1477 condam
1040 1410 1134 1492 regis
1156 1408 1298 1489 Boemie,
1321 1427 1376 1490 ge

112 1516 199 1586 ntoris
225 1522 330 1587 nostri
359 1522 533 1604 karissimi,
567 1523 762 1606 indigenciis
792 1523 956 1607 preteritis
978 1521 1176 1606 temporibus
1198 1521 1376 1601 subierunt,

112 1628 174 1710 ipsos
200 1653 264 1699 non
294 1635 454 1702 immerito
484 1637 705 1703 desideramus
735 1638 775 1703 ab
806 1637 990 1704 huiusmodi
1022 1636 1201 1702 debitorum
1224 1634 1375 1700 oneribus

113 1743 253 1812 subleuare
281 1749 344 1814 viis
375 1749 561 1816 decentibus
595 1756 628 1816 et
656 1750 809 1817 remediis
832 1751 1010 1833 oportunis,
1045 1749 1256 1827 considerato,
1291 1747 1375 1829 quod

114 1856 168 1922 talia
186 1859 294 1926 debite
316 1867 446 1944 propter
467 1863 665 1945 duplicatum
691 1863 879 1929 incendium·
899 1868 932 1928 et
953 1861 1133 1928 exustionis
1154 1859 1376 1926 turbationem

115 1966 233 2038 iteratam
254 1993 294 2040 ac
317 1993 439 2042 summe
454 1975 558 2058 ipsius
572 1975 837 2059 magnitudinem,
860 1994 923 2058 que
937 1976 1024 2041 vires
1040 1992 1217 2058 pauperum
1231 1973 1376 2054 ipsorum

115 2083 292 2170 transcendit,
326 2106 389 2154 non
419 2089 514 2154 simul
543 2095 577 2155 et
605 2109 667 2155 vno
696 2095 840 2171 tempore
873 2090 1060 2170 extinguere
1091 2087 1220 2153 valcant
1244 2104 1304 2152 nec
1333 2085 1374 2150 ad

115 2208 195 2263 comm
215 2201 412 2267 solucionem
434 2202 610 2283 intendere,
640 2204 704 2269 nisi
732 2220 822 2268 mora
851 2201 1088 2267 interueniente
1113 2205 1146 2265 et
1168 2199 1374 2282 congruentis

115 2309 235 2392 temporis
258 2313 439 2395 interuallo,
461 2316 543 2398 ipsis
558 2315 797 2399 infrascriptam
816 2316 957 2397 graciam
972 2313 1153 2380 faciendam
1167 2313 1316 2378 duximus
1334 2311 1375 2377 de

116 2427 194 2490 nostre
215 2427 419 2492 celsitudinis
448 2428 558 2509 gracia
588 2429 730 2511 speciali,
754 2428 914 2508 videlicet,
948 2429 1033 2512 quod
1055 2426 1217 2493 minersis
1247 2430 1281 2490 et
1309 2425 1374 2490 sin·

116 2534 175 2611 illis
202 2539 415 2606 oreditoribus
444 2540 598 2623 ipsorum,
628 2541 745 2623 quibus
776 2543 944 2609 occasione
970 2542 1073 2608 nostri
1095 2544 1152 2605 aut
1172 2537 1287 2621 queuis
1310 2537 1375 2602 alia

115 2649 213 2718 racione
235 2653 288 2719 uel
311 2671 409 2719 causa
430 2654 568 2737 obligari
590 2660 775 2735 noscuntur,
803 2675 860 2738 pro
884 2656 993 2722 decem
1016 2655 1132 2720 marcis
1155 2651 1257 2718 debiti
1279 2668 1374 2715 ruam

115 2775 223 2830 nutam
244 2765 429 2832 reddituum
452 2785 567 2833 census
589 2769 688 2835 annui
710 2769 786 2835 huic
805 2768 846 2833 ad
861 2768 1108 2850 quadriennium
1124 2765 1275 2832 continuo
1290 2781 1374 2829 com-

114 2877 260 2949 lutmdum
284 2879 362 2944 dare
384 2879 529 2961 debeant,
553 2886 586 2946 et
600 2881 686 2963 quod
709 2881 884 2947 creditores
907 2882 1051 2963 ipsorum
1075 2879 1187 2944 eadem
1202 2895 1309 2942 annua
1325 2894 1375 2941 so·

114 2983 212 3058 lusione
245 2993 387 3059 contenti
410 2995 498 3075 ipsos
521 2994 562 3059 de
584 2995 748 3061 solucione
777 2995 966 3077 principalis
994 2994 1090 3059 sortis
1114 3007 1295 3057 ammonere
1317 3006 1374 3054 seu

113 3115 262 3184 armauere
283 3125 347 3172 non
370 3106 509 3172 debeant
531 3107 666 3172 durante
686 3107 795 3188 spacio
818 3107 972 3188 temporis
995 3103 1145 3186 prefiniti.
1189 3101 1374 3167 Inhibemus

114 3210 186 3293 igitur
200 3220 361 3285 minensis
377 3225 410 3284 et
424 3220 562 3303 singulis
578 3219 791 3286 creditoribus
814 3219 988 3284 eorundem
1002 3218 1132 3297 ciuium,
1156 3216 1375 3295 cuiuscunque

114 3332 282 3399 condicionis
306 3334 454 3413 existant,
478 3331 627 3399 fidelibus
649 3334 779 3413 nostris,
809 3351 851 3398 ne
880 3332 1082 3414 supradictos
1106 3330 1194 3396 ciues
1217 3327 1374 3392 aduersus

114 3447 243 3516 trecentis
280 3452 391 3511 nostre
427 3447 613 3528 largicionis
636 3447 794 3512 indultum
817 3450 1019 3510 ammoneant
1053 3462 1109 3508 seu
1146 3446 1282 3524 grauent
1318 3458 1376 3521 pro

114 3551 245 3638 aliquibus
268 3559 396 3640 debitis,
428 3565 462 3624 vt
484 3559 653 3641 prefertur,
677 3559 735 3625 sub
757 3577 841 3641 pena
867 3564 976 3624 nostre
998 3555 1245 3640 indignacionis,
1279 3571 1375 3635 quam

114 3664 135 3727 Si
160 3690 244 3739 secus
280 3678 471 3755 attemptare
506 3675 756 3755 presumpserit,
793 3691 829 3738 se
861 3672 989 3738 nouerit
1010 3671 1194 3737 iucurrisse.
1240 3666 1376 3732 Prosen-

114 3775 176 3849 Citm
208 3787 266 3852 sub
303 3792 412 3853 nostre
448 3787 627 3852 maiestatis
662 3786 768 3868 sigillo
801 3784 985 3850 testimonio
1022 3783 1212 3849 litterarum.
1257 3779 1377 3843 Datum

114 3883 190 3980 Plaga
216 3920 299 3966 anno
322 3900 444 3965 domini
476 3899 646 3965 millesimo
679 3897 904 3963 trecentesimo
936 3894 1181 3978 quadragesimo
1204 3910 1297 3970 nono,
1327 3890 1377 3955 in-

114 3996 230 4079 dl'ccione
260 4012 411 4093 secunda,
442 4011 515 4078 idus
547 4011 620 4092 (sic)
652 4009 854 4089 Nouembris,
885 4026 1055 4090 regnorum
1085 4011 1267 4071 nostrorum
1293 4022 1376 4070 anno

115 4126 207 4192 llarto.

187 4315 279 4369 Kniba
298 4312 434 4384 privilegii
450 4330 465 4364 z
484 4329 505 4366 r.
525 4316 591 4365 1435
611 4327 647 4366 na
659 4312 675 4365 l.
689 4317 760 4363 tor
774 4310 885 4365 archivo
905 4327 938 4364 m.
957 4309 1036 4362 Loun
1049 4324 1082 4362 za
1094 4306 1233 4377 napisem:
1254 4306 1376 4374 ,Gracia

115 4411 156 4466 lod
174 4418 290 4484 propter
314 4409 483 4479 duplicatum
511 4406 666 4461 incendium
690 4407 785 4462 debita
809 4423 858 4477 per
877 4404 1083 4474 qrradrienninm
1103 4419 1159 4457 non
1178 4403 1295 4470 solnant,
1323 4403 1375 4457 nisi

115 4508 228 4565 ldecenn
248 4506 351 4562 marcis
370 4521 424 4559 rna
442 4520 533 4561 marca
554 4507 678 4559 census¹¹

1187 4635 1220 4683 28
