3098 5392
687 456 764 511 osor.
1305 456 1369 526 323

66 662 157 731 modi
179 664 327 748 uesperis
349 662 464 748 quarte
485 658 589 746 usone
612 665 646 734 in
668 667 816 751 uesperis
838 664 951 751 quinte
972 663 1053 733 ferie
1074 665 1220 749 predicto
1251 665 1368 733 deuote

66 778 288 860 uisitauerInt,
311 797 408 846 vuum
438 797 558 847 annum
588 785 622 847 et
649 780 864 864 quadraginta
891 780 961 847 dies
984 779 1026 846 de
1055 779 1211 846 iniunctis
1242 779 1290 846 eis
1312 798 1369 863 pe-

66 891 221 959 nitenoiis
253 893 509 960 misericorditer
538 893 720 961 relaxamus
749 893 966 977 presentibus,
997 893 1104 976 quoad
1132 893 1369 960 relaxscionem

65 1003 253 1071 huiusmodi
284 1004 453 1072 dumtaxat
485 1010 561 1089 post
593 1005 786 1074 decennium
816 1007 949 1074 minime
977 1006 1139 1073 ualitaris.
1177 1006 1268 1073 Nulli
1291 1023 1368 1090 ergo

66 1120 127 1184 etc.
140 1120 254 1185 nostre
269 1119 490 1186 concessionis
506 1123 539 1186 et
552 1120 768 1188 relaxationis
779 1120 958 1204 intringere
967 1124 1028 1188 etc.
1044 1119 1079 1188 Si
1095 1121 1168 1202 quis
1183 1125 1291 1187 autern
1306 1124 1366 1187 etc.

64 1230 188 1297 Datum
209 1224 311 1298 Rome
334 1220 431 1316 apud
449 1233 749 1301 arctonnesus
778 1238 868 1302 sexto
898 1220 1055 1301 kalendas
1077 1232 1258 1314 Februarii,
1288 1252 1367 1318 pon·

63 1334 209 1403 tificat'us
231 1336 339 1404 nostri
359 1355 447 1405 anno
469 1338 621 1406 secundo.

170 1552 312 1609 Soudasnt
329 1552 416 1626 kopie
436 1571 452 1608 v
469 1553 590 1624 registro
612 1555 719 1624 papede
744 1553 876 1610 Boniitce
899 1553 939 1609 IX
955 1572 971 1609 z
988 1555 1006 1609 l.
1026 1559 1093 1612 1891
1118 1554 1184 1610 anni
1202 1560 1227 1624 t,
1244 1555 1315 1611 liber
1332 1560 1366 1611 26

63 1648 113 1704 sol.
137 1647 222 1704 0ch
246 1667 261 1704 v
285 1650 456 1720 papeIskern
481 1648 593 1705 archivo
618 1650 837 1720 Vatiktnslrem
864 1650 960 1722 piepis
985 1668 1001 1705 v
1025 1650 1137 1707 archivo
1159 1652 1308 1706 zemslrem.
1331 1681 1366 1693 -

62 1743 217 1814 Nensiirtb,
233 1741 450 1815 Mittheilungen
468 1744 519 1801 das
539 1746 657 1801 Vereins
676 1746 806 1803 IGeech.
826 1746 876 1803 der
887 1739 1047 1804 Dentsohen
1059 1749 1089 1803 in
1100 1747 1131 1801 B.
1141 1746 1232 1827 XXXI
1244 1755 1292 1803 str.
1306 1752 1366 1816 388,

63 1839 137 1896 kded
164 1841 249 1913 kopie
266 1841 380 1897 archim
398 1843 548 1899 zemslrebo
563 1843 594 1913 je
619 1843 767 1914 doplnlna
790 1875 823 1885 -
846 1826 938 1915 desky
955 1834 1123 1915 plekled'ze
1143 1843 1207 1898 XVI
1227 1844 1289 1899 stol.
1306 1845 1365 1899 teto

62 1935 229 2006 indulgence
255 1937 398 2009 doplneni
423 1937 557 1993 nekolilsa
575 1937 653 2008 slovy
671 1954 704 1993 ve
723 1939 828 2009 smyslu
846 1938 987 2010 piijlmanl
1004 1938 1061 2010 pod
1080 1938 1156 2008 obojl
1173 1939 1216 1995 dte
1234 1955 1265 1996 se
1283 1939 1366 1995 vBo·

62 2032 182 2088 huslava
206 2033 415 2102 Bllejovslreho,
442 2032 563 2089 Kronios
586 2034 711 2089 clrkevnl
735 2035 849 2106 (vdent
868 2036 894 2091 J.
916 2035 1082 2092 Skuiekeho
1104 2037 1182 2100 1816)
1207 2052 1243 2092 ua
1261 2041 1309 2092 atr.
1332 2040 1365 2090 28

63 2129 261 2199 adolorienlm,
285 2133 317 2185 Ie
341 2131 390 2187 liat
406 2136 453 2185 ten
479 2131 539 2202 ,pii
561 2132 653 2187 letech
678 2137 761 2188 1390‘·
782 2132 828 2203 byl
849 2132 1005 2188 mlitandrn
1028 2131 1257 2202 Kutnohorskym
1274 2132 1365 2202 ryddn

62 2230 132 2282 aie
150 2231 201 2298 pri
226 2229 316 2299 papeI
340 2227 455 2284 Boniidc
472 2229 512 2283 lx
533 2229 600 2284 take
619 2247 635 2284 v
653 2231 716 2284 nem
734 2229 882 2298 nstanosil,
907 2230 960 2300 aby
986 2229 1045 2300 ,pii
1068 2230 1140 2284 tenid
1165 2228 1275 2284 kostele
1298 2227 1366 2283 Tela

61 2322 168 2378 Bollho
193 2323 340 2379 dekanstvi
364 2324 427 2394 bylo
453 2326 585 2395 atr-valo,
612 2325 724 2396 pokudt
749 2327 784 2397 by
809 2326 887 2382 slovo
912 2327 976 2382 boll
998 2328 1111 2395 vernym
1135 2327 1232 2380 sulm
1256 2325 1363 2381 karlum

62 2419 154 2490 bylor.
196 2419 272 2476 Srov.
300 2418 461 2487 Kalouselr,
496 2419 519 2475 0
548 2420 659 2477 historii
688 2420 799 2477 kalicba
828 2438 845 2477 v
872 2420 979 2477 dobdch
1009 2420 1243 2492 piedbusitslrych
1273 2422 1363 2489 (1881)

61 2521 111 2570 atr.
132 2520 191 2570 1⁷1.
209 2544 243 2557 -
260 2516 286 2570 V
303 2514 416 2571 archim
442 2515 568 2587 kapitoly
585 2516 708 2573 Praislse
731 2517 863 2573 zachosal
887 2534 918 2574 se
936 2516 1002 2587 orig.
1020 2516 1054 2587 (b.
1072 2510 1157 2584 XVII,
1175 2521 1220 2585 2³)
1238 2519 1363 2571 callode

61 2613 118 2665 doe
142 2612 204 2665 lietu
228 2613 308 2680 kople
336 2613 434 2691 Belide
455 2612 521 2666 Tela
544 2633 562 2666 a
578 2633 616 2668 ao.
637 2633 730 2685 paneg
748 2616 870 2684 Borbocg
893 2634 921 2669 ec
944 2618 995 2668 doe
1012 2619 1047 2668 27
1065 2616 1181 2669 &menes
1206 2618 1283 2680 1388,
1306 2613 1364 2681 jejd

64 2706 226 2778 arcibislmp
243 2706 368 2778 Priusky
385 2707 441 2762 Jan
460 2725 475 2762 r
493 2707 642 2766 Jeniteina
658 2711 724 2767 take
743 2711 871 2783 potvrdil.
896 2710 958 2766 List
974 2717 1052 2767 tento
1071 2709 1180 2781 sydoni
1198 2711 1363 2766 bratrstvem

59 2803 129 2858 'l'ela
147 2803 252 2860 Boitho
272 2820 289 2858 a
308 2805 452 2875 smlnveny
465 2820 478 2860 s
491 2805 637 2877 kapitolou
654 2808 798 2864 PraIskou
816 2810 862 2863 znl
885 2809 979 2863 takto:
1000 2807 1048 2877 ,In
1065 2807 1119 2861 Dei
1136 2805 1248 2861 nomine
1265 2807 1363 2859 Arnen.

59 2897 119 2954 Nos
138 2898 317 2955 Wincencius
341 2900 377 2955 de
394 2900 538 2970 Rosental,
562 2903 695 2973 magister
718 2904 793 2959 curie
817 2904 846 2958 in
870 2903 1012 2958 Montibus
1031 2902 1157 2971 Ghutnis,
1177 2901 1308 2957 Nicolans
1328 2899 1372 2954 de·

60 2993 160 3065 Doleo,
177 2994 314 3052 Henricns
332 2996 368 3051 de
386 2996 530 3067 Rosentel,
548 2998 671 3055 Jacobus
689 2999 724 3054 ds
735 3000 837 3070 Pyesk,
855 2999 998 3055 Iohannes
1020 2996 1108 3053 dictus
1126 2996 1210 3064 Ruso,
1227 2998 1362 3067 plebanus

63 3091 181 3145 ecclesIe
208 3090 238 3146 in
255 3091 402 3159 Heraman,
424 3092 556 3149 Nicolaua
574 3094 695 3161 Polueri,
713 3094 836 3149 Iacobus
861 3101 971 3149 monete
995 3092 1129 3162 notarius,
1151 3093 1283 3148 Nicolous
1301 3093 1362 3147 b'al·

59 3186 194 3256 henberg,
211 3186 339 3242 Andreas
356 3187 467 3256 Polner,
493 3188 596 3244 Paulos
616 3189 717 3244 montis
736 3190 871 3257 notarius,
894 3191 1037 3246 lohannes
1056 3189 1091 3244 dc
1111 3188 1226 3258 Iglauia,
1244 3187 1362 3243 Michoel

58 3283 164 3350 linists,
188 3282 333 3338 Jobannes
358 3283 427 3351 Rab,
451 3284 589 3340 Martinus
607 3286 760 3352 Placzczer,
784 3286 929 3341 lohannes
948 3286 1141 3356 Minsterberg,
1168 3284 1306 3340 Martinus
1326 3284 1360 3338 de

58 3379 147 3435 Doleo
177 3386 206 3434 et
230 3379 374 3435 Oswaldus
398 3380 527 3436 Hoffman
553 3382 693 3452 ceterique
718 3383 794 3438 ciues
818 3382 853 3438 de
876 3383 1019 3438 Montibus
1044 3381 1160 3437 Chutnis
1177 3379 1361 3435 fraternitatis

58 3475 191 3547 CorporIs
210 3475 313 3531 Christi
331 3476 366 3532 ad
383 3479 574 3533 uniuersorum
591 3485 649 3533 tam
668 3479 842 3549 presencium
861 3496 944 3549 quam
961 3478 1116 3534 futororum
1134 3478 1260 3532 volumus
1279 3476 1361 3530 dene-

58 3572 118 3626 uire
134 3572 273 3639 noticiam,
292 3572 366 3641 quod
379 3574 459 3629 nobis
472 3574 533 3628 zelo
546 3574 706 3630 deuocionis
720 3574 810 3631 ductis
824 3577 859 3631 ob
871 3576 1021 3631 remedium
1034 3574 1186 3630 animarum
1204 3580 1361 3628 nostrarum

59 3684 91 3722 ao
109 3674 269 3739 parentum,
291 3668 519 3741 predecessorum
544 3676 710 3738 nostrorum,
733 3687 784 3742 pro
809 3671 897 3727 diuini
921 3673 1010 3727 cultus
1035 3677 1183 3741 augmento
1207 3668 1360 3739 cappellam

57 3765 86 3818 in
103 3763 213 3819 honore
231 3763 362 3836 Corporis
381 3765 484 3821 Christi
501 3774 530 3822 et
547 3773 643 3822 sancte
660 3767 791 3834 Barbare,
810 3766 923 3836 virginis
943 3773 971 3822 et
987 3766 1107 3821 martiris
1126 3766 1255 3835 gloriose,
1273 3779 1362 3834 prope

57 3860 169 3916 Montes
189 3859 306 3916 Chutnis
330 3861 360 3917 in
378 3862 464 3917 fundo
491 3864 626 3919 bonorum
644 3863 827 3918 communium
853 3863 968 3934 capituli
992 3863 1107 3918 ecclesie
1123 3861 1271 3931 Progeusis
1288 3860 1362 3915 infra

56 3956 127 4011 fines
148 3964 176 4013 et
193 3957 296 4013 limitas
322 3958 435 4014 ecclesie
459 3958 641 4029 parrochialis
664 3959 694 4013 in
711 3959 861 4030 Pnyessycz
885 3960 959 4014 tituli
984 3959 1072 4014 sancti
1089 3957 1272 4024 Wenczeslai,
1290 3970 1361 4010 mar·

57 4054 118 4109 tirio
137 4053 260 4124 gloriosi,
280 4055 335 4109 alta
352 4055 416 4126 [olo]
434 4055 463 4109 in
482 4055 645 4111 obediencie
662 4055 737 4110 dicta
755 4055 894 4126 wlgariter
912 4056 1061 4125 Pnyewicz,
1085 4071 1167 4124 quam
1192 4069 1265 4108 nunc
1285 4058 1362 4107 tonet

60 4149 230 4206 venerabibs
254 4149 296 4204 sir
319 4149 453 4219 maglater
477 4151 655 4218 Adolbertus,
682 4151 844 4206 scolasticos
868 4151 1025 4218 Progeusis,
1053 4149 1088 4205 da
1106 4167 1179 4206 nouo
1198 4165 1282 4221 opere
1300 4150 1361 4204 iou·

56 4247 123 4303 dare
142 4251 171 4301 et
190 4252 353 4302 construere
371 4247 555 4318 cupientibus,
581 4247 758 4303 honorabiles
777 4247 828 4300 viri
848 4246 951 4300 domini
968 4247 1067 4301 Petrus
1086 4246 1121 4301 de
1140 4247 1280 4302 Janowicz
1298 4261 1360 4318 pre-

55 4344 174 4412 positus,
191 4342 364 4412 Bobuslans,
388 4344 561 4400 decretorum
580 4344 685 4412 doctor,
705 4344 835 4412 decanus,
862 4342 994 4412 magister
1010 4342 1188 4412 Adolbertus,
1206 4358 1284 4399 sacre
1301 4342 1360 4399 the·

60 4439 153 4510 ologie
170 4439 325 4510 professor,
343 4441 506 4498 scolasticus
525 4441 690 4509 antedIctus,
714 4441 867 4507 Iohannes,
891 4439 1019 4494 Omnium
1037 4439 1199 4496 Sanctorum
1216 4439 1245 4495 in
1268 4444 1359 4495 castro

54 4534 199 4607 Ptagenai,
215 4537 338 4593 Mathias
356 4536 528 4593 decretorum
548 4538 652 4608 doctor,
666 4537 866 4604 OlomucensIs‚
884 4536 974 4603 Vitus,
994 4537 1083 4593 sancti
1098 4536 1359 4607 EgidiiPragensis,

53 4632 267 4699 Wenczealaus,
286 4632 453 4688 Misenensis
467 4635 644 4689 ecclesiarum
663 4633 806 4703 prepositi,
825 4632 958 4703 magister
974 4633 1169 4700 Fridmannus,
1187 4648 1265 4688 sacre
1282 4632 1359 4687 theo·¹
