3150 5378
693 488 768 539 mo.
1288 486 1373 553 1129

69 692 154 759 dum
175 695 233 775 sic,
256 698 294 759 ut
308 694 517 777 premittitur,
540 712 599 777 per
620 693 800 776 predictum
822 692 1035 760 reuerendum
1050 694 1085 760 in
1101 690 1231 761 Christo
1246 698 1370 777 patrem

68 811 107 871 et
120 805 300 886 dominum,
323 807 490 874 domiuum
506 805 689 873 Gomadum
711 807 880 890 prouisum
902 807 1041 874 ecclesie
1063 806 1296 887 olomucensis,
1319 825 1367 872 ar·

67 916 205 999 bitrum,
228 925 261 985 et
283 938 392 985 coram
421 938 460 985 eo
482 917 598 985 fierent
625 924 660 985 et
679 924 863 1002 agerentur,
898 936 1035 984 unacum
1067 919 1301 1001 prenominatis
1322 925 1370 986 te

69 1031 181 1098 stibus
203 1038 237 1098 et
258 1032 340 1098 meis
370 1033 601 1115 suprascriptis
631 1032 665 1099 iu
688 1031 749 1098 hac
778 1037 871 1115 parte
903 1032 1036 1114 collegis
1069 1032 1206 1098 neutile
1235 1050 1369 1116 presens

68 1144 208 1211 interlui
230 1164 333 1230 eaque
354 1146 462 1212 omnia
483 1152 517 1211 et
538 1146 667 1229 singula
690 1146 912 1229 suprascripta
933 1145 982 1211 sic
1003 1143 1075 1211 fieri
1097 1144 1166 1211 vidi
1189 1150 1223 1211 et
1243 1145 1368 1212 audiui.

67 1257 152 1323 Ideo
174 1258 234 1324 lroc
264 1276 398 1340 presens
427 1256 592 1340 publicum
621 1258 870 1324 inst-rumentum
899 1275 996 1322 mann
1027 1275 1099 1323 mea
1130 1258 1265 1342 propria
1293 1278 1384 1349 con-¹

67 1370 219 1437 scribens
242 1369 408 1453 publicani
430 1376 463 1436 et
485 1370 519 1437 iu
542 1371 625 1437 hanc
655 1369 819 1453 publicam
848 1370 985 1436 formam
1015 1370 1126 1453 redegi
1156 1371 1314 1455 signoque
1336 1377 1370 1437 et

68 1484 205 1550 nomine
225 1484 307 1550 meis
331 1483 438 1549 solitis
460 1489 493 1549 et
516 1484 679 1549 consuetis
710 1500 773 1549 rua
795 1501 869 1548 cum
890 1482 1090 1566 appensione
1105 1484 1296 1567 sigillorum,
1320 1485 1368 1550 vi-

66 1596 193 1663 delicet
213 1597 385 1663 reuerendi
408 1598 441 1663 in
458 1596 591 1663 Christo
613 1596 746 1678 domini,
768 1597 891 1663 domini
914 1595 1055 1663 Conradi
1077 1597 1203 1679 prouisi
1229 1597 1368 1664 ecclesie

67 1709 313 1792 Olomucensis,
329 1710 444 1776 arbitri
467 1709 615 1793 predicti,
630 1728 755 1776 necnon
776 1710 904 1777 abbatie
919 1715 953 1776 et
978 1716 1157 1777 conuentus
1178 1710 1367 1778 monasterii

66 1821 293 1889 Ozedlicensis
315 1823 439 1889 ordinis
462 1822 690 1890 cisterciensis
721 1827 754 1888 et
776 1823 899 1889 domini
922 1821 1064 1889 Gouradi
1086 1823 1234 1890 eiusdem
1257 1842 1367 1890 mona-

65 1935 163 2002 sterii
186 1940 221 2001 et
241 1935 365 2001 ordinis
388 1934 536 2016 professi,
561 1934 689 2017 prlebaui
712 1936 849 2001 ecclesie
864 1937 898 2001 in
914 1936 1047 2017 Melina,
1067 1941 1166 2018 atque
1188 1938 1364 2003 communi·

63 2050 150 2115 tatis
171 2055 394 2115 montanorum
424 2054 458 2115 et
484 2048 699 2116 fraternitatis
730 2049 771 2116 de
792 2050 925 2118 frutrica
956 2051 1042 2116 sacri
1066 2048 1218 2132 Corporis
1242 2050 1365 2117 Christi

64 2168 102 2228 et
125 2168 238 2228 sancte
255 2161 398 2227 Barbare
420 2181 459 2228 ac
480 2162 603 2228 domini
621 2161 792 2244 Leonardi,
816 2163 945 2244 plebani
967 2163 1105 2229 ecclesie
1128 2163 1163 2229 in
1187 2163 1366 2247 Pnyewicz‚

64 2275 261 2357 consignant
284 2280 417 2357 rogatus
439 2282 473 2341 et
493 2277 671 2359 requisitus
693 2275 728 2342 iu
750 2273 846 2341 fidem
868 2281 902 2342 ot
922 2276 1145 2343 testimonium
1167 2277 1311 2342 omnium
1332 2283 1366 2341 et

64 2387 272 2469 singulorum
295 2389 533 2469 premissorum
549 2388 699 2457 —Nulli
721 2408 798 2472 ergo
821 2389 952 2456 omnino
974 2389 1141 2455 hominum
1161 2388 1261 2454 liceat
1281 2390 1365 2455 hanc

64 2500 221 2583 paginam
243 2508 354 2567 nostre
375 2500 638 2583 confirmationis,
669 2502 931 2569 communitionis
954 2508 988 2568 et
1009 2501 1225 2585 suppletionis
1248 2501 1364 2568 inirin-

62 2630 146 2694 gere
167 2612 220 2678 uel
241 2614 273 2678 ei
295 2631 377 2679 ausu
399 2616 571 2680 temerario
594 2615 766 2682 contraire.
800 2614 835 2681 si
859 2615 932 2698 quis
955 2620 1064 2681 autem
1086 2614 1148 2681 hoc
1169 2619 1364 2698 attemptare

63 2725 310 2808 presumpserit,
340 2725 600 2808 indignacionem
622 2727 852 2809 omnipotentis
889 2726 950 2793 Dei
973 2733 1007 2792 et
1029 2726 1195 2793 beatorum
1218 2727 1308 2794 Petri
1332 2734 1365 2793 et

63 2839 172 2919 Pauli,
193 2839 415 2921 apostolorum
429 2840 510 2920 cius,
527 2858 564 2905 se
578 2842 707 2907 nouerit
728 2841 944 2906 incursurum.
968 2841 1089 2905 Datum
1111 2840 1257 2906 Bononio
1271 2839 1365 2905 ΧΙΙΙο

63 2951 224 3017 kalendas
247 2952 398 3034 Augusti,
420 2950 626 3033 pontificatus
649 2953 753 3018 nostri
775 2971 859 3018 auno
883 2953 997 3034 primo.

482 3141 525 3226 [V
548 3160 647 3225 pravo
671 3161 712 3208 na
735 3140 851 3227 ohbuz]
878 3140 1091 3226 Ste[phauus]
1115 3143 1266 3210 Gernerii
1290 3144 1360 3208 xli.

572 3278 593 3318 Χ

170 3386 212 3469 [V
229 3387 301 3452 levo
324 3386 386 3468 pod
403 3382 547 3472 ohbemz]
571 3330 596 3451 ὃ
1051 3387 1115 3470 [Na
1137 3388 1241 3472 rubu]
1269 3390 1307 3455 R.

458 3500 541 3582 Aug.
567 3499 724 3565 Gerlacus

562 3614 596 3677 P.
619 3613 660 3678 de
682 3612 801 3695 Magio.

73 3806 76 3811 '
167 3801 240 3871 orig.
251 3819 326 3872 perp.
337 3801 497 3855 rkuileolm
508 3800 619 3855 arehiru
628 3798 784 3855 Vorliclrem
798 3800 820 3854 c.
831 3807 889 3853 101.
908 3800 1073 3856 Solovdnou
1086 3801 1180 3857 bullou
1192 3818 1229 3856 na
1238 3801 1359 3856 liudbir-

60 3896 132 3965 spen
145 3897 297 3966 iernenyclr
310 3898 448 3966 ailutych
461 3898 545 3951 niticlr
558 3897 713 3953 sardianos
721 3913 734 3949 s
743 3897 883 3965 ntpisem:
898 3896 932 3960 „S
943 3928 948 3937 ·
959 3896 1124 3967 mvnvs]
1134 3898 1152 3951 S
1162 3926 1169 3940 ·
1179 3897 1357 3968 Pll[TRVS]“

60 3994 191 4062 aobruy
211 4009 250 4048 er.
269 3994 352 4048 Petra
370 4010 387 4049 a
404 3994 490 4049 Paula
509 4009 527 4047 a
551 4010 586 4046 na
605 3993 675 4047 rnlsu
694 4008 708 4045 a
728 3992 867 4061 napisenr:
888 3991 1095 4057 „JOHANNES
1109 3993 1312 4048 .PP.xxr11.“
1327 4025 1359 4033 -

60 4120 93 4129 -
105 4088 200 4143 Tenos
213 4090 282 4144 roku
303 4090 431 4144 uravlela
448 4091 515 4144 obeo
534 4088 646 4143 llorekd
663 4104 677 4142 a
695 4088 819 4157 Pratany
838 4088 973 4153 emlouvu,
991 4092 1023 4140 de
1041 4089 1185 4158 obyratele
1204 4089 1276 4144 otton
1290 4093 1361 4144 meet

58 4186 164 4240 mohou
182 4203 196 4240 ι
210 4186 282 4240 obon
296 4186 417 4240 meateclr
436 4184 577 4240 svobodne
596 4186 726 4255 kupectrt
744 4185 930 4254 provoaovati,
944 4185 1012 4251 jati
1025 4183 1091 4238 toho
1104 4184 1251 4239 dokladem
1266 4186 1297 4252 J'e
1316 4188 1360 4239 liat

58 4282 183 4337 umus
200 4284 226 4334 d.
246 4302 282 4334 no
298 4282 407 4335 Hordei
418 4283 538 4351 Katnpei
556 4286 591 4333 28
602 4284 687 4333 onom
707 4284 782 4349 1410,
796 4281 862 4347 jeni
877 4281 907 4347 je
925 4284 1032 4349 aapstn
1051 4298 1066 4332 ι
1085 4282 1160 4335 stare
1179 4281 1262 4335 kniaa
1278 4282 1359 4351 privi-

56 4377 125 4449 legii
152 4378 268 4432 Startho
295 4394 330 4433 m
352 4377 443 4447 Prahy
461 4378 484 4431 d.
510 4384 561 4433 99³
586 4394 623 4432 na
640 4378 657 4431 l.
686 4382 735 4431 106
759 4394 793 4431 aa
818 4377 959 4447 ntpisem:
989 4379 1107 4439 „Httcra
1133 4378 1236 4430 minsis
1262 4379 1359 4431 Montis

55 4475 170 4529 cluat·
186 4494 243 4527 eun
260 4475 361 4528 undu
378 4474 578 4543 Prapmw,
597 4492 614 4527 a
627 4473 695 4540 jani
712 4476 758 4526 ani
776 4473 869 4527 takto:
896 4471 971 4533 „Wir
994 4472 1164 4527 Hanuschlro
1185 4488 1237 4526 ron
1256 4473 1359 4543 Pyeslr,

53 4570 170 4637 rictum,
183 4570 287 4626 Fiancz
299 4570 418 4635 odorio,
426 4569 571 4625 Bernhard
583 4568 766 4638 hilgenatain,
779 4568 1033 4638 echepienmeister,
1047 4569 1112 4623 'lica
1123 4568 1224 4636 Clenna,
1239 4568 1358 4623 Mertein

51 4666 185 4731 Teicher,
216 4666 325 4723 Matheo
343 4666 425 4731 Groa,
452 4666 570 4721 Hannon
589 4664 745 4733 Kaudnren,
774 4664 876 4720 llanko
895 4683 947 4721 von
964 4665 1058 4731 Pieak,
1087 4664 1177 4721 Jacnb
1195 4682 1248 4720 ron
1265 4664 1358 4731 Piealr,
