3098 5392
666 419 740 470 Μ
1272 419 1337 486 593

43 649 178 730 tamdiu,
210 650 310 715 donec
340 651 403 716 sibi
432 652 482 717 vel
515 651 610 718 dictis
638 652 707 717 suis
740 650 912 717 heredibus
943 655 1000 717 aut
1029 652 1078 717 illi
1101 652 1151 716 vel
1174 652 1250 733 illis,
1281 654 1338 734 qui

42 768 209 843 presentes
233 769 359 830 nostras
393 764 519 832 litteras
553 764 724 830 habuerint
757 782 815 830 seu
845 764 1058 845 exhibuerint,
1081 763 1208 847 prefate
1231 765 1337 831 sexin-

46 880 142 956 gente
177 893 335 956 sexagene
357 894 415 959 per
437 895 495 942 nos
528 881 586 941 aut
618 881 745 943 nostros
776 894 990 957 successores,
1022 877 1155 943 Bocmie
1175 895 1278 960 reges,
1302 878 1336 943 in

47 992 161 1069 parata
184 989 322 1070 pecunia
348 989 453 1056 solute
483 989 612 1070 fuerint,
643 989 787 1056 totaliter
808 994 842 1055 st
862 989 903 1054 sd
925 990 1065 1072 plenum,
1088 989 1208 1072 absque
1229 995 1337 1058 temen

44 1100 131 1166 omni
155 1100 374 1167 defalcacione
396 1103 538 1168 omnium
559 1120 724 1185 penarum,
743 1102 949 1168 emendarum
966 1106 998 1168 ct
1013 1107 1192 1169 ceterorum
1205 1103 1336 1186 iurium,

43 1213 207 1279 fructuum
241 1219 273 1281 et
305 1214 590 1281 emolumentorum
620 1215 823 1282 iudicialium
844 1215 884 1281 ab
907 1215 978 1297 ipso
1000 1214 1122 1282 iudicio
1144 1216 1336 1298 prouenien·

43 1327 140 1408 cium,
173 1346 252 1409 quos
276 1331 309 1393 et
330 1346 410 1409 quas
438 1327 535 1395 dictis
557 1327 733 1394 Endcrlino
756 1332 789 1393 et
811 1327 880 1394 suis
902 1326 1074 1395 heredibus
1096 1347 1154 1411 pro
1177 1330 1246 1395 suis
1269 1348 1336 1396 ser·

44 1440 143 1507 niciis
166 1439 259 1506 nobis
282 1439 435 1506 exhibitis
457 1444 495 1504 et·
512 1439 701 1506 exhibendis
723 1439 900 1506 liberahter
923 1441 1105 1522 elargimur.
1123 1439 1336 1508 concedimus

42 1553 180 1635 insuper
208 1553 343 1636 prefatis
372 1553 550 1619 Enderlino
579 1558 612 1618 et
633 1554 702 1619 suis
724 1553 906 1634 heredibus,
929 1553 1014 1638 quod
1036 1553 1158 1619 dictum
1179 1554 1336 1622 iudicium

42 1685 118 1733 cum
143 1667 213 1731 suis
235 1667 460 1734 emolumentis
480 1686 539 1751 pro
563 1668 760 1751 sexingentis
777 1669 946 1750 sexagenis
968 1685 1153 1750 grossorum
1170 1667 1335 1751 predictis,

41 1780 215 1845 dumtaxat
237 1779 385 1860 exigente
407 1780 611 1861 necessitate,
633 1780 759 1862 possint
780 1785 814 1846 et
836 1781 964 1845 valeant
985 1779 1136 1862 obligare.
1181 1780 1336 1846 Decerni-

38 1910 114 1957 mus
138 1891 250 1971 eciam,
274 1890 359 1973 quod
382 1909 491 1956 omncs
512 1896 545 1957 et
560 1891 686 1974 singule
707 1892 811 1973 litere,
833 1892 862 1958 si
878 1910 940 1974 que
954 1892 1071 1958 eximie
1093 1891 1223 1958 inantea
1238 1911 1335 1974 super

37 2005 129 2070 dicto
159 2003 284 2087 judicio
318 2022 517 2087 quocumque
551 2023 628 2070 casu
662 2023 719 2070 seu
751 2004 919 2071 occasione
948 2004 983 2069 in
1016 2006 1120 2072 lucem
1146 2004 1334 2087 prodierint,

32 2117 162 2182 nullius
186 2116 320 2196 roboris,
351 2115 496 2183 efficacis
524 2118 576 2182 vel
599 2119 751 2184 momenti
785 2136 858 2184 esse
880 2117 1017 2184 debeant
1039 2116 1335 2200 1111111111-

35 2231 169 2296 derlino
199 2235 256 2294 aut
289 2228 356 2294 suis
386 2228 558 2295 heredibus
588 2231 712 2295 nullum
744 2230 1008 2313 impedimentum
1041 2248 1099 2296 seu
1121 2229 1335 2313 prciudicium

32 2360 204 2427 generare.
229 2341 434 2408 Presencium
458 2342 518 2408 sub
540 2344 717 2425 imperialis
739 2322 849 2410 nostre
871 2343 1051 2409 maiestatis
1067 2343 1174 2425 sigillo
1190 2343 1335 2410 testimo-

32 2457 93 2522 nio
116 2455 307 2520 litterarum.
332 2454 452 2519 Datum
474 2455 577 2537 Prage
599 2473 682 2520 anno
705 2455 827 2521 domini
841 2455 1011 2521 millesimo
1034 2457 1262 2523 trecentesimo
1285 2474 1335 2523 se·

35 2566 209 2650 nogesimo
239 2566 350 2647 tercio,
381 2567 562 2634 indiccione
592 2569 705 2650 prima,
736 2568 784 2633 ΠΙ
815 2587 917 2634 11111
939 2568 1144 2651 Nouembris,
1165 2587 1335 2652 regnorum

31 2687 225 2749 nostrorum
246 2699 330 2746 anno
354 2681 478 2748 decimo
501 2684 625 2762 octauo,
648 2681 777 2764 imperii
799 2700 875 2748 vero
898 2701 990 2748 nono.

624 2862 686 2927 Per
709 2862 872 2966 dominum
895 2864 1068 2946 Tymonem
1091 2863 1132 2928 de
1153 2863 1288 2931 Koldicz

674 2974 789 3040 Petrus
813 2975 1002 3042 scolasticus
1024 2976 1237 3043 Lubuccnsis.

143 3156 214 3224 Kop.
232 3173 247 3208 1
261 3155 310 3208 XV
329 3155 421 3209 stoleti
438 3170 454 3206 v
469 3153 682 3222 ,Transsumpta
699 3154 918 3223 privilegiorum“
938 3171 954 3208 1
968 3155 1079 3210 archivo
1097 3172 1132 3210 m.
1144 3154 1238 3211 Kutnd
1252 3155 1328 3226 Hory

34 3271 72 3309 na
91 3255 160 3307 listn
179 3258 195 3304 9
213 3267 247 3304 11
265 3251 391 3320 napisem
412 3249 548 3314 ,Zastava
564 3249 659 3320 rychty
672 3250 803 3305 Endrlovi
815 3251 1052 3319 mincmejstrcri.“
1071 3252 1330 3311 Τ11111111.101.

36 3352 146 3419 zapsdn
165 3349 208 3400 tei
227 3346 311 3415 beslry
329 3341 445 3414 pieklsd
463 3344 559 3397 tohoto
574 3343 649 3398 listu.
668 3375 701 3384 -
720 3346 865 3417 Veselsky,
883 3346 979 3402 Kutna
990 3347 1067 3402 IIcrc
1085 3353 1132 3402 str.
1145 3354 1187 3402 31.
1204 3377 1238 3390 -
1256 3348 1333 3403 Vre·

35 3442 160 3513 gistrech
188 3441 284 3511 rapisti
309 3438 648 3508 kralovslrychzr.1454
672 3439 726 3494 cim
751 3457 781 3495 se
804 3458 822 3495 o
846 3443 995 3510 majestate
1019 3447 1106 3497 tomto
1130 3442 1242 3498 zmtnlra
1259 3458 1333 3513 spo·

39 3539 183 3594 znsimkou
196 3538 338 3591 sndmornl
349 3534 456 3590 lromise
474 3550 489 3586 a
502 3534 581 3589 tehol
593 3535 665 3588 rolrn
679 3535 786 3602 ,Debre
798 3538 878 3592 ruolc
887 3538 961 3606 J'sme
974 3553 1010 3592 na
1029 3544 1058 3592 to
1071 3537 1211 3594 neviddli.“
1225 3539 1334 3608 (Archiv

36 3620 129 3704 (leski
148 3635 182 3687 IL
202 3640 249 3688 str.
269 3636 339 3700 462.)
358 3662 391 3671 -
408 3631 579 3684 anihecim
599 3631 709 3685 archiru
727 3648 764 3686 na
777 3632 865 3688 Orh'ce
887 3633 973 3688 chora
992 3649 1022 3687 se
1039 3635 1082 3687 tel
1102 3631 1135 3699 (b.
1154 3636 1197 3702 ⁷0)
1218 3635 1333 3704 origindl

35 3734 99 3785 lictu
126 3731 154 3784 d.
180 3749 217 3782 11
243 3730 349 3781 Hermia
371 3728 492 3795 Kotopch
518 3731 553 3780 30
579 3729 672 3780 diemo
698 3732 775 3794 1368,
805 3747 821 3781 v
848 3730 951 3783 kterdm
984 3727 1179 3794 „Meinhardus
1204 3729 1334 3799 Figolais,

32 3826 131 3898 Judex,
150 3832 179 3880 et
197 3824 392 3880 Wencneslaus
406 3822 506 3892 Onsch,
524 3822 655 3892 magister
673 3824 783 3893 ciuium,
800 3831 827 3879 et
846 3827 900 3895 (17)
919 3824 1046 3879 consules
1065 3838 1114 3878 seu
1129 3824 1216 3893 jurati
1228 3824 1332 3881 Montis

35 3924 158 3980 Chnttne
175 3921 266 3976 ciues*
286 3921 438 3990 synnavajt
462 3922 494 3973 ta
518 3920 591 3974 cisai
616 3918 701 3974 Karai
719 3919 757 3971 IV
775 3919 886 3974 darovsl
904 3919 1036 3974 Bonatovi
1058 3918 1216 3976 chmnice
1234 3921 1333 3990 ejcho

33 4019 164 4076 ecdicum
191 4033 242 4087 pro
265 4017 348 4070 verne
369 4015 435 4083 jeho
462 4016 556 4084 slnlby
575 4015 644 4068 drdr
662 4015 770 4084 poblite
794 4017 882 4069 mesta
903 4013 996 4070 Kntne
1014 4013 1100 4085 Hory,
1124 4015 1204 4086 lrtery
1226 4015 1334 4087 druhdy

32 4113 217 4172 Enderlineri
241 4112 353 4182 pribeii
373 4111 485 4178 naleiel,
512 4111 598 4168 avialr
621 4112 698 4180 jemn
716 4129 766 4182 pro
791 4111 904 4181 piediny
926 4110 992 4179 jeho
1010 4111 1056 4180 byl
1074 4110 1258 4167 konfislrcrdn
1277 4113 1333 4181 (cu-

29 4213 102 4268 riam
131 4224 222 4280 prope
248 4209 370 4262 Mentem
399 4207 517 4262 Ohuttne
544 4205 632 4274 sitam,
660 4222 713 4276 qne
744 4207 880 4277 quondam
910 4206 1095 4276 Thomychcin
1124 4206 1190 4262 dicti
1219 4207 1278 4263 Han
1304 4214 1333 4265 ct

28 4312 99 4382 post
117 4305 173 4359 hoc
190 4302 333 4357 Enderhni
353 4301 556 4370 examinatoris,
582 4308 736 4357 nostrorum
768 4302 928 4367 concinium,
957 4302 1045 4357 inisse
1074 4301 1233 4370 dinoscitur,
1260 4320 1333 4360 nunc

26 4405 64 4462 sd
99 4398 222 4457 cundem
253 4397 392 4451 dominum
420 4402 543 4451 nostrum
562 4396 753 4466 imperatorem
780 4401 894 4467 propter
917 4411 968 4452 sua
992 4395 1125 4454 demerita
1149 4404 1177 4454 et
1200 4414 1332 4457 excessus

20 4498 174 4560 notabiles
203 4495 281 4548 iuxta
309 4493 534 4548 consuetudinem
554 4495 630 4562 regni
648 4494 760 4548 Boemie
778 4493 954 4563 deuolntam).

1141 4623 1174 4674 ³8
