3098 5392
746 441 822 492 maa.
1364 444 1428 513 799

229 646 440 716 Wenceslaus
474 647 528 715 dei
561 650 671 732 gracia
700 649 917 716 Romanorum
949 670 1007 718 rex
1041 671 1168 736 semper
1199 660 1361 737 augustus
1395 660 1427 720 et

123 763 258 828 Boemie
280 781 346 829 rex.
371 762 493 829 Notum
522 763 660 829 facimus
692 769 806 831 tenore
827 766 1233 849 presencium'vniuersis,
1264 768 1352 852 quod
1372 786 1427 835 cu-

124 878 251 959 pientes
275 877 500 944 condicionem
523 877 668 944 ciuitatis
692 884 802 945 nostre
817 878 997 946 Pilsnensia
1019 878 1091 946 lieri
1115 881 1283 949 meliorem
1305 887 1339 949 et
1361 883 1425 966 sig-

122 997 239 1057 nanter
261 991 303 1056 ad
326 991 396 1073 hoc,
423 996 460 1057 ut
482 990 570 1058 dicta
593 991 711 1058 ciuitas
744 992 804 1059 sub
835 994 925 1075 pacis
957 998 990 1060 et
1010 995 1259 1078 tranquillitatis
1280 1000 1426 1079 tempore

121 1106 317 1173 necessariis
340 1105 553 1189 apparatibus
575 1108 771 1173 communita
793 1124 990 1189 gwerrarum
1009 1114 1154 1190 tempore
1176 1108 1350 1175 hostilibus
1375 1111 1426 1176 in·

121 1221 271 1288 cursibus
293 1221 448 1287 resistere
462 1221 569 1288 valeat
584 1227 683 1305 atque
707 1225 822 1306 possit,
851 1242 916 1290 non
931 1241 990 1306 per
1004 1240 1147 1290 errorem
1160 1227 1218 1288 aut
1232 1223 1424 1306 improuida,

121 1336 179 1403 sed
202 1336 310 1400 animo
334 1334 512 1402 deliberato
530 1341 564 1402 at
593 1354 633 1402 ex
656 1343 745 1404 certa
766 1341 878 1404 nostra
909 1337 1060 1419 sciencia,
1082 1356 1208 1404 necnon
1230 1337 1424 1404 auctoritate

119 1452 213 1534 regia
224 1449 366 1531 Boemie,
379 1449 536 1531 predictis
550 1450 677 1519 ciuibus
693 1451 734 1518 de
744 1451 947 1537 benignitate
956 1453 1049 1535 regia
1062 1451 1257 1517 indulsimus
1269 1456 1301 1517 et
1312 1456 1424 1518 tenore

119 1564 326 1648 presencium
349 1563 529 1646 graciosius
552 1564 767 1648 indulgemus,
790 1570 828 1631 ut
850 1563 1004 1631 videlicet
1025 1565 1090 1648 ipsi
1113 1564 1154 1631 de
1177 1565 1321 1647 quolibet
1343 1583 1424 1649 aquo

119 1681 154 1746 in
179 1697 276 1744 curru
298 1678 448 1744 trahente
464 1696 502 1744 ac
519 1679 621 1745 eciam
644 1680 710 1760 illo,
736 1680 791 1763 qui
808 1679 889 1746 liber
912 1679 953 1746 ad
971 1698 1027 1746 seu
1050 1698 1109 1762 per
1130 1681 1236 1763 ipsam
1259 1682 1424 1748 ciuitatem

118 1794 261 1873 ducitur,
285 1811 383 1857 vnum
406 1793 581 1873 belensem,
604 1792 645 1859 de
658 1793 803 1877 qnalibet
826 1812 935 1874 uacca,
957 1811 1020 1877 que
1042 1794 1097 1861 die
1117 1793 1181 1860 fori
1196 1793 1238 1859 ad
1257 1794 1422 1862 ciuitatem

117 1908 227 1990 ipsam
249 1905 409 1973 vendendi
425 1924 525 1972 causa
539 1905 678 1987 ducitur,
695 1925 794 1974 vnum
815 1907 990 1991 holensem,
1014 1908 1056 1974 de
1070 1906 1214 1990 quolibet
1234 1907 1319 1973 boue
1341 1908 1423 1976 ciui·

115 2026 221 2087 tatem
243 2020 422 2103 predictam
436 2025 684 2104 pertranseunte
699 2021 770 2087 siue
786 2022 840 2087 die
854 2021 916 2089 lori
936 2023 1008 2089 sina
1022 2040 1214 2105 quacunque
1235 2022 1302 2088 alia
1323 2042 1420 2089 vnum

115 2137 285 2202 belensem
315 2136 446 2202 nomine
467 2133 610 2202 thelonei
640 2137 808 2218 percipere
837 2137 967 2202 valeant
996 2141 1029 2202 et
1056 2137 1177 2217 leuare,
1199 2141 1296 2219 prout
1318 2137 1420 2204 eciam

113 2250 202 2317 alias
226 2269 264 2315 ex
286 2249 412 2316 indulto
443 2249 645 2316 serenissimi
666 2250 835 2333 principis,
868 2250 1030 2331 quondam
1062 2249 1186 2316 domini
1208 2254 1242 2316 et
1263 2248 1420 2332 genitoris

113 2365 234 2446 nostri,
257 2365 379 2432 domini
401 2364 524 2446 Karoli,
547 2364 765 2431 Romanorum
794 2364 1009 2448 imperatoris,
1033 2369 1066 2430 et
1087 2370 1198 2431 nostro
1221 2366 1329 2447 ipsum
1350 2364 1419 2430 the

113 2482 249 2547 loneum
277 2477 464 2560 percepisse
486 2481 673 2543 noscuntur.
712 2476 765 2543 Sic
787 2481 906 2559 tamen,
933 2476 1019 2560 quod
1041 2495 1199 2544 summam
1220 2477 1358 2559 pecunie
1380 2496 1419 2544 er

113 2590 303 2660 huiusmodi
326 2591 476 2657 theloneo
497 2589 741 2673 prouenientem
757 2590 791 2656 in
806 2609 884 2657 vsns
907 2589 1051 2657 ciuitatis
1074 2591 1229 2674 ipsorum,
1253 2591 1419 2674 signanter

113 2708 149 2772 in
172 2704 452 2771 reedificacionem
474 2704 623 2785 turrium,
653 2704 737 2769 muri
767 2709 801 2770 et
830 2702 1035 2771 effossionem
1057 2705 1172 2771 iossati
1195 2710 1228 2770 et
1248 2724 1313 2771 non
1334 2705 1417 2772 alios

113 2824 307 2888 conuertere
339 2818 477 2884 debeant
509 2819 642 2884 realiter
674 2837 748 2884 cum
779 2816 905 2885 effectu.
951 2817 1089 2885 Presens
1118 2817 1222 2885 eciam
1254 2819 1416 2886 indultum

113 2938 264 3001 nostrum
295 2932 336 2998 de
358 2932 570 3015 percepcione
599 2932 752 2999 videlicet
782 2932 924 3000 thelonei
949 2931 1128 3014 supradicti
1150 2932 1297 2998 tamdiu
1319 2932 1415 3000 dura·

111 3058 227 3115 turum
258 3046 472 3128 decernimus,
503 3066 599 3130 quam
630 3047 686 3113 diu
716 3047 861 3128 anobis,
892 3044 1067 3113 heredidus
1094 3045 1147 3111 uel
1171 3046 1413 3113 successoribus

112 3163 248 3242 nostris,
282 3161 416 3227 Boemie
437 3160 579 3244 regibus,
614 3179 653 3226 ex
686 3166 775 3227 certa
809 3160 951 3227 sciencia
986 3178 1050 3226 non
1083 3158 1184 3225 luerit
1216 3165 1412 3227 reuocatum.

113 3276 310 3343 Mandemus
334 3276 436 3357 igitur
457 3275 619 3341 uniuersis
642 3279 675 3339 et
698 3274 836 3356 singulis
852 3273 973 3341 nostris
989 3277 1023 3338 et
1036 3273 1130 3356 regni
1146 3272 1278 3339 Boemie
1294 3272 1415 3340 officia·

112 3391 212 3469 libus,
236 3387 375 3454 subditis
388 3392 421 3453 et
435 3386 596 3469 fidelibus,
612 3386 748 3453 firmiter
764 3392 797 3453 et
812 3386 969 3467 districte,
992 3391 1150 3470 quatenus
1166 3385 1308 3469 prefatos
1325 3386 1413 3453 ciues

112 3506 147 3571 in
171 3502 384 3586 percepcione
406 3502 486 3568 dicti
509 3502 650 3568 thelonei
673 3520 736 3567 non
761 3499 939 3583 impediant
969 3518 1029 3566 nec
1052 3500 1202 3583 impediri
1224 3518 1282 3582 per
1303 3518 1413 3582 quem·

113 3619 202 3700 piam
215 3616 395 3698 paciantur,
409 3616 466 3681 sed
479 3616 591 3698 pocius
608 3616 694 3682 circa
708 3615 894 3682 huiusmodi
906 3619 1017 3682 nostro
1028 3615 1158 3681 nomine
1172 3619 1412 3697 manuteneant,

113 3735 286 3814 protegant
316 3734 349 3794 et
378 3729 562 3810 defendant,
592 3734 688 3813 prout
719 3730 979 3812 indignacionem
1009 3733 1154 3796 nostram
1182 3728 1410 3810 grauissimam

112 3843 276 3911 voluerint
309 3842 417 3908 arcius
452 3843 584 3907 euitare.
630 3842 839 3909 Presenoium
872 3842 931 3909 sub
964 3842 1054 3924 regie
1084 3847 1195 3908 nostre
1228 3841 1409 3909 maiestatis

113 3957 222 4040 sigillo
256 3955 442 4021 testimonio
475 3956 651 4021 literarum.
698 3956 816 4022 Datum
847 3956 951 4038 Prage
981 3975 1065 4022 anno
1088 3955 1211 4022 domini
1237 3955 1409 4022 millesimo

113 4071 341 4137 trecentesimo
372 4070 590 4151 octuagesimo
623 4075 747 4153 octauo,
782 4069 864 4137 laria
894 4071 996 4136 tercia
1025 4074 1100 4152 post
1128 4068 1247 4135 festum
1277 4086 1410 4136 conner-

113 4184 215 4252 sionis
231 4183 335 4249 sancti
350 4183 454 4267 Pauli,
477 4204 649 4268 regnorum
665 4191 847 4252 nostrorum
869 4204 954 4252 anno
969 4184 1103 4252 Boemie
1117 4184 1271 4252 vicesimo
1286 4182 1408 4266 quinto,

113 4301 331 4368 Romanorum
352 4316 428 4364 vero
452 4298 652 4383 duodecimo.

219 4435 286 4522 [Na
309 4433 424 4524 ohbu:]
448 4437 499 4503 Ad
515 4438 701 4504 mandatum
716 4438 838 4506 domini
854 4441 952 4521 regis,
977 4437 1213 4504 subcamerario
1236 4437 1405 4520 referente,
1450 4422 1453 4427 ’

652 4552 840 4618 Wlochnico
864 4552 904 4618 de
925 4551 1168 4636 Weytemmule.

215 4662 280 4753 [Na
301 4663 415 4750 rubnt]
437 4666 475 4732 R.
498 4665 707 4755 Wenceslaus
731 4667 772 4733 de
795 4667 958 4751 Jenykow.
