3098 5392
733 412 819 467 tur.

686 655 751 738 ds.
774 670 848 739 eoo.
1053 770 1061 799 x

507 841 607 924 1351,
629 842 673 912 11
696 843 822 914 rodus
841 843 876 913 v
890 841 1020 913 Prsss

119 1018 206 1085 Krec
225 1019 327 1086 Κανά
356 1019 415 1096 IV,
436 1018 552 1086 cdbdnd
571 1018 750 1104 pellitorum,
778 1022 812 1086 de
838 1015 979 1102 octob,
1004 1016 1149 1102 pileolo!
1171 1015 1186 1083 ὅ
1205 1012 1317 1084 obsoleo
1345 1014 1415 1084 obse

117 1130 564 1198 muunomsomsass
582 1151 618 1198 o
633 1125 1414 1216 possempomssoesmpsoso

118 1243 233 1310 nocet
253 1262 366 1327 pomos
393 1244 451 1311 neb
473 1241 718 1321 documen,
746 1242 869 1329 debetis,
897 1241 1063 1328 repom
1092 1242 1197 1310 bcdost
1223 1238 1304 1310 oses
1329 1244 1424 1311 ceso.

113 1355 632 1445 plotits'mdnonddpits'brdo
651 1357 755 1434 sr'stel,
783 1354 911 1440 duplos·
935 1348 1411 1425 osscmmotooudssoa-

118 1471 203 1547 lcno,
225 1492 247 1537 c
269 1473 308 1538 od
326 1475 500 1554 pr'cstosou
520 1471 667 1538 ododddts'
687 1469 875 1539 storoddoni
891 1467 971 1538 orec
991 1466 1261 1537 rectissimos
1280 1460 1414 1537 embolo

163 1582 320 1652 Quoto
332 1584 479 1652 odoodoos'
498 1583 682 1672 Iicsdolfooo‘,
703 1585 737 1653 le
757 1603 776 1651 s
783 1584 914 1668 puseo
925 1581 1028 1650 toleto
1041 1579 1143 1650 circlos
1157 1580 1264 1649 douln
1277 1580 1370 1667 seJ'dc·

223 1759 363 1826 Knrolus
385 1759 439 1827 dei
460 1760 572 1844 grecis
591 1761 809 1828 Romanorum
827 1776 886 1826 rex
907 1774 1035 1842 semper
1055 1760 1213 1841 augustus
1233 1760 1266 1824 ct
1281 1755 1414 1824 Boemie

119 1891 183 1940 rex.
207 1872 329 1940 Notum
349 1872 486 1939 fecimus
507 1877 620 1941 tenore
640 1872 845 1956 presencium
866 1870 1038 1953 uniuersis,
1068 1871 1164 1955 quod,
1194 1871 1272 1955 quis
1300 1869 1413 1937 dilecti

120 1986 223 2054 rostri
241 1984 351 2070 juder,
369 1986 472 2070 jnrsti
493 1989 527 2053 et
547 1990 616 2053 tots
638 1985 848 2053 communitas
876 1982 1020 2051 ciuitatis
1050 1986 1160 2051 nostre
1188 1981 1413 2051 Litbomie'rci·

120 2099 226 2166 censis
257 2098 300 2164 sd
326 2102 453 2165 nostres
485 2098 680 2165 instantiuss
709 2115 822 2181 preces
849 2096 882 2163 et
901 2115 961 2180 pro
983 2100 1095 2163 nostra
1116 2114 1181 2164 non
1201 2096 1329 2164 modico
1350 2096 1413 2165 vti·

119 2212 209 2279 litote
238 2210 472 2295 qninquaginta
500 2215 639 2296 quatuor
669 2226 845 2295 sexagenas
875 2216 1061 2294 grossorum
1089 2208 1299 2294 pragensium
1328 2227 1413 2278 enno

119 2323 263 2409 quolibet
295 2323 433 2391 subsidii
462 2325 592 2392 nominc
620 2323 767 2390 sdinstsr
796 2322 891 2390 vuius
921 2340 1037 2390 census
1067 2322 1145 2390 dere
1172 2327 1206 2389 st
1226 2320 1413 2407 persoluere

118 2437 369 2523 spoponderunt,
406 2436 493 2505 detis
526 2438 595 2505 suis
626 2437 733 2505 literis
765 2436 840 2505 eliis
877 2435 1090 2505 creditoribus
1127 2430 1258 2520 nostris,
1295 2434 1412 2521 qubus

116 2550 302 2619 huiusmodi
326 2552 465 2618 nnnusle
487 2549 669 2619 subsidium
690 2569 750 2618 sen
771 2568 903 2618 censum
928 2549 1063 2617 ulterius
1084 2550 1206 2618 nostris
1226 2549 1332 2619 literis
1354 2548 1410 2619 de·

115 2665 305 2749 possuimus
328 2680 496 2746 supereo,
525 2678 692 2746 noscero,
714 2663 771 2746 qui
793 2662 967 2731 eorundem
993 2663 1116 2731 ciuium
1144 2667 1327 2731 nostrorum
1355 2682 1411 2748 pe-

113 2779 230 2847 riculis
252 2781 287 2843 st
308 2775 574 2843 indemnitatibus
596 2776 764 2859 precsueri
780 2776 959 2860 graciosius
974 2773 1173 2858 affectantes,
1194 2775 1278 2860 ipsis
1297 2775 1412 2844 tenore

113 2891 205 2975 regio
229 2888 381 2956 duximus
402 2887 663 2971 promittendum,
686 2887 771 2971 qnod
792 2874 952 2973 pendente
967 2889 1131 2956 solucione
1145 2886 1262 2971 profatu·
1278 2882 1410 2957 munuli

114 3001 256 3070 subsidii
278 3018 337 3066 seu
358 3018 473 3066 census
496 3000 586 3084 ipsos
610 2999 832 3081 eiciuitetem
860 3004 1003 3068 nostrcm
1025 3002 1174 3069 volumus
1197 3003 1288 3069 iuxta
1308 3002 1410 3087 impo

114 3117 273 3183 sidionem
306 3113 396 3196 prius
429 3112 574 3179 adiustsr
602 3114 740 3180 alierum
771 3113 939 3180 ciuitatum
972 3103 1100 3195 factam,
1134 3114 1163 3180 si
1196 3113 1249 3180 uel
1282 3113 1409 3197 quando

114 3227 243 3310 aliquid
265 3225 495 3310 imponendum
517 3227 599 3309 ipsis
620 3226 728 3308 luerit,
751 3244 790 3293 eo
811 3225 969 3292 libencius
990 3225 1153 3308 respicere
1174 3226 1329 3311 graciose.
1357 3227 1409 3294 dd

114 3341 249 3408 maioris
273 3340 376 3407 eciam
397 3344 507 3407 nostro
528 3341 638 3425 grecie
659 3341 822 3406 cumulum
844 3344 877 3405 st
897 3339 1040 3406 fauorem
1063 3339 1263 3406 declaremus
1289 3343 1323 3406 et
1351 3359 1408 3407 no·

114 3462 224 3523 tnuoer
239 3455 457 3538 exprimimus,
480 3454 565 3538 quod
586 3455 835 3537 quamprimum
849 3450 1060 3537 essigncci0¹)
1081 3452 1210 3520 illerum
1224 3451 1410 3520 XXXVIII⁰

115 3586 298 3636 marcarum
320 3587 404 3634 enno
431 3566 574 3650 quolibet
594 3566 714 3632 illustri
736 3565 917 3648 Rudolpho,
940 3565 1014 3633 duci
1036 3565 1185 3649 Saxonis,
1215 3565 1353 3649 principi
1376 3570 1410 3632 et

116 3682 279 3748 auunculo
301 3684 411 3747 nostro
432 3677 616 3760 karissimo,
638 3677 868 3760 iscieuderum,
891 3677 932 3745 de
954 3682 1107 3746 consueto
1122 3684 1156 3746 st
1169 3678 1304 3762 antiquo
1327 3677 1408 3746 ciui·

116 3796 193 3861 tetis
216 3793 321 3877 ipsius
343 3810 451 3873 censu,
475 3809 570 3873 quem
592 3789 655 3857 sibi
679 3789 915 3873 deputeuimus‚
946 3791 1153 3874 expircnerit,
1183 3790 1269 3875 quod
1291 3795 1408 3858 extumo

115 3907 246 3974 eusdem
275 3902 427 3971 XXVIII⁰
447 3921 571 3970 marces
600 3902 735 3986 prefatis
765 3902 885 3970 nostris
915 3903 1042 3971 ciuibus
1071 3909 1105 3970 et
1133 3904 1271 3987 ciudtsti,
1304 3908 1408 3973 uteo
1475 3986 1478 3991 ‚

114 4021 232 4089 melius
254 4017 433 4085 antedictas
455 4015 529 4083 LIV
550 4034 726 4100 sexagenas
748 4034 934 4100 grossorum
956 4014 1090 4083 sufferre
1111 4017 1265 4100 poterint,
1287 4015 1407 4085 donoro

114 4135 264 4202 volumus
285 4131 386 4199 libere
408 4150 447 4198 sc
464 4130 567 4197 eciem
596 4130 769 4213 applicare,
803 4130 851 4197 sic
880 4128 1041 4212 videlicet,
1074 4129 1160 4212 quod
1188 4128 1232 4197 ed
1260 4130 1407 4215 essigns·

114 4249 242 4317 cionem
264 4245 438 4312 eorundem
452 4241 605 4310 XXVIII⁰
617 4262 798 4311 marcarum
817 4243 969 4327 deinceps
984 4242 1065 4311 nulli
1080 4242 1175 4310 elteri
1190 4243 1257 4311 siut
1269 4243 1405 4313 astricti

113 4360 309 4428 lisndsntss
337 4358 499 4424 uniuersis
529 4355 720 4424 officialibus
749 4357 879 4438 nostris,
909 4356 1127 4440 cuiuscunque
1153 4357 1323 4441 dignitatis
1346 4374 1405 4424 seu

113 4474 245 4542 nomine
267 4471 442 4553 extiterint,
464 4470 669 4554 presentibus
692 4474 725 4536 st
745 4469 874 4552 futuris,
896 4467 1045 4537 fidelibus
1067 4470 1189 4537 nostris
1203 4469 1342 4553 dilectis,
1364 4488 1405 4538 ne

113 4588 185 4675 quis
216 4604 338 4668 eorum,
372 4586 444 4652 siue
472 4584 506 4651 in
536 4602 636 4667 regno
665 4583 798 4651 Bosmie
830 4583 882 4650 uel
915 4587 1007 4650 extre
1038 4584 1206 4653 constituti
1238 4582 1405 4666 fuerimus,
1496 4636 1502 4645 .

1199 4712 1250 4769 ”⁸
