3098 5392
131 431 199 500 494
753 433 828 527 rasa.

130 644 233 723 psaue
254 641 375 706 milosti
398 640 531 722 poviuui
553 639 620 722 byli
642 640 797 706 skutedud
818 641 985 708 zaehovati
1007 674 1052 689 κ-
1073 642 1140 724 ped
1155 644 1296 725 polrutou
1314 644 1393 709 buliu

131 754 353 820 kralovskeho.
383 789 429 797 -
458 753 529 817 Dan
561 772 579 815 v
603 751 770 819 Chrudimi
792 754 879 819 letha
900 754 1015 822 boilhe
1038 755 1179 822 tislmbo
1201 756 1329 823 tristem
1346 755 1393 839 [pa-

131 866 299 949 desttebo]
333 866 462 945 tietlho,
497 864 593 947 podtu
617 850 791 932 litmskeho
825 866 952 932 sesteho
984 866 1060 950 leta,
1095 867 1160 935 den
1197 871 1272 955 pati
1303 872 1393 935 mals

129 979 259 1059 bienna,
282 979 459 1044 krtlovstul
482 977 594 1044 uasieh
616 980 682 1044 leta
704 979 862 1045 sedmeho.

234 1116 326 1203 deslry
343 1130 460 1203 pleklad
477 1149 510 1185 rs
528 1132 592 1186 xvi
610 1133 704 1187 stolati
721 1149 738 1185 v
756 1133 867 1188 archiva
885 1134 973 1189 mesta
989 1133 1095 1190 Sudiee.

693 1397 757 1484 dn.
786 1416 860 1485 aas.

502 1570 599 1650 1353,
621 1570 664 1637 14
686 1572 842 1640 lrvdtua.
867 1571 901 1640 V
922 1572 1053 1641 Pramo.

128 1730 212 1795 Kra'l
241 1731 341 1795 Κανά
371 1732 391 1794 l
396 1730 424 1793 V
440 1729 526 1794 drisci
546 1728 684 1810 kapitola
708 1727 829 1794 bastela
851 1728 1030 1795 Pradskdbo
1046 1730 1153 1813 prdoo
1171 1731 1318 1815 pobdadti
1330 1728 1390 1813 pt'ad

128 1842 207 1907 send
238 1840 394 1907 diabotus
422 1842 580 1924 obpratele
600 1846 700 1906 nudata
722 1841 828 1906 Kaloi
849 1841 950 1925 Horp,
971 1841 1055 1909 laea
1074 1845 1224 1931 aadrdaji
1234 1846 1269 1929 ji
1281 1843 1392 1927 pomam

128 1953 215 2030 arole,
237 1953 341 2038 kalpby
363 1954 502 2037 mabiria,
518 1955 664 2035 pr'isebm'
684 1976 705 2019 α
726 1952 824 2020 lodo
844 1958 946 2020 otdsla
967 1956 1073 2021 Kaine
1096 1958 1187 2042 Hory
1206 1956 1337 2041 odplrab'
1348 1954 1390 2037 iim

374 2069 466 2150 proli
487 2072 580 2132 tendo
601 2067 795 2150 oenomelum
815 2066 859 2133 leo
874 2067 982 2151 potina
1002 2070 1172 2151 dopmnoei.

233 2244 373 2309 Karalus
408 2245 461 2309 dei
483 2245 593 2324 arania
615 2245 828 2309 Romanorum
850 2263 905 2309 rex
927 2262 1054 2327 semper
1071 2251 1232 2329 augustas
1247 2252 1279 2313 et
1291 2243 1394 2313 soemo

128 2374 191 2421 rer.
227 2356 526 2422 llouorabilibus..
551 2355 724 2439 preposito,
749 2408 779 2421 ..
803 2356 934 2438 decano,
958 2409 989 2423 ..
1014 2359 1187 2426 scolastico
1216 2361 1334 2442 totique
1356 2374 1394 2423 a·

128 2470 230 2551 pitulo
253 2469 391 2535 suolonis
413 2470 595 2551 hagensis,
619 2469 745 2535 deuotis
777 2470 896 2535 uostris
918 2469 1056 2552 dilectis,
1079 2473 1224 2554 graciam
1245 2474 1394 2557 regiamet

127 2601 220 2649 ‹iruiuo
250 2583 376 2649 lunium.
423 2582 579 2664 Exposita
608 2581 701 2647 nobis
731 2581 918 2647 deuooionis
948 2586 1056 2649 vestre
1084 2584 1206 2666 peticio
1229 2582 1395 2661 mutiuebst

126 2694 210 2777 quod
245 2696 390 2761 nonnulli
425 2696 515 2761 ciues
550 2712 606 2759 seu
640 2711 777 2774 persone
814 2693 958 2759 ciuitatis
994 2694 1193 2764 Gbutuensis
1227 2698 1395 2766 solucionem

127 2826 281 2875 ‹rirnmuuu
312 2812 345 2873 ot
366 2808 551 2873 reddituum
573 2811 752 2871 vestrorum
781 2807 982 2889 aliorumque
1003 2807 1123 2873 iurium
1147 2815 1180 2876 et
1199 2810 1354 2889 bonorum
1371 2809 1396 2873 iu

128 2922 245 3005 ‹piriluu
277 2922 367 2988 vorbis
399 2923 496 2988 sertis
526 2939 564 2986 ao
594 2919 726 2985 statutis
756 2921 902 2986 terminis
925 2922 1172 3002 persuolueudis
1203 2924 1333 3007 obligari
1356 2940 1398 2985 uo

128 3041 271 3117 sitiuntur,
290 3035 462 3101 turumarie
487 3038 700 3116 prorogarunt
722 3038 755 3097 et
772 3034 964 3116 protrahunt
985 3034 1020 3099 iu
1042 3039 1187 3101 restmm
1209 3033 1398 3118 preludiaium

130 3169 190 3213 nou
224 3148 383 3215 riuodiruui
415 3152 447 3213 et
478 3149 644 3226 iacturam,
674 3145 830 3229 uobisque
859 3164 916 3228 per
938 3166 995 3213 vos
1016 3147 1184 3215 humiliter
1206 3149 1397 3233 supplicatum

128 3262 244 3341 extitit,
284 3267 318 3327 rt
352 3261 441 3326 rolris
472 3278 569 3343 sirper
599 3278 636 3325 eo
665 3258 787 3324 fauoris
817 3260 919 3324 nostri
950 3259 1140 3345 suffragium
1169 3280 1209 3328 ae
1243 3260 1397 3329 remedium

129 3380 322 3455 ‹qiirrtuunru
346 3375 551 3457 dignaremur
574 3372 742 3457 impartiri.
783 3371 850 3438 Nos
872 3373 983 3454 itaque
1005 3375 1182 3457 cupientes,
1206 3382 1242 3441 vt
1263 3374 1399 3458 predicto

129 3506 199 3552 nun
235 3506 388 3553 eausuurn
423 3493 456 3554 et
488 3490 702 3569 prouentuum
736 3490 924 3567 vestrorum,
960 3505 1040 3569 quos
1069 3487 1191 3554 ibidem
1221 3488 1256 3555 iu
1284 3483 1398 3555 dhutuir

127 3600 291 3683 oluiuotis,
322 3601 454 3667 sorrnotis
483 3597 681 3683 quibuslibet
710 3597 905 3664 dilaeiouum
941 3598 1151 3683 subterfugiis
1173 3599 1313 3667 debitam
1331 3598 1400 3665 solu·

127 3715 251 3779 oiiuieru
282 3720 314 3779 ot
348 3715 605 3779 satisfaccionem
638 3710 801 3778 commode
831 3712 961 3794 assequi
984 3712 1129 3795 possitis,
1151 3713 1244 3780 robis
1265 3714 1400 3787 sanemus,

127 3826 332 3893 eiirieediruus
356 3832 388 3891 ot
410 3828 602 3892 alletoritate
623 3825 714 3906 regia
736 3824 920 3906 virtuteque
945 3825 1148 3906 presencium
1169 3826 1345 3911 graciosius
1363 3823 1400 3889 iu·

126 3938 305 4019 (litigemus,
336 3941 513 4022 plenariam
544 3938 634 4004 vobis
664 3937 832 4003 licenciam
861 3938 1050 4019 tribuentes,
1081 3944 1117 4004 rt
1145 3939 1174 4005 si
1198 3990 1232 4007 ..
1255 3938 1357 4018 iudex,
1375 3982 1400 3999 ..

126 4052 221 4117 iurati
246 4058 279 4117 et
295 4104 325 4117 ..
351 4053 474 4118 scabini
498 4052 642 4118 ciuitatis
667 4050 872 4131 cluanensis,
897 4050 953 4133 qui
975 4070 1060 4117 nune
1082 4057 1160 4118 suut
1182 4052 1237 4120 uel
1258 4072 1316 4137 pro
1334 4058 1401 4117 tem·

127 4182 203 4244 poro
225 4164 354 4245 truserint,
377 4166 642 4248 quandocumque
664 4169 696 4231 et
717 4165 1007 4248 quocienscumque
1028 4182 1086 4246 per
1108 4183 1167 4232 vos
1190 4167 1244 4233 vel
1266 4163 1403 4233 uuueeim

128 4284 250 4340 vitutum
281 4279 429 4361 requisiti
459 4279 589 4358 fuerint,
620 4278 660 4343 de
687 4277 842 4360 predictis
865 4276 992 4343 ciuibus
1014 4282 1047 4343 et
1068 4276 1272 4347 debitoribus
1294 4276 1405 4353 vestris

126 4408 206 4467 «pruris
241 4392 288 4455 ais
323 4393 534 4457 norninaudos
569 4391 736 4470 duxeritis,
770 4408 827 4471 pro
858 4389 1041 4455 huiusmodi
1076 4391 1242 4473 rensibus,
1274 4392 1409 4459 bouiset

129 4500 253 4566 iuribus
286 4505 401 4569 uestris
432 4503 615 4585 expeditam
638 4508 669 4566 et
692 4502 860 4567 indilatam
883 4500 1045 4567 iusticiam
1067 4520 1142 4568 cum
1163 4502 1331 4573 sileatuali
1350 4521 1412 4573 exe·

128 4614 261 4678 oudone
292 4636 353 4680 nou
386 4618 528 4682 facerent
558 4634 614 4680 seu
646 4615 842 4689 exhiberent,
866 4614 995 4680 eosdem
1016 4615 1106 4681 ciues
1128 4622 1163 4682 et
1184 4637 1346 4701 persoms
1364 4636 1417 4687 seu
