3098 5392
675 476 751 529 raas.
1280 483 1344 548 237

45 686 179 761 paterna
202 685 238 746 et
260 687 370 749 nostra
391 686 585 752 auctoritate
607 686 733 752 ciuibus
749 692 782 752 et
798 687 923 752 ciuitati
941 687 1113 769 sepedictis
1128 690 1344 774 attribuimus,

48 799 295 881 appropriamus
325 804 358 864 et
390 799 430 864 de
460 799 606 882 ingenita
628 799 721 867 nubis
743 800 942 882 benignitate
967 801 1132 868 reddimus
1163 809 1196 868 ct
1218 805 1345 887 publice

49 917 145 978 strate
177 930 239 977 seu
271 913 324 978 vie
355 933 426 980 cum
458 914 605 981 curribus
635 915 787 981 hincinde
816 914 998 995 transitum,
1028 921 1125 998 prout
1150 916 1344 1003 abantiquo

49 1025 104 1090 luit
126 1032 161 1091 et
185 1045 205 1090 a
229 1026 512 1108 predecessoribus
544 1029 674 1110 nostris,
706 1033 818 1110 vtputa
843 1028 974 1111 regibus
998 1029 1160 1110 Bohemie,
1191 1032 1272 1114 ipsis
1295 1039 1345 1099 est

50 1158 236 1204 concessum
259 1144 292 1204 et
314 1140 433 1221 datum,
457 1145 492 1206 vt
513 1160 571 1224 per
593 1142 696 1223 ipsam
720 1142 885 1208 ciuitatem
907 1142 999 1207 Auslr
1022 1147 1054 1207 et
1076 1162 1138 1208 non
1161 1162 1220 1225 per
1241 1165 1343 1212 nouas

49 1257 271 1319 ctextraneas
302 1253 372 1319 vias
401 1259 577 1335 transeant,
610 1255 669 1320 sub
700 1256 792 1336 penis
816 1273 912 1337 super
942 1255 1002 1321 hoc
1033 1256 1195 1338 deputatis
1226 1260 1342 1327 iterato

49 1366 269 1447 reformamus,
293 1369 446 1448 volentes,
477 1372 512 1434 vt
541 1388 614 1435 cum
643 1369 856 1435 emolimentis
879 1373 912 1434 et
933 1369 1114 1453 redditibus
1142 1368 1220 1436 dicti
1243 1371 1341 1439 officii

48 1480 132 1545 ciues
156 1481 223 1562 ipsi
247 1499 295 1561 ea,
318 1499 381 1563 que
404 1483 437 1547 in
460 1483 593 1548 ciuitate
608 1488 641 1549 et
656 1487 746 1547 extra
760 1484 1002 1564 reparationem
1025 1487 1057 1547 et
1078 1484 1344 1552 reformacioncm

48 1593 258 1675 indiguerint,
282 1593 420 1661 debeant
441 1597 571 1662 inantea
592 1597 759 1680 perpetuis
781 1596 978 1679 temporibus
1002 1597 1181 1664 emendare.
1219 1597 1344 1665 Harum

49 1713 231 1772 nostrarum
245 1708 432 1775 testimonio
446 1709 634 1776 litterarum.
653 1711 772 1776 Datum
786 1709 918 1775 Brunne
933 1726 1017 1775 anno
1033 1709 1155 1775 domini
1172 1712 1342 1780 millesimo

52 1823 277 1887 trecentesimo
299 1822 462 1889 tricesimo
479 1828 603 1906 quarto,
620 1825 673 1890 dic
691 1825 852 1890 dominica
866 1828 940 1907 post
954 1823 1072 1890 festum
1087 1826 1191 1891 sancti
1205 1826 1341 1895 Bartho-

50 1934 139 2002 lonei
161 1936 303 2017 apostoli
325 1936 478 2018 proxima.

147 2072 294 2127 Obsatcno
319 2073 514 2130 rlronfirmaci
538 2074 619 2167 lrrdls
646 2074 795 2131 Ladislava
818 2075 845 2129 d.
871 2075 991 2130 vPrazc
1017 2081 1049 2130 12
1074 2074 1215 2147 listopadu
1241 2079 1342 2131 trata

56 2166 166 2223 cherane
185 2187 200 2221 r
221 2169 289 2238 orig.
307 2186 324 2223 r
342 2170 455 2224 archirn
472 2187 507 2225 m.
525 2171 588 2226 Uati
607 2171 660 2226 nad
679 2171 783 2226 Labem
802 2170 824 2225 d.
846 2177 886 2226 12.
906 2202 939 2210 —
957 2171 1093 2238 Fcistner,
1112 2171 1275 2227 Geschichtc
1292 2171 1342 2227 der

60 2263 172 2320 nsradt
190 2266 295 2336 Ansaig
312 2272 360 2321 str.
379 2269 412 2320 56
432 2281 449 2321 a
466 2271 525 2321 242.
545 2297 576 2307 -
594 2266 696 2332 Emler,
714 2266 834 2335 Ragssta
851 2266 897 2321 IV.
916 2265 938 2321 c.
960 2271 1000 2321 78.

590 2513 607 2551 *
632 2495 697 2578 (ils.
723 2513 792 2578 172.

381 2666 480 2747 1334,
504 2668 548 2737 11
573 2669 774 2754 listopadu.
796 2668 830 2738 V
846 2667 998 2740 Seurre.

67 2823 131 2890 lircil
150 2827 218 2893 Jan
240 2825 338 2908 cbtdje
360 2824 528 2890 maratus·
548 2829 725 2891 catatonum
747 2847 787 2891 m.
805 2825 911 2892 Masta
933 2826 1042 2903 alcedo,
1063 2825 1173 2893 ktcroo
1188 2827 1339 2908 potorem

102 2940 224 3021 utrpc'li,
248 2939 427 3022 osrobosuje
441 2941 477 3023 je
499 2940 538 3004 od
555 2941 686 3021 placent
706 2942 795 3006 berni
815 2963 837 3005 u
850 2941 963 3025 jirrq'clt
986 2942 1066 3005 darei
1085 2961 1129 3004 no
1151 2940 1195 3004 tr'i
1216 2941 1288 3004 le'to.

151 3098 217 3163 Nos
240 3097 407 3163 lohannes
429 3137 472 3143 -
494 3103 604 3164 notum
627 3097 763 3163 iacimus
779 3137 831 3179 -,
856 3100 941 3180 quod
965 3099 1205 3164 considerantes
1229 3098 1342 3178 grauia

69 3214 90 3269 et
107 3213 179 3275 satis
203 3230 339 3277 onerosa
362 3211 509 3293 dampna,
540 3231 601 3294 quc
624 3250 666 3256 —
690 3212 779 3276 ciues
803 3213 947 3277 ciuitatis
979 3217 1087 3276 nostre
1111 3211 1143 3274 in
1167 3211 1254 3274 Brun
1278 3211 1342 3275 biis

70 3318 159 3388 dicbus
181 3325 303 3405 elapsis
326 3325 482 3405 proximis
505 3344 562 3407 per
578 3325 662 3407 ignis
679 3325 864 3406 voraginem
885 3330 959 3390 sunt
981 3326 1137 3407 perpessi,
1161 3324 1201 3388 dc
1225 3323 1341 3405 quibus

71 3430 133 3512 ipsis
154 3437 389 3518 compacicntes
405 3457 443 3504 ex
459 3440 575 3519 animo,
592 3440 734 3504 volentes
751 3439 798 3502 cis
815 3438 855 3503 da
870 3439 977 3519 aliquo
994 3438 1095 3503 adlruc
1108 3438 1341 3502 consolacionis

70 3547 175 3630 anulio,
205 3556 302 3631 prout
325 3551 488 3616 maiestati
517 3551 607 3632 regio
639 3551 800 3631 condecet,
832 3553 1010 3633 qnaciosius
1044 3549 1225 3633 prouidere,
1258 3550 1339 3631 ipsis

71 3660 164 3727 adata
186 3664 390 3746 presencium
413 3665 453 3730 ad
476 3669 542 3730 tros
565 3684 665 3730 annos
690 3666 858 3730 continuos
880 3702 921 3709 -
939 3665 1038 3730 libere
1062 3664 1285 3729 confirmamus
1308 3667 1341 3727 et

69 3769 199 3841 donamus
221 3777 278 3856 ita,
309 3778 391 3858 quod
416 3779 456 3843 ab
479 3778 625 3844 omnibus
650 3779 778 3858 stcuris,
802 3779 955 3857 collectis,
988 3777 1221 3856 exaccionibns,
1241 3776 1339 3841 dona-

66 3885 197 3967 tionibus,
227 3891 503 3971 imposicionibus,
534 3892 828 3957 contribucionibus
860 3898 891 3955 et
921 3892 1020 3955 borna
1050 3891 1151 3971 rogali
1183 3908 1240 3955 seu
1263 3890 1337 3954 aliis

66 4000 287 4087 quibuscunque
308 4005 535 4070 vexationibus
558 4006 664 4070 medio
686 4010 829 4085 tempore
852 4006 968 4069 dandis
991 4023 1048 4085 per
1070 4022 1127 4069 nos
1151 4007 1183 4066 et
1206 4001 1340 4067 heredes

62 4121 169 4182 nostros
192 4117 259 4182 sint
282 4117 368 4181 iuste
390 4122 423 4181 ct
445 4117 553 4183 debite
575 4118 669 4182 liberi
692 4125 725 4182 et
747 4120 895 4199 exempti,
919 4117 1103 4182 inhibentes
1127 4116 1340 4197 primogenito

58 4235 152 4296 nostro
173 4231 348 4295 karissimo
362 4228 491 4309 Karoia,
515 4231 690 4296 marchioni
708 4232 863 4310 lloruuie,
886 4231 1061 4297 canterario
1077 4248 1115 4294 ac
1131 4229 1205 4293 aliis
1221 4229 1342 4294 nostris

56 4339 237 4408 officialibus
260 4380 314 4420 —,
339 4348 373 4407 vt
396 4345 483 4424 ipsos
507 4344 596 4408 ciucs
621 4349 746 4409 nostros
778 4345 810 4408 in
842 4344 994 4424 predictis
1019 4362 1129 4410 corum
1161 4342 1280 4422 graciis
1310 4347 1343 4405 et

50 4454 246 4521 libertatibus
270 4493 314 4500 -
339 4475 401 4520 non
424 4493 467 4501 —
498 4461 684 4537 presumant
719 4457 902 4537 aliqualiter
936 4457 1114 4520 molestare.
1145 4491 1189 4500 -
1222 4454 1341 4520 Datum

46 4568 226 4654 Borgundie
250 4570 283 4633 in
300 4568 360 4634 Sor
376 4569 409 4632 in
429 4569 483 4633 die
504 4568 592 4634 beati
615 4569 747 4634 Martini
772 4589 855 4634 anna
879 4569 1001 4636 domini
1023 4569 1195 4635 millesimo
1218 4573 1342 4633 trecen-

43 4685 152 4751 tesimo
174 4683 344 4749 tricesimo
366 4685 488 4763 quarto.
