<?xml version="1.0" encoding="UTF-8"?>
<!DOCTYPE html PUBLIC "-//W3C//DTD XHTML 1.0 Transitional//EN"
    "http://www.w3.org/TR/xhtml1/DTD/xhtml1-transitional.dtd">
<html xmlns="http://www.w3.org/1999/xhtml" xml:lang="en" lang="en">
 <head>
  <title>
</title>
<meta http-equiv="Content-Type" content="text/html;charset=utf-8" />
  <meta name='ocr-system' content='tesseract 3.04.00' />
  <meta name='ocr-capabilities' content='ocr_page ocr_carea ocr_par ocr_line ocrx_word'/>
</head>
<body>
  <div class='ocr_page' id='page_1' title='image "./sbrkapramenprva01kingoog/sbrkapramenprva01kingoog_0142.png"; bbox 0 0 3098 5392; ppageno 0'>
   <div class='ocr_carea' id='block_1_1' title="bbox 626 425 1324 492">
    <p class='ocr_par' dir='ltr' id='par_1_1' title="bbox 626 425 1324 492">
     <span class='ocr_line' id='line_1_1' title="bbox 626 425 1324 492; baseline -0.003 0"><span class='ocrx_word' id='word_1_1' title='bbox 626 426 706 478; x_wconf 70' lang='lat'>1²⁸⁹·</span> <span class='ocrx_word' id='word_1_2' title='bbox 1263 425 1324 492; x_wconf 81' lang='lat' dir='ltr'>lor</span> 
     </span>
    </p>
   </div>
   <div class='ocr_carea' id='block_1_2' title="bbox 69 625 1326 698">
    <p class='ocr_par' dir='ltr' id='par_1_2' title="bbox 69 625 1326 698">
     <span class='ocr_line' id='line_1_2' title="bbox 69 625 1326 698; baseline 0.005 -18"><span class='ocrx_word' id='word_1_3' title='bbox 69 625 188 695; x_wconf 83' lang='lat' dir='ltr'>annldo,</span> <span class='ocrx_word' id='word_1_4' title='bbox 210 627 368 684; x_wconf 72' lang='lat' dir='ltr'><strong>Hermanno</strong></span> <span class='ocrx_word' id='word_1_5' title='bbox 392 627 428 683; x_wconf 86' lang='lat' dir='ltr'>de</span> <span class='ocrx_word' id='word_1_6' title='bbox 450 627 604 695; x_wconf 68' lang='lat' dir='ltr'>norwich,</span> <span class='ocrx_word' id='word_1_7' title='bbox 631 628 723 684; x_wconf 85' lang='lat' dir='ltr'>Vlriee</span> <span class='ocrx_word' id='word_1_8' title='bbox 749 627 907 695; x_wconf 85' lang='lat' dir='ltr'>Perulrlino‚</span> <span class='ocrx_word' id='word_1_9' title='bbox 933 628 1053 684; x_wconf 88' lang='lat' dir='ltr'>Henrico</span> <span class='ocrx_word' id='word_1_10' title='bbox 1071 629 1145 685; x_wconf 88' lang='lat' dir='ltr'>dicto</span> <span class='ocrx_word' id='word_1_11' title='bbox 1163 629 1326 698; x_wconf 67' lang='lat' dir='ltr'>Rosmumr,</span> 
     </span>
    </p>
   </div>
   <div class='ocr_carea' id='block_1_3' title="bbox 69 722 1324 874">
    <p class='ocr_par' dir='ltr' id='par_1_3' title="bbox 69 722 1324 874">
     <span class='ocr_line' id='line_1_3' title="bbox 69 722 1324 796; baseline 0.006 -21"><span class='ocrx_word' id='word_1_12' title='bbox 69 722 241 796; x_wconf 69' lang='lat' dir='ltr'>heremitam,</span> <span class='ocrx_word' id='word_1_13' title='bbox 260 725 403 780; x_wconf 75' lang='lat' dir='ltr'>Gerhardo</span> <span class='ocrx_word' id='word_1_14' title='bbox 424 742 498 781; x_wconf 90' lang='lat' dir='ltr'>anno</span> <span class='ocrx_word' id='word_1_15' title='bbox 522 725 626 781; x_wconf 90' lang='lat' dir='ltr'>domini</span> <span class='ocrx_word' id='word_1_16' title='bbox 642 725 897 780; x_wconf 71' lang='lat' dir='ltr'>MCCLXXX1X0.“</span> <span class='ocrx_word' id='word_1_17' title='bbox 926 755 959 766; x_wconf 90' lang='lat'><em>-</em></span> <span class='ocrx_word' id='word_1_18' title='bbox 987 726 1087 793; x_wconf 86' lang='lat' dir='ltr'>Emler,</span> <span class='ocrx_word' id='word_1_19' title='bbox 1110 726 1232 795; x_wconf 80' lang='lat' dir='ltr'>Regeata</span> <span class='ocrx_word' id='word_1_20' title='bbox 1248 727 1324 782; x_wconf 64' lang='grc' dir='ltr'><em>Μ</em></span> 
     </span>
     <span class='ocr_line' id='line_1_4' title="bbox 69 823 223 874; baseline 0.039 -6"><span class='ocrx_word' id='word_1_21' title='bbox 69 823 113 871; x_wconf 76' lang='lat' dir='ltr'>aaa</span> <span class='ocrx_word' id='word_1_22' title='bbox 127 836 140 873; x_wconf 88' lang='lat' dir='ltr'>a</span> <span class='ocrx_word' id='word_1_23' title='bbox 154 824 223 874; x_wconf 75' lang='lat'><strong>2728.</strong></span> 
     </span>
    </p>
   </div>
   <div class='ocr_carea' id='block_1_4' title="bbox 607 1008 751 1090">
    <p class='ocr_par' dir='ltr' id='par_1_4' title="bbox 607 1008 751 1090">
     <span class='ocr_line' id='line_1_5' title="bbox 607 1008 751 1090; baseline -0.007 0"><span class='ocrx_word' id='word_1_24' title='bbox 607 1008 671 1090; x_wconf 82' lang='lat' dir='ltr'>crs.</span> <span class='ocrx_word' id='word_1_25' title='bbox 699 1025 751 1089; x_wconf 81' lang='lat'>42.</span> 
     </span>
    </p>
   </div>
   <div class='ocr_carea' id='block_1_5' title="bbox 327 1177 1029 1277">
    <p class='ocr_par' dir='ltr' id='par_1_5' title="bbox 327 1177 1029 1277">
     <span class='ocr_line' id='line_1_6' title="bbox 327 1177 1029 1277; baseline -0.003 -13"><span class='ocrx_word' id='word_1_26' title='bbox 327 1196 424 1277; x_wconf 82' lang='grc'>1289,</span> <span class='ocrx_word' id='word_1_27' title='bbox 445 1198 489 1265; x_wconf 81' lang='lat'>22</span> <span class='ocrx_word' id='word_1_28' title='bbox 512 1197 707 1266; x_wconf 76' lang='lat' dir='ltr'>dervense.</span> <span class='ocrx_word' id='word_1_29' title='bbox 730 1194 787 1264; x_wconf 83' lang='lat' dir='ltr'>Na</span> <span class='ocrx_word' id='word_1_30' title='bbox 810 1177 1029 1264; x_wconf 68' lang='lat' dir='ltr'>Sumburce.</span> 
     </span>
    </p>
   </div>
   <div class='ocr_carea' id='block_1_6' title="bbox 59 1367 1321 1777">
    <p class='ocr_par' dir='ltr' id='par_1_6' title="bbox 62 1367 1316 1455">
     <span class='ocr_line' id='line_1_7' title="bbox 62 1367 1316 1455; baseline 0.001 -20"><span class='ocrx_word' id='word_1_31' title='bbox 62 1368 169 1436; x_wconf 66' lang='lat' dir='ltr'>iasa</span> <span class='ocrx_word' id='word_1_32' title='bbox 187 1369 463 1446; x_wconf 62' lang='lat' dir='ltr'>caementata,</span> <span class='ocrx_word' id='word_1_33' title='bbox 486 1370 615 1437; x_wconf 64' lang='lat' dir='ltr'>obdrdec</span> <span class='ocrx_word' id='word_1_34' title='bbox 632 1371 673 1437; x_wconf 83' lang='lat' dir='ltr'>od</span> <span class='ocrx_word' id='word_1_35' title='bbox 693 1369 841 1455; x_wconf 74' lang='lat' dir='ltr'>rpehtcir&#39;e</span> <span class='ocrx_word' id='word_1_36' title='bbox 863 1367 1183 1435; x_wconf 65' lang='lat' dir='ltr'>Nemeckobrodsla‘ho</span> <span class='ocrx_word' id='word_1_37' title='bbox 1214 1370 1316 1436; x_wconf 83' lang='lat' dir='ltr'>Wern·</span> 
     </span>
    </p>

    <p class='ocr_par' dir='ltr' id='par_1_7' title="bbox 60 1478 1321 1568">
     <span class='ocr_line' id='line_1_8' title="bbox 60 1478 1321 1568; baseline 0.002 -24"><span class='ocrx_word' id='word_1_38' title='bbox 60 1478 111 1545; x_wconf 77' lang='lat' dir='ltr'>leo</span> <span class='ocrx_word' id='word_1_39' title='bbox 135 1482 222 1550; x_wconf 80' lang='lat' dir='ltr'>cbaos</span> <span class='ocrx_word' id='word_1_40' title='bbox 245 1486 359 1566; x_wconf 71' lang='lat' dir='ltr'>penca,</span> <span class='ocrx_word' id='word_1_41' title='bbox 383 1486 554 1568; x_wconf 64' lang='lat' dir='ltr'>portlacae</span> <span class='ocrx_word' id='word_1_42' title='bbox 574 1504 630 1549; x_wconf 79' lang='lat' dir='ltr'>ma</span> <span class='ocrx_word' id='word_1_43' title='bbox 651 1505 673 1549; x_wconf 85' lang='lat' dir='ltr'>a</span> <span class='ocrx_word' id='word_1_44' title='bbox 696 1482 838 1549; x_wconf 71' lang='lat' dir='ltr'>dddicclm</span> <span class='ocrx_word' id='word_1_45' title='bbox 857 1481 932 1565; x_wconf 81' lang='lat' dir='ltr'>jobo</span> <span class='ocrx_word' id='word_1_46' title='bbox 954 1503 1006 1546; x_wconf 85' lang='lat' dir='ltr'>ces</span> <span class='ocrx_word' id='word_1_47' title='bbox 1029 1483 1199 1547; x_wconf 81' lang='lat' dir='ltr'>Macouroo</span> <span class='ocrx_word' id='word_1_48' title='bbox 1221 1479 1321 1547; x_wconf 78' lang='lat' dir='ltr'>lasce-</span> 
     </span>
    </p>

    <p class='ocr_par' dir='ltr' id='par_1_8' title="bbox 59 1591 1320 1777">
     <span class='ocr_line' id='line_1_9' title="bbox 59 1591 1320 1683; baseline -0.001 -21"><span class='ocrx_word' id='word_1_49' title='bbox 59 1591 175 1662; x_wconf 72' lang='lat' dir='ltr'>ledcdau</span> <span class='ocrx_word' id='word_1_50' title='bbox 197 1597 317 1673; x_wconf 64' lang='lat' dir='ltr'>drisci,</span> <span class='ocrx_word' id='word_1_51' title='bbox 340 1595 429 1663; x_wconf 71' lang='lat' dir='ltr'>taklc</span> <span class='ocrx_word' id='word_1_52' title='bbox 450 1598 508 1663; x_wconf 84' lang='lat' dir='ltr'>ani</span> <span class='ocrx_word' id='word_1_53' title='bbox 528 1595 627 1680; x_wconf 70' lang='lat' dir='ltr'>droby</span> <span class='ocrx_word' id='word_1_54' title='bbox 648 1598 705 1663; x_wconf 81' lang='lat' dir='ltr'>ani</span> <span class='ocrx_word' id='word_1_55' title='bbox 718 1595 840 1683; x_wconf 69' lang='lat' dir='ltr'>Jinpmi</span> <span class='ocrx_word' id='word_1_56' title='bbox 863 1595 1079 1679; x_wconf 76' lang='lat' dir='ltr'>pecinnostmc&#39;</span> <span class='ocrx_word' id='word_1_57' title='bbox 1103 1594 1245 1661; x_wconf 82' lang='lat' dir='ltr'>nebudou</span> <span class='ocrx_word' id='word_1_58' title='bbox 1265 1617 1320 1661; x_wconf 80' lang='lat' dir='ltr'>mu</span> 
     </span>
     <span class='ocr_line' id='line_1_10' title="bbox 550 1709 800 1777; baseline -0.012 -1"><span class='ocrx_word' id='word_1_59' title='bbox 550 1712 616 1777; x_wconf 79' lang='lat' dir='ltr'>alce</span> <span class='ocrx_word' id='word_1_60' title='bbox 635 1709 800 1777; x_wconf 76' lang='lat' dir='ltr'>accdzdai.</span> 
     </span>
    </p>
   </div>
   <div class='ocr_carea' id='block_1_7' title="bbox 26 1883 1324 4578">
    <p class='ocr_par' dir='ltr' id='par_1_9' title="bbox 36 1883 1324 4466">
     <span class='ocr_line' id='line_1_11' title="bbox 133 1883 1323 1952; baseline -0.003 0"><span class='ocrx_word' id='word_1_61' title='bbox 133 1886 166 1952; x_wconf 92' lang='lat' dir='ltr'>In</span> <span class='ocrx_word' id='word_1_62' title='bbox 186 1887 319 1952; x_wconf 87' lang='lat' dir='ltr'>nomine</span> <span class='ocrx_word' id='word_1_63' title='bbox 347 1885 469 1952; x_wconf 92' lang='lat' dir='ltr'>domini</span> <span class='ocrx_word' id='word_1_64' title='bbox 500 1904 602 1952; x_wconf 86' lang='lat' dir='ltr'>amen.</span> <span class='ocrx_word' id='word_1_65' title='bbox 647 1885 715 1952; x_wconf 88' lang='lat' dir='ltr'>Nos</span> <span class='ocrx_word' id='word_1_66' title='bbox 744 1885 946 1951; x_wconf 89' lang='lat' dir='ltr'>Heimannus</span> <span class='ocrx_word' id='word_1_67' title='bbox 975 1885 1081 1950; x_wconf 90' lang='lat' dir='ltr'>dictus</span> <span class='ocrx_word' id='word_1_68' title='bbox 1112 1884 1152 1949; x_wconf 92' lang='lat' dir='ltr'>de</span> <span class='ocrx_word' id='word_1_69' title='bbox 1181 1883 1323 1949; x_wconf 92' lang='lat' dir='ltr'>Luhten·</span> 
     </span>
     <span class='ocr_line' id='line_1_12' title="bbox 56 1994 1322 2081; baseline 0.003 -23"><span class='ocrx_word' id='word_1_70' title='bbox 56 1994 137 2079; x_wconf 81' lang='lat' dir='ltr'>luch,</span> <span class='ocrx_word' id='word_1_71' title='bbox 156 1999 232 2066; x_wconf 87' lang='lat' dir='ltr'>baro</span> <span class='ocrx_word' id='word_1_72' title='bbox 256 1999 395 2065; x_wconf 89' lang='lat' dir='ltr'>illustris</span> <span class='ocrx_word' id='word_1_73' title='bbox 416 2000 503 2081; x_wconf 83' lang='lat' dir='ltr'>regis</span> <span class='ocrx_word' id='word_1_74' title='bbox 525 2016 564 2064; x_wconf 90' lang='lat' dir='ltr'>ac</span> <span class='ocrx_word' id='word_1_75' title='bbox 585 1999 840 2081; x_wconf 74' lang='lat' dir='ltr'>regniacense,</span> <span class='ocrx_word' id='word_1_76' title='bbox 864 1998 1012 2064; x_wconf 92' lang='lat' dir='ltr'>omnihus</span> <span class='ocrx_word' id='word_1_77' title='bbox 1027 1998 1188 2079; x_wconf 90' lang='lat' dir='ltr'>presentis</span> <span class='ocrx_word' id='word_1_78' title='bbox 1203 1998 1322 2079; x_wconf 79' lang='lat' dir='ltr'>pagine</span> 
     </span>
     <span class='ocr_line' id='line_1_13' title="bbox 57 2111 1319 2196; baseline 0.002 -21"><span class='ocrx_word' id='word_1_79' title='bbox 57 2112 144 2178; x_wconf 76' lang='lat' dir='ltr'>anem</span> <span class='ocrx_word' id='word_1_80' title='bbox 162 2114 358 2195; x_wconf 88' lang='lat' dir='ltr'>inspecturis</span> <span class='ocrx_word' id='word_1_81' title='bbox 382 2114 519 2179; x_wconf 90' lang='lat' dir='ltr'>salutem</span> <span class='ocrx_word' id='word_1_82' title='bbox 541 2114 575 2177; x_wconf 93' lang='lat' dir='ltr'>in</span> <span class='ocrx_word' id='word_1_83' title='bbox 598 2114 726 2179; x_wconf 91' lang='lat' dir='ltr'>domino</span> <span class='ocrx_word' id='word_1_84' title='bbox 750 2113 987 2195; x_wconf 89' lang='lat' dir='ltr'>sempiternam.</span> <span class='ocrx_word' id='word_1_85' title='bbox 1018 2111 1069 2178; x_wconf 88' lang='lat' dir='ltr'>Ne</span> <span class='ocrx_word' id='word_1_86' title='bbox 1090 2113 1156 2194; x_wconf 82' lang='lat' dir='ltr'>illa,</span> <span class='ocrx_word' id='word_1_87' title='bbox 1179 2131 1243 2196; x_wconf 90' lang='lat' dir='ltr'>que</span> <span class='ocrx_word' id='word_1_88' title='bbox 1264 2130 1319 2194; x_wconf 84' lang='lat' dir='ltr'>ge·</span> 
     </span>
     <span class='ocr_line' id='line_1_14' title="bbox 56 2225 1321 2309; baseline 0.002 -21"><span class='ocrx_word' id='word_1_89' title='bbox 56 2230 141 2289; x_wconf 84' lang='lat' dir='ltr'>runtur</span> <span class='ocrx_word' id='word_1_90' title='bbox 159 2227 192 2291; x_wconf 93' lang='lat' dir='ltr'>in</span> <span class='ocrx_word' id='word_1_91' title='bbox 214 2234 369 2309; x_wconf 86' lang='lat' dir='ltr'>tempore,</span> <span class='ocrx_word' id='word_1_92' title='bbox 392 2231 536 2293; x_wconf 85' lang='lat' dir='ltr'>vetustas</span> <span class='ocrx_word' id='word_1_93' title='bbox 560 2227 703 2292; x_wconf 91' lang='lat' dir='ltr'>eiusdem</span> <span class='ocrx_word' id='word_1_94' title='bbox 728 2232 874 2293; x_wconf 90' lang='lat' dir='ltr'>conterat</span> <span class='ocrx_word' id='word_1_95' title='bbox 889 2227 939 2292; x_wconf 90' lang='lat' dir='ltr'>vel</span> <span class='ocrx_word' id='word_1_96' title='bbox 955 2226 1045 2291; x_wconf 84' lang='lat' dir='ltr'>iuxta</span> <span class='ocrx_word' id='word_1_97' title='bbox 1066 2225 1223 2293; x_wconf 89' lang='lat' dir='ltr'>obliuiose</span> <span class='ocrx_word' id='word_1_98' title='bbox 1238 2244 1321 2290; x_wconf 92' lang='lat' dir='ltr'>mor·</span> 
     </span>
     <span class='ocr_line' id='line_1_15' title="bbox 57 2336 1323 2421; baseline 0.006 -24"><span class='ocrx_word' id='word_1_99' title='bbox 57 2336 162 2404; x_wconf 84' lang='lat' dir='ltr'>talitatis</span> <span class='ocrx_word' id='word_1_100' title='bbox 183 2340 437 2406; x_wconf 74' lang='lat' dir='ltr'>imbecillitatem</span> <span class='ocrx_word' id='word_1_101' title='bbox 459 2341 499 2406; x_wconf 92' lang='lat' dir='ltr'>de</span> <span class='ocrx_word' id='word_1_102' title='bbox 521 2340 686 2406; x_wconf 92' lang='lat' dir='ltr'>hominum</span> <span class='ocrx_word' id='word_1_103' title='bbox 712 2340 867 2407; x_wconf 90' lang='lat' dir='ltr'>memoria</span> <span class='ocrx_word' id='word_1_104' title='bbox 897 2339 1090 2420; x_wconf 87' lang='lat' dir='ltr'>dilabantur,</span> <span class='ocrx_word' id='word_1_105' title='bbox 1124 2339 1255 2421; x_wconf 84' lang='lat' dir='ltr'>expedit</span> <span class='ocrx_word' id='word_1_106' title='bbox 1283 2357 1323 2405; x_wconf 84' lang='lat' dir='ltr'>ca</span> 
     </span>
     <span class='ocr_line' id='line_1_16' title="bbox 58 2449 1322 2537; baseline 0.006 -27"><span class='ocrx_word' id='word_1_107' title='bbox 58 2449 135 2516; x_wconf 85' lang='lat' dir='ltr'>riuaci</span> <span class='ocrx_word' id='word_1_108' title='bbox 147 2454 325 2519; x_wconf 89' lang='lat' dir='ltr'>litterarum</span> <span class='ocrx_word' id='word_1_109' title='bbox 340 2454 525 2520; x_wconf 88' lang='lat' dir='ltr'>testimonio</span> <span class='ocrx_word' id='word_1_110' title='bbox 548 2459 581 2519; x_wconf 91' lang='lat' dir='ltr'>et</span> <span class='ocrx_word' id='word_1_111' title='bbox 598 2454 711 2537; x_wconf 83' lang='lat' dir='ltr'>lingua</span> <span class='ocrx_word' id='word_1_112' title='bbox 725 2454 857 2519; x_wconf 88' lang='lat' dir='ltr'>testium</span> <span class='ocrx_word' id='word_1_113' title='bbox 872 2453 1075 2535; x_wconf 89' lang='lat' dir='ltr'>perhennari.</span> <span class='ocrx_word' id='word_1_114' title='bbox 1099 2451 1206 2518; x_wconf 89' lang='lat' dir='ltr'>Huius</span> <span class='ocrx_word' id='word_1_115' title='bbox 1221 2453 1322 2535; x_wconf 84' lang='lat' dir='ltr'>igitur</span> 
     </span>
     <span class='ocr_line' id='line_1_17' title="bbox 60 2563 1322 2657; baseline 0.005 -31"><span class='ocrx_word' id='word_1_116' title='bbox 60 2563 141 2644; x_wconf 79' lang='lat' dir='ltr'>scripti</span> <span class='ocrx_word' id='word_1_117' title='bbox 161 2568 363 2633; x_wconf 83' lang='lat' dir='ltr'>continencia</span> <span class='ocrx_word' id='word_1_118' title='bbox 384 2567 425 2632; x_wconf 89' lang='lat' dir='ltr'>ad</span> <span class='ocrx_word' id='word_1_119' title='bbox 448 2568 651 2657; x_wconf 89' lang='lat' dir='ltr'>presencium</span> <span class='ocrx_word' id='word_1_120' title='bbox 682 2567 835 2633; x_wconf 82' lang='lat' dir='ltr'>noticiam</span> <span class='ocrx_word' id='word_1_121' title='bbox 866 2571 898 2631; x_wconf 91' lang='lat' dir='ltr'>et</span> <span class='ocrx_word' id='word_1_122' title='bbox 927 2566 969 2633; x_wconf 90' lang='lat' dir='ltr'>ad</span> <span class='ocrx_word' id='word_1_123' title='bbox 995 2567 1180 2632; x_wconf 84' lang='lat' dir='ltr'>memoriam</span> <span class='ocrx_word' id='word_1_124' title='bbox 1203 2566 1322 2632; x_wconf 89' lang='lat' dir='ltr'>deferri</span> 
     </span>
     <span class='ocr_line' id='line_1_18' title="bbox 60 2675 1321 2763; baseline 0.005 -25"><span class='ocrx_word' id='word_1_125' title='bbox 60 2675 171 2744; x_wconf 71' lang='lat' dir='ltr'>colonus</span> <span class='ocrx_word' id='word_1_126' title='bbox 208 2679 399 2760; x_wconf 77' lang='lat' dir='ltr'>futurorum,</span> <span class='ocrx_word' id='word_1_127' title='bbox 436 2679 521 2763; x_wconf 89' lang='lat' dir='ltr'>quod</span> <span class='ocrx_word' id='word_1_128' title='bbox 559 2699 617 2745; x_wconf 92' lang='lat' dir='ltr'>nos</span> <span class='ocrx_word' id='word_1_129' title='bbox 655 2679 765 2745; x_wconf 90' lang='lat' dir='ltr'>dilecti</span> <span class='ocrx_word' id='word_1_130' title='bbox 803 2679 976 2761; x_wconf 88' lang='lat' dir='ltr'>compatris</span> <span class='ocrx_word' id='word_1_131' title='bbox 1014 2679 1116 2745; x_wconf 88' lang='lat' dir='ltr'>nostri</span> <span class='ocrx_word' id='word_1_132' title='bbox 1150 2684 1183 2745; x_wconf 91' lang='lat' dir='ltr'>et</span> <span class='ocrx_word' id='word_1_133' title='bbox 1216 2678 1321 2744; x_wconf 88' lang='lat' dir='ltr'>fidelis</span> 
     </span>
     <span class='ocr_line' id='line_1_19' title="bbox 62 2781 1320 2876; baseline 0.004 -25"><span class='ocrx_word' id='word_1_134' title='bbox 62 2781 192 2857; x_wconf 83' lang='lat' dir='ltr'>llemheri</span> <span class='ocrx_word' id='word_1_135' title='bbox 209 2793 332 2876; x_wconf 87' lang='lat' dir='ltr'>judicis</span> <span class='ocrx_word' id='word_1_136' title='bbox 355 2793 390 2858; x_wconf 91' lang='lat' dir='ltr'>in</span> <span class='ocrx_word' id='word_1_137' title='bbox 412 2793 499 2859; x_wconf 92' lang='lat' dir='ltr'>Brod</span> <span class='ocrx_word' id='word_1_138' title='bbox 520 2794 637 2859; x_wconf 87' lang='lat' dir='ltr'>merita</span> <span class='ocrx_word' id='word_1_139' title='bbox 658 2798 692 2858; x_wconf 90' lang='lat' dir='ltr'>et</span> <span class='ocrx_word' id='word_1_140' title='bbox 714 2792 926 2859; x_wconf 90' lang='lat' dir='ltr'>seruiciorum</span> <span class='ocrx_word' id='word_1_141' title='bbox 949 2811 1080 2859; x_wconf 89' lang='lat' dir='ltr'>suorum</span> <span class='ocrx_word' id='word_1_142' title='bbox 1103 2792 1246 2857; x_wconf 86' lang='lat' dir='ltr'>crebram</span> <span class='ocrx_word' id='word_1_143' title='bbox 1262 2793 1320 2856; x_wconf 89' lang='lat' dir='ltr'>irn-</span> 
     </span>
     <span class='ocr_line' id='line_1_20' title="bbox 61 2905 1320 2989; baseline 0.003 -24"><span class='ocrx_word' id='word_1_144' title='bbox 61 2905 209 2975; x_wconf 79' lang='lat' dir='ltr'>pusionem</span> <span class='ocrx_word' id='word_1_145' title='bbox 239 2906 355 2989; x_wconf 89' lang='lat' dir='ltr'>suique</span> <span class='ocrx_word' id='word_1_146' title='bbox 384 2906 574 2987; x_wconf 91' lang='lat' dir='ltr'>multiplicis</span> <span class='ocrx_word' id='word_1_147' title='bbox 604 2905 783 2972; x_wconf 82' lang='lat' dir='ltr'>honestatis</span> <span class='ocrx_word' id='word_1_148' title='bbox 814 2905 998 2970; x_wconf 89' lang='lat' dir='ltr'>decenciam</span> <span class='ocrx_word' id='word_1_149' title='bbox 1028 2906 1249 2987; x_wconf 81' lang='lat' dir='ltr'>principaliter</span> <span class='ocrx_word' id='word_1_150' title='bbox 1271 2907 1320 2970; x_wconf 91' lang='lat' dir='ltr'>in·</span> 
     </span>
     <span class='ocr_line' id='line_1_21' title="bbox 61 3017 1321 3102; baseline 0.006 -27"><span class='ocrx_word' id='word_1_151' title='bbox 61 3017 152 3084; x_wconf 88' lang='lat' dir='ltr'>tuentes</span> <span class='ocrx_word' id='word_1_152' title='bbox 173 3020 401 3085; x_wconf 87' lang='lat' dir='ltr'>nichilominus</span> <span class='ocrx_word' id='word_1_153' title='bbox 424 3018 464 3084; x_wconf 88' lang='lat' dir='ltr'>ab</span> <span class='ocrx_word' id='word_1_154' title='bbox 487 3019 598 3085; x_wconf 88' lang='lat' dir='ltr'>eodem</span> <span class='ocrx_word' id='word_1_155' title='bbox 620 3019 781 3102; x_wconf 90' lang='lat' dir='ltr'>quandam</span> <span class='ocrx_word' id='word_1_156' title='bbox 808 3037 964 3084; x_wconf 91' lang='lat' dir='ltr'>summam</span> <span class='ocrx_word' id='word_1_157' title='bbox 986 3020 1122 3100; x_wconf 85' lang='lat' dir='ltr'>pecunie</span> <span class='ocrx_word' id='word_1_158' title='bbox 1146 3019 1248 3084; x_wconf 89' lang='lat' dir='ltr'>eciam</span> <span class='ocrx_word' id='word_1_159' title='bbox 1269 3038 1321 3083; x_wconf 91' lang='lat' dir='ltr'>ac-</span> 
     </span>
     <span class='ocr_line' id='line_1_22' title="bbox 61 3131 1321 3215; baseline 0.004 -25"><span class='ocrx_word' id='word_1_160' title='bbox 61 3133 197 3213; x_wconf 76' lang='lat' dir='ltr'>reptantes,</span> <span class='ocrx_word' id='word_1_161' title='bbox 220 3132 262 3197; x_wconf 89' lang='lat' dir='ltr'>de</span> <span class='ocrx_word' id='word_1_162' title='bbox 285 3133 444 3198; x_wconf 91' lang='lat' dir='ltr'>communi</span> <span class='ocrx_word' id='word_1_163' title='bbox 467 3133 602 3198; x_wconf 91' lang='lat' dir='ltr'>consilio</span> <span class='ocrx_word' id='word_1_164' title='bbox 632 3136 665 3197; x_wconf 94' lang='lat' dir='ltr'>et</span> <span class='ocrx_word' id='word_1_165' title='bbox 694 3136 820 3196; x_wconf 89' lang='lat' dir='ltr'>matura</span> <span class='ocrx_word' id='word_1_166' title='bbox 850 3131 1086 3198; x_wconf 86' lang='lat' dir='ltr'>deliberacione</span> <span class='ocrx_word' id='word_1_167' title='bbox 1116 3133 1321 3215; x_wconf 89' lang='lat' dir='ltr'>omniumque</span> 
     </span>
     <span class='ocr_line' id='line_1_23' title="bbox 60 3239 1320 3326; baseline 0.008 -27"><span class='ocrx_word' id='word_1_168' title='bbox 60 3239 123 3306; x_wconf 87' lang='lat' dir='ltr'>uobis</span> <span class='ocrx_word' id='word_1_169' title='bbox 141 3244 281 3311; x_wconf 85' lang='lat' dir='ltr'>fidelium</span> <span class='ocrx_word' id='word_1_170' title='bbox 296 3247 418 3326; x_wconf 85' lang='lat' dir='ltr'>pariter</span> <span class='ocrx_word' id='word_1_171' title='bbox 440 3264 480 3310; x_wconf 82' lang='lat' dir='ltr'>ex</span> <span class='ocrx_word' id='word_1_172' title='bbox 502 3263 661 3311; x_wconf 90' lang='lat' dir='ltr'>consensu</span> <span class='ocrx_word' id='word_1_173' title='bbox 684 3244 746 3309; x_wconf 92' lang='lat' dir='ltr'>sibi</span> <span class='ocrx_word' id='word_1_174' title='bbox 769 3249 802 3310; x_wconf 92' lang='lat' dir='ltr'>et</span> <span class='ocrx_word' id='word_1_175' title='bbox 825 3245 893 3309; x_wconf 91' lang='lat' dir='ltr'>suis</span> <span class='ocrx_word' id='word_1_176' title='bbox 916 3244 1037 3326; x_wconf 80' lang='lat' dir='ltr'>liberis,</span> <span class='ocrx_word' id='word_1_177' title='bbox 1060 3245 1232 3311; x_wconf 89' lang='lat' dir='ltr'>heredibus</span> <span class='ocrx_word' id='word_1_178' title='bbox 1250 3246 1320 3309; x_wconf 91' lang='lat' dir='ltr'>siue</span> 
     </span>
     <span class='ocr_line' id='line_1_24' title="bbox 58 3358 1321 3442; baseline 0.009 -29"><span class='ocrx_word' id='word_1_179' title='bbox 58 3359 262 3424; x_wconf 78' lang='lat' dir='ltr'>successoribus</span> <span class='ocrx_word' id='word_1_180' title='bbox 286 3360 452 3441; x_wconf 74' lang='lat' dir='ltr'>utriusque</span> <span class='ocrx_word' id='word_1_181' title='bbox 476 3377 582 3439; x_wconf 81' lang='lat' dir='ltr'>serus,</span> <span class='ocrx_word' id='word_1_182' title='bbox 606 3360 724 3439; x_wconf 85' lang='lat' dir='ltr'>villam,</span> <span class='ocrx_word' id='word_1_183' title='bbox 747 3376 810 3441; x_wconf 89' lang='lat' dir='ltr'>que</span> <span class='ocrx_word' id='word_1_184' title='bbox 832 3358 989 3424; x_wconf 83' lang='lat' dir='ltr'>Macerow</span> <span class='ocrx_word' id='word_1_185' title='bbox 1012 3364 1224 3442; x_wconf 83' lang='lat' dir='ltr'>nuncupatur,</span> <span class='ocrx_word' id='word_1_186' title='bbox 1249 3379 1321 3424; x_wconf 90' lang='lat' dir='ltr'>cum</span> 
     </span>
     <span class='ocr_line' id='line_1_25' title="bbox 56 3469 1318 3556; baseline 0.004 -24"><span class='ocrx_word' id='word_1_187' title='bbox 56 3469 117 3545; x_wconf 76' lang='lat' dir='ltr'>agris</span> <span class='ocrx_word' id='word_1_188' title='bbox 136 3474 269 3554; x_wconf 82' lang='lat' dir='ltr'>singulis</span> <span class='ocrx_word' id='word_1_189' title='bbox 293 3477 327 3536; x_wconf 90' lang='lat' dir='ltr'>et</span> <span class='ocrx_word' id='word_1_190' title='bbox 348 3472 510 3537; x_wconf 84' lang='lat' dir='ltr'>rniuersis</span> <span class='ocrx_word' id='word_1_191' title='bbox 536 3472 578 3536; x_wconf 83' lang='lat' dir='ltr'>acl</span> <span class='ocrx_word' id='word_1_192' title='bbox 600 3471 734 3537; x_wconf 90' lang='lat' dir='ltr'>eandem</span> <span class='ocrx_word' id='word_1_193' title='bbox 764 3473 874 3538; x_wconf 82' lang='lat' dir='ltr'>villain</span> <span class='ocrx_word' id='word_1_194' title='bbox 905 3472 1135 3556; x_wconf 84' lang='lat' dir='ltr'>spectantibus,</span> <span class='ocrx_word' id='word_1_195' title='bbox 1167 3472 1318 3538; x_wconf 89' lang='lat' dir='ltr'>videlicet</span> 
     </span>
     <span class='ocr_line' id='line_1_26' title="bbox 56 3585 1323 3670; baseline 0.006 -26"><span class='ocrx_word' id='word_1_196' title='bbox 56 3585 137 3664; x_wconf 80' lang='lat' dir='ltr'>pratis,</span> <span class='ocrx_word' id='word_1_197' title='bbox 157 3587 297 3667; x_wconf 75' lang='lat' dir='ltr'>pascuis,</span> <span class='ocrx_word' id='word_1_198' title='bbox 320 3585 561 3667; x_wconf 89' lang='lat' dir='ltr'>piscacionibus</span> <span class='ocrx_word' id='word_1_199' title='bbox 577 3589 609 3650; x_wconf 91' lang='lat' dir='ltr'>et</span> <span class='ocrx_word' id='word_1_200' title='bbox 624 3585 688 3649; x_wconf 90' lang='lat' dir='ltr'>hiis</span> <span class='ocrx_word' id='word_1_201' title='bbox 711 3586 880 3666; x_wconf 78' lang='lat' dir='ltr'>similibus,</span> <span class='ocrx_word' id='word_1_202' title='bbox 904 3587 1115 3670; x_wconf 88' lang='lat' dir='ltr'>quodcunque</span> <span class='ocrx_word' id='word_1_203' title='bbox 1133 3587 1323 3652; x_wconf 81' lang='lat' dir='ltr'>vocabulum</span> 
     </span>
     <span class='ocr_line' id='line_1_27' title="bbox 54 3698 1320 3781; baseline 0.006 -24"><span class='ocrx_word' id='word_1_204' title='bbox 54 3698 211 3779; x_wconf 80' lang='lat' dir='ltr'>sarciantur,</span> <span class='ocrx_word' id='word_1_205' title='bbox 236 3701 331 3781; x_wconf 92' lang='lat' dir='ltr'>pleno</span> <span class='ocrx_word' id='word_1_206' title='bbox 354 3700 426 3764; x_wconf 90' lang='lat' dir='ltr'>iure</span> <span class='ocrx_word' id='word_1_207' title='bbox 447 3698 568 3781; x_wconf 89' lang='lat' dir='ltr'>absque</span> <span class='ocrx_word' id='word_1_208' title='bbox 580 3699 683 3762; x_wconf 91' lang='lat' dir='ltr'>omnis</span> <span class='ocrx_word' id='word_1_209' title='bbox 707 3718 822 3763; x_wconf 89' lang='lat' dir='ltr'>census</span> <span class='ocrx_word' id='word_1_210' title='bbox 839 3700 1002 3764; x_wconf 85' lang='lat' dir='ltr'>solucione</span> <span class='ocrx_word' id='word_1_211' title='bbox 1017 3705 1050 3764; x_wconf 88' lang='lat' dir='ltr'>et</span> <span class='ocrx_word' id='word_1_212' title='bbox 1066 3701 1202 3765; x_wconf 87' lang='lat' dir='ltr'>aliorum</span> <span class='ocrx_word' id='word_1_213' title='bbox 1218 3700 1320 3765; x_wconf 91' lang='lat' dir='ltr'>serui-</span> 
     </span>
     <span class='ocr_line' id='line_1_28' title="bbox 54 3805 1319 3896; baseline 0.011 -32"><span class='ocrx_word' id='word_1_214' title='bbox 54 3805 144 3876; x_wconf 86' lang='lat' dir='ltr'>ciomm</span> <span class='ocrx_word' id='word_1_215' title='bbox 164 3814 362 3895; x_wconf 88' lang='lat' dir='ltr'>repeticione</span> <span class='ocrx_word' id='word_1_216' title='bbox 393 3813 464 3876; x_wconf 89' lang='lat' dir='ltr'>siue</span> <span class='ocrx_word' id='word_1_217' title='bbox 493 3812 676 3877; x_wconf 88' lang='lat' dir='ltr'>extorsione</span> <span class='ocrx_word' id='word_1_218' title='bbox 706 3812 854 3876; x_wconf 83' lang='lat' dir='ltr'>dedimus</span> <span class='ocrx_word' id='word_1_219' title='bbox 884 3813 955 3876; x_wconf 92' lang='lat' dir='ltr'>siue</span> <span class='ocrx_word' id='word_1_220' title='bbox 981 3815 1184 3896; x_wconf 79' lang='lat' dir='ltr'>contulimus,</span> <span class='ocrx_word' id='word_1_221' title='bbox 1220 3815 1319 3880; x_wconf 88' lang='lat' dir='ltr'>nichil</span> 
     </span>
     <span class='ocr_line' id='line_1_29' title="bbox 52 3919 1319 4008; baseline 0.008 -26"><span class='ocrx_word' id='word_1_222' title='bbox 52 3919 117 3988; x_wconf 84' lang='lat' dir='ltr'>bobis</span> <span class='ocrx_word' id='word_1_223' title='bbox 144 3928 225 3991; x_wconf 89' lang='lat' dir='ltr'>iuris</span> <span class='ocrx_word' id='word_1_224' title='bbox 256 3927 290 3991; x_wconf 94' lang='lat' dir='ltr'>iu</span> <span class='ocrx_word' id='word_1_225' title='bbox 320 3926 433 3990; x_wconf 89' lang='lat' dir='ltr'>eadem</span> <span class='ocrx_word' id='word_1_226' title='bbox 460 3926 536 3991; x_wconf 91' lang='lat' dir='ltr'>villa</span> <span class='ocrx_word' id='word_1_227' title='bbox 558 3931 728 4008; x_wconf 88' lang='lat' dir='ltr'>prenotata</span> <span class='ocrx_word' id='word_1_228' title='bbox 758 3933 996 4007; x_wconf 85' lang='lat' dir='ltr'>conseruantcs,</span> <span class='ocrx_word' id='word_1_229' title='bbox 1031 3929 1087 3992; x_wconf 89' lang='lat' dir='ltr'>sed</span> <span class='ocrx_word' id='word_1_230' title='bbox 1121 3931 1154 3993; x_wconf 94' lang='lat' dir='ltr'>in</span> <span class='ocrx_word' id='word_1_231' title='bbox 1184 3929 1319 3995; x_wconf 90' lang='lat' dir='ltr'>eundem</span> 
     </span>
     <span class='ocr_line' id='line_1_30' title="bbox 50 4027 1320 4123; baseline 0.005 -23"><span class='ocrx_word' id='word_1_232' title='bbox 50 4027 230 4105; x_wconf 76' lang='lat' dir='ltr'>lemborum</span> <span class='ocrx_word' id='word_1_233' title='bbox 249 4041 318 4123; x_wconf 88' lang='lat' dir='ltr'>jam</span> <span class='ocrx_word' id='word_1_234' title='bbox 341 4039 555 4122; x_wconf 89' lang='lat' dir='ltr'>prescriptum</span> <span class='ocrx_word' id='word_1_235' title='bbox 578 4060 650 4105; x_wconf 93' lang='lat' dir='ltr'>cum</span> <span class='ocrx_word' id='word_1_236' title='bbox 674 4042 746 4122; x_wconf 87' lang='lat' dir='ltr'>ipsa</span> <span class='ocrx_word' id='word_1_237' title='bbox 768 4041 944 4105; x_wconf 87' lang='lat' dir='ltr'>collacione</span> <span class='ocrx_word' id='word_1_238' title='bbox 960 4042 1031 4106; x_wconf 91' lang='lat' dir='ltr'>siue</span> <span class='ocrx_word' id='word_1_239' title='bbox 1046 4042 1224 4107; x_wconf 90' lang='lat' dir='ltr'>donacione</span> <span class='ocrx_word' id='word_1_240' title='bbox 1238 4047 1320 4107; x_wconf 91' lang='lat' dir='ltr'>teta-</span> 
     </span>
     <span class='ocr_line' id='line_1_31' title="bbox 45 4142 1323 4236; baseline 0.01 -29"><span class='ocrx_word' id='word_1_241' title='bbox 45 4142 99 4215; x_wconf 86' lang='lat' dir='ltr'>liter</span> <span class='ocrx_word' id='word_1_242' title='bbox 117 4154 350 4219; x_wconf 77' lang='lat' dir='ltr'>transferentes</span> <span class='ocrx_word' id='word_1_243' title='bbox 373 4153 474 4218; x_wconf 90' lang='lat' dir='ltr'>libere</span> <span class='ocrx_word' id='word_1_244' title='bbox 497 4158 530 4218; x_wconf 91' lang='lat' dir='ltr'>et</span> <span class='ocrx_word' id='word_1_245' title='bbox 551 4152 686 4235; x_wconf 91' lang='lat' dir='ltr'>pacifice</span> <span class='ocrx_word' id='word_1_246' title='bbox 708 4159 741 4218; x_wconf 92' lang='lat' dir='ltr'>et</span> <span class='ocrx_word' id='word_1_247' title='bbox 763 4156 795 4218; x_wconf 92' lang='lat' dir='ltr'>in</span> <span class='ocrx_word' id='word_1_248' title='bbox 819 4161 1009 4236; x_wconf 91' lang='lat' dir='ltr'>perpetuum</span> <span class='ocrx_word' id='word_1_249' title='bbox 1031 4156 1103 4220; x_wconf 89' lang='lat' dir='ltr'>siue</span> <span class='ocrx_word' id='word_1_250' title='bbox 1118 4156 1323 4236; x_wconf 89' lang='lat' dir='ltr'>hereditarie,</span> 
     </span>
     <span class='ocr_line' id='line_1_32' title="bbox 41 4267 1324 4350; baseline 0.003 -21"><span class='ocrx_word' id='word_1_251' title='bbox 41 4267 193 4334; x_wconf 77' lang='lat' dir='ltr'>utralibet</span> <span class='ocrx_word' id='word_1_252' title='bbox 223 4267 449 4349; x_wconf 90' lang='lat' dir='ltr'>impedimenti</span> <span class='ocrx_word' id='word_1_253' title='bbox 481 4268 623 4349; x_wconf 83' lang='lat' dir='ltr'>relegato</span> <span class='ocrx_word' id='word_1_254' title='bbox 644 4269 805 4349; x_wconf 86' lang='lat' dir='ltr'>scrupulo,</span> <span class='ocrx_word' id='word_1_255' title='bbox 836 4269 1073 4350; x_wconf 80' lang='lat' dir='ltr'>possidendam,</span> <span class='ocrx_word' id='word_1_256' title='bbox 1097 4274 1130 4333; x_wconf 92' lang='lat' dir='ltr'>et</span> <span class='ocrx_word' id='word_1_257' title='bbox 1151 4269 1324 4333; x_wconf 90' lang='lat' dir='ltr'>cumomni</span> 
     </span>
     <span class='ocr_line' id='line_1_33' title="bbox 36 4381 1324 4466; baseline 0 -21"><span class='ocrx_word' id='word_1_258' title='bbox 36 4381 165 4463; x_wconf 71' lang='lat' dir='ltr'>mirate,</span> <span class='ocrx_word' id='word_1_259' title='bbox 188 4402 253 4466; x_wconf 91' lang='lat' dir='ltr'>que</span> <span class='ocrx_word' id='word_1_260' title='bbox 275 4382 373 4446; x_wconf 90' lang='lat' dir='ltr'>anuis</span> <span class='ocrx_word' id='word_1_261' title='bbox 396 4382 535 4462; x_wconf 81' lang='lat' dir='ltr'>singulis</span> <span class='ocrx_word' id='word_1_262' title='bbox 558 4382 599 4446; x_wconf 91' lang='lat' dir='ltr'>de</span> <span class='ocrx_word' id='word_1_263' title='bbox 622 4381 786 4462; x_wconf 87' lang='lat' dir='ltr'>sepedicta</span> <span class='ocrx_word' id='word_1_264' title='bbox 818 4383 894 4446; x_wconf 78' lang='lat' dir='ltr'>villa</span> <span class='ocrx_word' id='word_1_265' title='bbox 922 4384 1041 4464; x_wconf 91' lang='lat' dir='ltr'>poterit</span> <span class='ocrx_word' id='word_1_266' title='bbox 1063 4383 1245 4462; x_wconf 82' lang='lat' dir='ltr'>prouenire‚</span> <span class='ocrx_word' id='word_1_267' title='bbox 1270 4400 1324 4445; x_wconf 83' lang='lat' dir='ltr'>ex-</span> 
     </span>
    </p>

    <p class='ocr_par' dir='ltr' id='par_1_10' title="bbox 26 4493 1321 4578">
     <span class='ocr_line' id='line_1_34' title="bbox 26 4493 1321 4578; baseline -0.001 -19"><span class='ocrx_word' id='word_1_268' title='bbox 26 4505 107 4578; x_wconf 83' lang='lat' dir='ltr'>cepto</span> <span class='ocrx_word' id='word_1_269' title='bbox 130 4498 198 4563; x_wconf 88' lang='lat' dir='ltr'>selo</span> <span class='ocrx_word' id='word_1_270' title='bbox 221 4493 444 4578; x_wconf 78' lang='lat' dir='ltr'>argentifodio</span> <span class='ocrx_word' id='word_1_271' title='bbox 467 4495 539 4560; x_wconf 88' lang='lat' dir='ltr'>siue</span> <span class='ocrx_word' id='word_1_272' title='bbox 560 4496 699 4575; x_wconf 76' lang='lat' dir='ltr'>metallo,</span> <span class='ocrx_word' id='word_1_273' title='bbox 723 4496 808 4577; x_wconf 89' lang='lat' dir='ltr'>quod</span> <span class='ocrx_word' id='word_1_274' title='bbox 831 4497 860 4561; x_wconf 91' lang='lat' dir='ltr'>si</span> <span class='ocrx_word' id='word_1_275' title='bbox 883 4495 1002 4560; x_wconf 87' lang='lat' dir='ltr'>ibidem</span> <span class='ocrx_word' id='word_1_276' title='bbox 1028 4501 1191 4577; x_wconf 89' lang='lat' dir='ltr'>repertum</span> <span class='ocrx_word' id='word_1_277' title='bbox 1213 4495 1321 4574; x_wconf 85' lang='lat' dir='ltr'>fuerit,</span> 
     </span>
    </p>
   </div>
   <div class='ocr_carea' id='block_1_8' title="bbox 17 4607 1430 4691">
    <p class='ocr_par' dir='ltr' id='par_1_11' title="bbox 17 4607 1430 4691">
     <span class='ocr_line' id='line_1_35' title="bbox 17 4607 1430 4691; baseline -0.001 -15"><span class='ocrx_word' id='word_1_278' title='bbox 17 4610 103 4677; x_wconf 83' lang='lat' dir='ltr'>nobis</span> <span class='ocrx_word' id='word_1_279' title='bbox 135 4619 167 4678; x_wconf 90' lang='lat' dir='ltr'>et</span> <span class='ocrx_word' id='word_1_280' title='bbox 197 4610 312 4677; x_wconf 89' lang='lat' dir='ltr'>eidem</span> <span class='ocrx_word' id='word_1_281' title='bbox 333 4607 512 4673; x_wconf 91' lang='lat' dir='ltr'>Wernhero</span> <span class='ocrx_word' id='word_1_282' title='bbox 542 4610 648 4691; x_wconf 89' lang='lat' dir='ltr'>equali</span> <span class='ocrx_word' id='word_1_283' title='bbox 679 4609 820 4690; x_wconf 92' lang='lat' dir='ltr'>pondere</span> <span class='ocrx_word' id='word_1_284' title='bbox 850 4610 921 4674; x_wconf 87' lang='lat' dir='ltr'>siue</span> <span class='ocrx_word' id='word_1_285' title='bbox 951 4628 1103 4675; x_wconf 91' lang='lat' dir='ltr'>mensura</span> <span class='ocrx_word' id='word_1_286' title='bbox 1128 4609 1268 4675; x_wconf 91' lang='lat' dir='ltr'>fideliter</span> <span class='ocrx_word' id='word_1_287' title='bbox 1289 4610 1322 4672; x_wconf 91' lang='lat' dir='ltr'>et</span> <span class='ocrx_word' id='word_1_288' title='bbox 1426 4667 1430 4674; x_wconf 89' lang='lat'><strong>.</strong></span> 
     </span>
    </p>
   </div>
   <div class='ocr_carea' id='block_1_9' title="bbox 0 0 1554 5392">
    <p class='ocr_par' dir='ltr' id='par_1_12' title="bbox 0 0 1554 5392">
     <span class='ocr_line' id='line_1_36' title="bbox 0 0 1554 5392; baseline 0 0"><span class='ocrx_word' id='word_1_289' title='bbox 0 0 1554 5392; x_wconf 95' lang='lat' dir='ltr'> </span> 
     </span>
    </p>
   </div>
  </div>
 </body>
</html>
