3098 5392
204 420 267 484 938
812 419 888 470 1400.

202 625 319 692 tccbc‘au
346 627 430 708 pred
464 624 628 692 Praisboa
657 626 778 693 branca
807 630 1010 712 apoto-boja
1030 627 1188 694 cdaovriai
1211 627 1358 695 statkaba
1391 652 1413 695 u
1433 626 1517 694 aaa

198 741 319 823 §pilula
348 746 433 805 tomo
462 741 607 816 amadati,
641 742 738 806 slim
767 744 997 821 astanovcaim,
1030 744 1064 809 de
1092 742 1149 808 mci
1179 745 1320 826 sprdvu
1351 743 1429 827 jabo
1447 743 1515 808 rasti

540 852 660 939 bapluo
682 854 782 919 ironic
804 853 823 917 b
846 859 933 918 tomo
954 857 1162 952 asiaaoveapi.

305 1074 516 1139 wenceslaus
539 1077 715 1137 -notum
738 1073 941 1138 facimus-
965 1073 1136 1152 uniuersis,
1161 1073 1257 1140 inter
1277 1077 1381 1160 regie
1404 1076 1510 1145 sollici·

199 1188 328 1254 tudinis
359 1205 453 1253 curas
486 1187 681 1266 innumeras,
713 1185 829 1268 quibus
859 1204 950 1252 mens
973 1187 1060 1268 regis
1083 1187 1186 1252 variis
1212 1196 1389 1273 occupata
1411 1190 1509 1257 tumul·

200 1301 288 1367 tibus
319 1298 431 1367 crebra
461 1299 656 1381 fatigacione
688 1298 835 1378 desudat,
867 1305 1015 1365 occurrat
1040 1299 1240 1384 plerumque
1272 1323 1344 1371 nee
1376 1304 1508 1371 inmerito

201 1415 294 1482 nobis
329 1412 563 1495 contemplaeio
601 1411 795 1491 futurorum,
830 1412 1100 1494 quemadmodum
1133 1417 1295 1484 transitis
1321 1417 1507 1503 temporibus

198 1529 374 1613 perhennis
406 1527 499 1594 nobis
529 1524 669 1592 felicitas
700 1523 827 1590 infinito
856 1526 1017 1608 succedat,
1049 1533 1178 1595 etcum
1202 1530 1375 1599 hincinde
1398 1537 1504 1600 semela

199 1648 309 1709 nostre
340 1640 553 1724 cogitacionis
585 1658 737 1706 arcumen
767 1638 965 1721 accenditur,
996 1640 1082 1707 inter
1112 1648 1226 1709 cetera
1258 1646 1404 1729 pietatis
1425 1661 1505 1729 opem

199 1755 416 1823 eminentibus
432 1753 525 1820 nobis
541 1754 714 1836 prouenire
729 1754 887 1820 sentimus
905 1754 1094 1836 remedium,
1114 1755 1192 1822 dum
1209 1760 1376 1840 personis
1392 1761 1505 1826 misera·

198 1870 320 1937 bilibus
343 1873 479 1952 granato
502 1866 777 1947 decumbentibus,
812 1866 960 1951 quesibi
983 1868 1127 1952 corporis
1155 1869 1353 1954 fragilitate
1376 1870 1503 1957 depressi

202 1983 376 2066 suffragari
398 2001 462 2048 non
478 1982 596 2062 valent,
620 1980 732 2046 dextre
755 1986 865 2047 nosue
887 1981 1032 2048 liberalis
1046 1980 1259 2065 vbeneficium
1283 1992 1323 2053 et
1346 1985 1504 2055 elemosine

200 2097 380 2182 presidium
408 2094 639 2162 ministramus.
686 2093 755 2160 Hec
787 2101 837 2161 est
868 2095 955 2162 enim
977 2096 1082 2162 virtus
1109 2097 1313 2183 elemosine,
1348 2098 1503 2186 querebat

202 2212 358 2278 fluentum
380 2210 479 2276 fontis
503 2208 621 2292 irrigui
643 2212 849 2289 peccatorum
864 2209 1131 2294 inquinnamenta
1154 2209 1309 2296 detergit
1333 2220 1369 2281 et
1393 2220 1504 2282 esaum

201 2327 286 2392 oium
321 2326 478 2390 viciorum
511 2320 656 2388 flammas
691 2322 861 2405 extinguit,
895 2322 973 2389 felix
1009 2324 1119 2407 vtique
1149 2325 1353 2409 elemosina,
1389 2347 1448 2412 que
1472 2324 1504 2390 da

199 2439 345 2505 Jehenne
373 2437 526 2504 barat-hro
558 2435 764 2502 tenebrarum
794 2433 878 2502 filios
909 2435 1051 2502 extrahit
1079 2441 1113 2502 et
1141 2434 1328 2520 adoptatos
1352 2441 1445 2525 regni
1464 2455 1503 2505 oe

200 2553 292 2619 lestis
322 2553 387 2618 luci
417 2555 573 2634 perpetue
603 2549 790 2631 introducit,
823 2567 886 2633 que
917 2548 957 2615 de
979 2548 1126 2615 manibus
1154 2567 1351 2633 pauperum
1375 2554 1459 2620 volat
1476 2550 1503 2616 io

202 2667 306 2732 celum
336 2671 369 2732 et
400 2666 497 2732 deum
530 2664 610 2730 facit
632 2663 815 2729 homiuibus
840 2661 1026 2744 debitorem,
1051 2666 1086 2728 vt
1107 2681 1166 2745 pro
1188 2667 1437 2748 temporalibus
1457 2666 1504 2730 im·

201 2778 328 2860 pendiis
344 2779 476 2860 prebeat
499 2778 710 2843 hereditatem
735 2776 1021 2843 inmarcescibilem
1045 2782 1078 2842 et
1100 2777 1236 2845 celestis
1261 2782 1362 2848 curie
1379 2778 1503 2864 dignita·

202 2898 275 2957 tem.
301 2890 385 2956 Sane
401 2897 436 2957 vt
451 2891 635 2957 huiusmodi
651 2890 743 2956 nobis
760 2891 891 2956 virtutis
908 2890 1049 2957 scintilla
1066 2891 1174 2956 saltim
1188 2890 1352 2960 inhereat
1364 2894 1504 2976 nobisque

203 3023 277 3087 spes
309 3023 422 3070 secura
451 3010 618 3071 remaneat
650 3004 768 3070 habere
795 3023 973 3087 pauperum
998 3004 1216 3087 patrocinium
1242 3006 1278 3072 in
1303 3007 1504 3087 futurumst

204 3124 238 3184 vt
260 3123 371 3184 eterna
402 3139 459 3202 pro
482 3119 680 3185 transitoriis
701 3123 946 3197 commutentur,
969 3119 1234 3185 —auctoritate
1257 3122 1360 3204 regia
1386 3118 1504 3188 Boemir

204 3237 418 3314 proponentes
441 3253 560 3298 nouum
582 3232 743 3314 hospitale
766 3230 798 3296 in
823 3231 974 3314 preurbio
997 3230 1152 3297 Zaczensi
1175 3237 1258 3297 ante
1284 3240 1428 3316 portam,
1451 3248 1502 3316 que

203 3345 375 3426 Prageusis
410 3352 503 3428 porto
538 3351 680 3425 vocatur,
717 3346 749 3410 iu
783 3345 904 3410 honore
938 3344 1135 3411 sanctissimi
1171 3347 1327 3428 eorporis
1362 3344 1501 3415 dominici

204 3458 342 3525 humano
373 3462 483 3543 generi
514 3461 547 3526 in
579 3461 715 3525 salutem
748 3464 945 3539 perpetuam,
980 3459 1014 3523 in
1038 3476 1116 3524 cena
1148 3457 1266 3524 vltima
1300 3461 1417 3528 habita
1441 3477 1500 3525 cum

204 3573 273 3638 suis
304 3572 474 3657 discipulis
508 3574 693 3639 memoriale
721 3572 884 3654 perhenne
914 3577 947 3637 et
967 3576 1197 3637 testamentum
1222 3574 1436 3642 salutiferum
1455 3573 1499 3638 de·

203 3687 318 3767 relicti,
349 3707 473 3753 necnon
505 3688 707 3752 visitacionis
739 3685 832 3751 beate
862 3685 967 3750 Marie
997 3684 1144 3766 virginis,
1177 3689 1288 3753 sancti
1315 3689 1448 3772 Georgii
1474 3690 1500 3748 et

202 3800 296 3866 beate
317 3801 486 3866 Elizubeth
508 3800 726 3878 fundauimus,
759 3799 918 3864 ereximus
942 3803 975 3863 et
997 3797 1191 3878 dotauimus,
1223 3798 1419 3884 fundamus,
1448 3798 1499 3866 eri·

203 3914 308 3994 glanna
339 3919 372 3980 et
401 3914 558 3993 dotamus,
591 3914 639 3979 sic
669 3912 830 3993 videlicet,
855 3913 939 3994 quod
972 3913 1095 3994 capella
1124 3916 1157 3977 et
1187 3911 1309 3982 domus
1339 3913 1499 4000 hospitalis

203 4047 275 4092 carm
298 4029 480 4109 structuris,
512 4028 731 4108 breseatoriiS,
764 4027 967 4107 braxatoriis,
991 4025 1143 4106 lontibus
1168 4028 1286 4109 muris,
1314 4031 1415 4114 sepis,
1436 4029 1498 4095 hor·

202 4142 278 4222 reis,
309 4143 405 4221 areis,
437 4143 526 4206 curia
557 4148 589 4206 et
619 4142 798 4207 hereditate
828 4141 868 4205 ad
893 4141 999 4221 ipsum
1022 4139 1205 4221 pertinente
1239 4162 1301 4225 pro
1326 4144 1438 4211 ssibus
1458 4144 1499 4208 iu·

203 4254 367 4321 firmorum
398 4260 431 4319 et
452 4256 674 4321 ministrorum
702 4256 805 4336 ipsius
829 4254 999 4336 hospitalis
1031 4251 1169 4318 debeant
1191 4259 1367 4338 perpetuis
1389 4264 1498 4339 tempe

202 4368 293 4434 ribus
316 4387 482 4434 remanere
506 4376 538 4434 et
561 4369 602 4433 ad
625 4370 713 4451 ipsos
737 4368 993 4434 irreuocabiliter
1015 4368 1188 4450 pertinere.
1219 4367 1265 4435 Et
1289 4390 1367 4437 cum
1389 4371 1497 4438 dudum

204 4501 394 4548 consensum
418 4485 543 4564 regium
566 4484 690 4565 dignati
714 4482 871 4549 fuerimus
895 4481 1057 4562 adhibere,
1080 4487 1244 4564 quatenus
1261 4503 1322 4566 pro
1339 4485 1497 4553 dotacioao

204 4596 307 4678 ipsius
330 4597 501 4678 hospitalis
532 4602 564 4661 et
587 4616 645 4662 usu
669 4617 845 4680 pauperum
870 4602 997 4663 eentum
1027 4600 1059 4660 et
1082 4595 1202 4678 viginti
1228 4616 1396 4682 sexagena
1417 4615 1496 4683 gros·
