3098 5392
641 453 715 504 raar.
1274 448 1338 514 277

43 659 226 725 dosuaocata'
254 658 387 725 badura
408 657 501 725 antae
521 678 561 726 aa
591 659 731 745 cprdvce,
766 659 839 725 aoid
860 660 943 743 maji
962 657 982 722 lc
1003 657 1124 741 aptota
1153 661 1239 721 torna
1268 657 1336 738 pr'a'·

178 773 320 854 poscitote
340 771 504 854 r'cdolnilcy
525 792 543 838 a
563 773 648 838 icida
670 795 714 839 so.
738 771 903 838 Antonino
924 771 981 836 acb
997 771 1068 854 jans
1089 768 1200 836 bedols.

146 913 216 978 Nos
239 913 405 979 lohannes
428 913 481 978 dei
503 914 614 996 gracia
635 914 768 980 Boemie
791 918 823 978 et
845 913 978 978 Polonie
1008 930 1063 977 rex
1085 930 1124 977 ac
1146 909 1340 976 Luccmbur-

51 1028 154 1106 gensis
179 1044 295 1105 eomes,
327 1031 476 1091 constare
495 1027 652 1106 volumus,
678 1026 795 1107 quibus
818 1024 956 1107 expedit,
980 1024 1152 1103 uniuersis,
1175 1024 1260 1105 quod
1282 1041 1340 1088 nos

52 1138 141 1203 iustis
174 1145 208 1204 et
240 1137 490 1204 racionabilibus
524 1137 738 1219 peticionibus
774 1143 883 1203 nostre
917 1137 1032 1202 oblatis
1066 1136 1252 1202 celsitudini
1284 1154 1342 1217 per

53 1252 184 1317 dilectus
207 1252 301 1317 nobis
325 1251 413 1317 ciues
445 1251 588 1317 ciuitatis
611 1257 720 1318 nostre
742 1252 776 1316 in
799 1251 880 1316 Tust
902 1249 1124 1315 fauorabiliter
1153 1254 1341 1329 annuentes,

51 1366 196 1431 colurnus
220 1371 252 1430 et
274 1365 486 1448 disponimus,
517 1366 603 1448 qnod
625 1366 784 1448 hospitale
806 1385 863 1446 pre
885 1364 987 1430 muris
1018 1363 1162 1430 ciuitatis
1184 1363 1288 1446 ipsius
1311 1367 1344 1428 et

49 1497 104 1559 per
126 1498 183 1544 eos
206 1484 239 1543 et
261 1479 405 1560 ipsorum
434 1484 654 1545 constructum
684 1479 874 1561 sumptibus,
908 1478 973 1560 ipsi
1003 1479 1091 1543 ciues
1121 1478 1155 1542 in
1184 1481 1343 1558 potestate

53 1609 108 1656 sua
131 1591 299 1673 habentes,
322 1610 435 1674 regere
457 1596 491 1657 et
512 1592 685 1673 disponere
710 1611 748 1657 ac
777 1592 977 1673 prouisorem
1000 1591 1221 1674 presbyterum
1249 1589 1344 1655 iusti·

51 1709 139 1769 tuere
162 1704 301 1770 debeant
330 1704 450 1787 iugiter
478 1705 570 1769 iuxta
592 1706 736 1785 ipsorum
764 1704 892 1769 libitum
914 1704 1099 1785 voluntatis,
1130 1704 1251 1769 nullam
1272 1721 1344 1784 per-

55 1836 160 1882 sonam
182 1818 378 1899 religiosam,
403 1818 474 1883 siue
490 1819 534 1883 sit
548 1818 588 1882 de
604 1818 717 1883 ordine
740 1816 954 1883 Anthoniensi
976 1822 1033 1882 aut
1048 1817 1112 1883 alio
1134 1832 1343 1901 quocumque,

58 1929 213 2012 adipsum
235 1930 396 2011 hospitale
419 1931 624 2013 aliquatenus
646 1928 853 1995 admittendo.
882 1928 1006 1995 Harum
1027 1930 1213 1996 testimonio
1235 1930 1345 1995 litera-

60 2059 130 2106 rum
175 2044 296 2108 Datum
319 2042 421 2126 Prage
445 2043 519 2108 idus
550 2043 746 2125 Septembris
769 2062 853 2110 anno
880 2044 1000 2110 domiui
1028 2041 1162 2110 MCGG⁰
1182 2043 1345 2109 tricesimo

65 2172 163 2234 purno.

154 2292 226 2362 Kop.
244 2308 261 2344 r
279 2291 411 2362 rulropise
431 2291 634 2357 ,Formularius
651 2292 788 2347 Johannis
806 2292 947 2347 Przimda“
966 2292 1106 2348 varchiru
1124 2293 1249 2363 kapitoly
1265 2293 1345 2349 Prai-

75 2385 110 2438 uo
131 2388 195 2456 sign.
221 2387 238 2441 J
257 2393 291 2441 ro
309 2403 346 2441 na
368 2387 387 2439 l.
406 2392 464 2442 soa.
483 2418 516 2428 -
537 2370 630 2457 desso
658 2386 774 2457 pleklad
794 2404 810 2441 v
829 2389 909 2442 unae
936 2388 1072 2458 parrega
1098 2407 1112 2442 z
1136 2406 1158 2442 r.
1183 2395 1250 2444 1527
1275 2405 1310 2443 na
1327 2389 1345 2444 1.

78 2485 100 2532 lo
118 2483 184 2541 (d.B
203 2486 231 2552 2)
256 2482 403 2537 rarehiru
425 2500 460 2536 m.
485 2482 634 2538 Domaihc.
652 2514 685 2523 -
704 2484 805 2548 Emler,
832 2484 952 2553 Regesta
975 2484 1023 2538 Ill.
1048 2485 1070 2538 d.
1095 2491 1169 2539 1826.
1189 2517 1221 2525 —
1239 2485 1345 2556 Bishup

79 2572 174 2648 Prusia
192 2578 296 2633 hruodt
315 2596 329 2632 z
347 2577 482 2633 Pardubie
500 2579 619 2648 potvrdil
632 2586 667 2633 10
678 2582 771 2634 blanc
785 2585 852 2632 1344
869 2581 993 2635 zaloleni
1011 2580 1114 2650 ipitalu
1131 2581 1346 2637 Domailiclreho

81 2671 137 2726 tuto
152 2675 254 2728 listem:
282 2672 356 2740 ,Nos
380 2675 516 2728 Amestns
540 2674 585 2727 dei
604 2682 631 2728 et
649 2676 801 2745 apostolice
820 2674 893 2730 sedis
912 2676 1003 2744 gracia
1027 2676 1173 2746 Pragensis
1200 2679 1346 2747 episcopus

82 2768 152 2821 tenore
175 2769 315 2839 presentis
339 2769 438 2839 pagina
461 2776 556 2825 notum
580 2769 639 2825 fore
663 2771 796 2841 cupimus,
824 2771 897 2840 quod
924 2788 996 2827 anno
1024 2772 1127 2827 domini
1155 2773 1347 2840 MlCCC⁰XL⁰,

85 2865 218 2923 cumeis
246 2864 352 2919 decima
369 2865 472 2919 mensis
498 2865 594 2919 Marcii
618 2867 646 2918 in
671 2867 741 2920 Thin
766 2867 972 2934 Horssouiensi,
1001 2869 1083 2937 opido
1109 2876 1213 2935 nostro,
1240 2868 1349 2938 pronidi

86 2957 216 3014 ahscreti
241 2961 291 3013 uiri
316 2960 451 3014 Henricus
476 2960 572 3029 Judex,
600 2961 710 3029 ll‘ollro,
737 2963 867 3016 Albertus
895 2963 983 3017 dictus
1008 2964 1210 3033 Roykowiczer,
1238 2965 1302 3018 Otto
1322 2968 1350 3017 et

86 3045 164 3109 l'lrirus
188 3056 277 3109 dietus
303 3057 427 3125 scriptor,
451 3057 579 3111 consules
599 3066 625 3110 et
640 3059 725 3125 jurati
751 3060 870 3113 ciuitatis
890 3060 918 3113 in
936 3061 1013 3125 Tust,
1039 3067 1161 3114 nostram
1187 3059 1349 3114 aecedentes

89 3153 225 3207 presenciam
253 3169 306 3205 una
335 3169 395 3205 cum
423 3152 542 3206 discreto
566 3153 624 3206 riro
653 3153 801 3221 Clemente,
828 3163 933 3208 rectore
962 3155 1075 3209 ecclesie
1102 3155 1202 3208 ibidem
1227 3155 1255 3208 in
1273 3156 1350 3221 Tust,

10 3246 13 3333 ᾗ
89 3253 245 3309 plposuerunt
273 3248 361 3315 nobis,
389 3248 525 3316 quomodo
550 3249 688 3317 hospitale
713 3250 849 3317 quoddam
876 3257 1063 3306 extramuros
1088 3252 1209 3305 ciuitatis
1228 3250 1350 3320 predicte

10 3376 12 3405 ,
90 3331 207 3396 inhonore
226 3345 315 3398 sancti
335 3344 452 3411 Spiritus
471 3343 505 3396 de
522 3345 637 3398 licencia
661 3344 748 3399 felicis
773 3346 973 3401 recordacionis
999 3347 1101 3400 (lumini
1119 3347 1264 3413 Johannis,
1289 3363 1350 3415 pro·

10 3440 17 3485 .'
90 3429 132 3486 rimi
146 3439 344 3506 predecessoris
363 3440 460 3504 nostri,
478 3441 600 3511 ipsorum
618 3442 820 3495 interueniente
839 3443 968 3509 suffragio
987 3450 1014 3496 et
1032 3444 1146 3497 aliorum
1166 3443 1268 3497 Christi
1285 3442 1350 3495 lide-

90 3519 132 3581 liun
143 3535 172 3587 sit
185 3543 304 3588 erectum
318 3544 346 3590 et
363 3546 561 3603 consecratum,
580 3537 729 3590 accedente
748 3539 831 3591 eciam
846 3540 986 3592 voluntate
1006 3547 1033 3592 ct
1045 3555 1183 3593 consensu
1194 3539 1352 3604 Clementis,

90 3631 173 3683 latoris
191 3632 306 3685 ecclesie
325 3632 490 3701 parochialis
510 3632 641 3701 predicte.
659 3635 690 3686 ln
708 3650 761 3700 quo
780 3633 889 3702 qrridem
909 3634 1040 3703 hospitali
1058 3635 1139 3689 debet
1158 3652 1220 3689 esse
1238 3635 1351 3706 presby·

89 3719 117 3770 ill
128 3724 250 3793 ydoneus,
269 3744 349 3795 quem
364 3727 460 3793 judex,
475 3728 562 3793 jurati
583 3735 609 3782 et
627 3730 762 3797 plebanus
783 3730 816 3783 ad
837 3730 888 3784 hoe
906 3732 1068 3799 receperint,
1086 3732 1132 3800 qui
1150 3732 1240 3800 ipsum
1259 3732 1351 3801 hospi-

10 3822 13 3827 '
88 3813 125 3867 tlle
140 3821 248 3890 singulis
274 3821 370 3876 diebus
396 3839 445 3891 per
470 3839 500 3877 se
517 3825 560 3876 vel
580 3841 630 3893 per
648 3825 730 3878 alium
750 3825 833 3878 misse
852 3826 942 3880 officio
967 3827 1049 3880 debet
1067 3826 1196 3895 officiare,
1216 3828 1354 3882 submissa

84 3916 152 3968 tanen
168 3934 242 3984 uoce,
262 3922 290 3970 et
310 3925 373 3986 post
390 3920 505 3988 primam
525 3923 644 3986 missam,
671 3939 723 3990 que
742 3921 848 3975 dicetur
866 3923 893 3975 in
913 3924 1028 3977 eeclesia
1051 3923 1203 3991 parochiali
1221 3923 1353 3993 predicta.

82 4004 228 4079 quuatuor
253 4021 344 4066 tamen
369 4013 466 4068 diebus
492 4016 564 4081 anni,
593 4016 697 4070 scilicet
721 4017 748 4069 in
773 4016 818 4069 die
845 4016 1006 4071 Natiuitatis
1035 4017 1147 4088 domini,
1173 4019 1239 4072 item
1262 4019 1354 4072 indie

78 4109 150 4159 sancti
163 4110 290 4178 Spiritus,
309 4110 382 4163 beati
400 4110 533 4163 Antlronii
552 4118 580 4164 et
598 4110 782 4166 dedicocionis
801 4113 947 4181 hospitalis
959 4114 1083 4182 predicti,
1096 4115 1198 4184 poterit
1209 4116 1355 4187 presbyter

73 4197 205 4271 hospitalis
225 4203 348 4258 eiusdem
368 4204 486 4258 officium
507 4207 590 4260 misso
609 4206 699 4260 dicere
719 4208 769 4259 sub
789 4215 863 4276 uota,
888 4209 1063 4275 otl'ertorium,
1088 4210 1161 4278 quod
1179 4211 1217 4265 ibi
1235 4211 1354 4265 obuene-

69 4299 104 4361 rit,
123 4316 172 4367 pro
191 4300 323 4369 hospitali
343 4299 510 4367 recipiendo,
529 4301 580 4366 eri
599 4302 708 4370 quidem
728 4304 886 4371 capellanus
906 4304 1027 4358 intirmos
1047 4306 1074 4359 in
1087 4306 1244 4360 huiusmodi
1262 4308 1354 4377 hospi-

65 4395 108 4447 tali
133 4395 329 4449 decumbentes
359 4397 536 4450 sacramentis
563 4399 688 4451 omnibus
713 4399 795 4453 debet
819 4417 975 4469 procurare,
1002 4410 1109 4455 mortuo
1128 4419 1192 4457 vero
1211 4403 1301 4473 aliquo
1321 4420 1356 4456 ex

61 4491 127 4560 ipsis
153 4500 221 4561 aput
242 4492 386 4545 eeclesiam
406 4493 599 4561 parochialem,
618 4497 780 4564 quicumque
799 4497 823 4550 is
843 4498 933 4566 fuerit,
958 4499 1009 4552 erit
1029 4498 1215 4555 tumulandus.
1250 4500 1356 4569 Signifi-

60 4595 196 4643 rauerunt
215 4589 295 4642 nobis
316 4589 410 4657 eciam,
438 4589 510 4657 quod
534 4591 588 4659 ipsi
613 4590 766 4648 donassent
789 4595 904 4648 ecclesie
921 4595 1072 4663 parochiali
1089 4613 1171 4651 unum
1189 4597 1356 4666 maccellnm,

57 4685 130 4757 qnod
144 4691 239 4740 autom
254 4684 320 4738 illud
335 4686 378 4752 sit,
394 4685 421 4737 in
436 4686 516 4740 litera
528 4687 628 4740 ciuium
644 4706 728 4756 super
739 4688 791 4742 hoc
804 4689 928 4745 conlecta
941 4691 1008 4745 satis
1019 4693 1162 4746 euidenter
1174 4699 1303 4762 apparot,
1323 4691 1356 4744 de
