3098 5392
729 434 803 486 1862.
1361 433 1426 500 575

130 636 181 691 mut
189 635 401 706 reseruandam,
414 644 506 694 tamen
517 640 678 712 multiplicia
689 640 832 696 fidelitatis
845 638 986 709 obsequia,
998 639 1096 710 quibus
1106 637 1195 695 dictus
1206 639 1317 694 Caenko
1330 646 1426 695 nostre

130 734 289 789 celsitudini
304 740 332 790 et
344 734 418 791 clare
435 738 566 804 memorie
577 738 679 794 illustri
691 738 822 806 Jobauni,
835 736 973 809 quondam
984 737 1097 793 Boemie
1114 736 1181 806 regi,
1199 736 1317 808 genituri
1329 742 1425 793 uostm

129 830 286 897 karissimo,
304 836 412 887 attenta
430 831 576 888 sedulitate
595 834 761 905 complacuit
778 839 806 888 et
823 835 852 888 iu
870 834 991 888 futurum
1010 831 1120 888 debebit
1145 846 1178 885 ac
1194 832 1298 902 poterit
1320 831 1425 887 habun-

129 925 244 981 dancius
273 928 452 998 complacere,
476 929 583 1000 prelato
602 929 743 985 czenkoni
771 929 805 984 ad
830 929 885 983 rite
904 943 953 984 sue
971 927 1107 983 duntaxat
1133 933 1260 997 tempora
1286 928 1424 984 residuam

127 1022 306 1078 medietatem
323 1024 429 1092 rubore,
447 1030 558 1081 monde
576 1031 604 1082 et
621 1025 769 1082 utilitatum
793 1025 986 1096 predictarum,
1010 1040 1063 1095 que
1080 1039 1133 1079 noe
1150 1024 1293 1094 contingit,
1316 1041 1425 1094 quoque

128 1119 161 1172 de
180 1119 321 1174 montanis
339 1116 559 1189 Heinrichsd'ori,
574 1120 745 1192 Puchperch,
768 1121 928 1191 Mittelberg
951 1126 979 1175 et
1003 1120 1064 1176 aliis
1089 1121 1236 1186 montanis,
1263 1136 1317 1191 que
1344 1120 1424 1174 dictis

127 1215 268 1269 montanis
285 1215 314 1269 in
331 1214 425 1272 Broda
442 1217 588 1287 propriora
605 1223 634 1272 et
650 1218 789 1285 viciniora,
808 1233 890 1287 quam
908 1215 1049 1272 Montibus
1069 1215 1197 1270 Chuttuls
1221 1215 1357 1283 ridentur,
1375 1232 1424 1287 po

125 1317 221 1366 terunt
238 1312 395 1382 prouenire,
414 1314 546 1383 quamdiu
563 1315 768 1385 septimauatim
784 1314 836 1370 sub
855 1320 883 1368 et
900 1313 929 1369 in
948 1312 1149 1383 quinquaginta
1166 1310 1264 1366 martie
1282 1311 1424 1380 resederit,

125 1424 186 1462 cum
203 1407 313 1477 juribus
332 1415 361 1462 et
376 1410 556 1479 pertinenciis
569 1409 603 1464 ad
616 1410 743 1465 rrboram
762 1416 790 1464 et
807 1415 944 1465 monetam
958 1408 1156 1479 spectantibus,
1173 1406 1301 1462 videlicet
1310 1407 1423 1474 judiciis

126 1509 154 1557 et
172 1502 272 1558 officiis
291 1504 468 1576 scbrotampt,
485 1504 634 1576 leyhampt,
653 1506 792 1576 ecampule
810 1520 922 1576 panum,
947 1504 1083 1560 maccellie
1102 1503 1233 1570 emnium,
1258 1503 1347 1559 stubie
1365 1503 1422 1559 bal-

125 1600 258 1655 nearibus
284 1606 311 1655 et
335 1600 433 1655 ceteris
451 1600 614 1656 utilitatibus
633 1608 660 1657 et
678 1600 775 1657 officiis
794 1601 1003 1672 quibuscunque
1026 1630 1059 1641 -
1078 1600 1184 1665 damus,
1212 1598 1377 1654 conferimus
1396 1607 1424 1655 et

125 1695 272 1750 donamus.
308 1695 336 1750 Si
360 1702 454 1751 tamen
480 1703 578 1753 nostra
600 1697 746 1766 medietas,
772 1714 853 1768 quam
875 1696 910 1752 de
928 1696 1059 1766 singulari
1077 1696 1172 1750 fauore
1190 1694 1264 1751 dicto
1282 1695 1423 1751 Ozenluoui

126 1790 211 1846 modo
231 1791 355 1862 predicto
370 1793 545 1859 contulimus,
564 1792 702 1849 arridente
712 1795 825 1849 iomune
843 1800 871 1850 et
888 1807 1018 1849 successu
1030 1793 1162 1862 temporie
1175 1799 1277 1848 sortem
1290 1791 1424 1862 quinqua·

124 1888 204 1956 ginta
230 1902 382 1942 ursmarum
401 1888 604 1958 septimanatim
623 1890 834 1957 transcenderit,
862 1895 963 1945 extunc
991 1889 1078 1960 partie
1108 1888 1219 1943 residue
1247 1886 1422 1942 medictatem

124 1983 240 2049 uostris,
266 1983 403 2039 residuam
421 1999 486 2040 vero
504 1982 570 2040 dicti
588 1985 751 2055 Czenlronis,
778 1986 869 2056 quoad
893 1986 999 2052 vixerit,
1025 1985 1120 2041 ssibus
1145 1983 1316 2039 deceruimus
1335 1983 1423 2054 appli-

124 2078 252 2144 candam,
279 2094 338 2133 cum
365 2084 505 2149 potestate
531 2081 656 2150 plenaria
683 2080 818 2137 officiatos
843 2081 1000 2140 huiusmodi
1025 2079 1188 2136 instituendi
1206 2087 1235 2135 et
1251 2079 1421 2135 destituendi

124 2191 187 2228 cum
206 2175 346 2229 consuetis
363 2181 456 2230 tamen
476 2175 593 2230 sellariis
612 2184 640 2231 et
657 2177 712 2231 alia
729 2175 856 2244 lactendi,
883 2176 1008 2247 quesibi
1026 2175 1239 2247 adprobatum,
1263 2177 1370 2231 lucrum
1395 2182 1423 2231 et

124 2270 280 2324 uberiorem
298 2276 401 2325 statum
419 2278 612 2326 montanorum
630 2273 691 2328 risa
706 2271 809 2328 fuerim
832 2279 998 2344 opportuna,
1021 2272 1182 2328 monetariis
1208 2272 1351 2327 dumtaxat
1375 2287 1421 2326 ex-

123 2365 230 2436 ceptis,
251 2366 298 2434 qui
321 2365 355 2420 de
378 2367 521 2423 Montibus
545 2367 673 2423 chuttuis
696 2385 748 2439 per
766 2370 932 2437 rrborarios,
958 2370 1005 2440 qui
1023 2386 1074 2439 pro
1092 2375 1217 2439 tempore
1235 2368 1345 2435 luerim,
1375 2367 1421 2422 dc-

123 2461 232 2515 bebunt
251 2460 359 2515 institui
377 2461 428 2516 sub
447 2463 557 2517 sallario
576 2463 731 2519 Ozenlrouis
750 2465 909 2535 supradicti.
926 2465 1060 2521 Nolumus
1078 2470 1171 2519 umen
1191 2481 1225 2519 ex
1242 2465 1422 2521 concessione

124 2555 239 2626 prefata
256 2556 342 2611 nobili
359 2556 488 2612 Heinrico
500 2556 755 2629 deLuchtemburg,
772 2560 817 2614 cui
834 2560 862 2614 in
881 2559 1092 2615 Heinrichsdorf
1104 2560 1230 2615 mucram
1243 2566 1271 2615 et
1283 2568 1420 2615 monetam

123 2671 174 2723 per
192 2653 263 2707 alias
281 2652 374 2707 literae
393 2661 503 2709 nostras
521 2670 609 2724 esque
627 2654 661 2709 ad
680 2671 812 2711 summam
831 2656 1031 2727 quinquaginta
1045 2670 1197 2711 marcarum
1216 2657 1420 2725 septimauatim

121 2749 232 2818 pridem
251 2749 446 2815 concessimus,
462 2749 491 2802 in
510 2750 567 2803 suis
583 2750 691 2818 juribus
710 2750 818 2804 adsita
837 2767 886 2805 sue
905 2750 1027 2820 spacium
1049 2750 1160 2821 aliquod
1179 2749 1358 2821 preiudicium
1376 2767 1421 2821 ge·

123 2844 225 2909 merari,
254 2844 294 2898 sic
312 2843 384 2912 quod
409 2843 505 2899 eadem
528 2845 630 2900 utilitas
649 2846 677 2899 in
696 2863 771 2914 casu,
795 2847 839 2901 vbi
863 2847 990 2902 fortassis
1007 2847 1109 2901 dictum
1128 2846 1285 2901 Heinricum
1303 2848 1421 2915 premori

123 2941 307 3008 confingeret,
326 2940 361 2995 ad
379 2941 481 2994 dictum
501 2941 674 2995 Czenlronem
693 2944 753 2997 sine
771 2942 933 2998 difficultate
950 2944 1103 3013 preueuiat,
1122 2941 1252 3011 quamdiu
1269 2942 1374 3008 vixerit,
1393 2950 1421 2997 vt

122 3037 274 3105 prefertur.
290 3067 323 3074 -
344 3036 444 3090 Datum
471 3037 500 3090 in
524 3036 659 3107 Buduoys
684 3054 757 3092 anno
781 3038 883 3092 domini
908 3040 1052 3094 millesimo
1074 3037 1268 3093 trecentesimo
1287 3038 1419 3106 quiuqua-

124 3132 230 3200 gesimo
258 3131 356 3201 primo,
384 3133 535 3187 indiccione
563 3141 669 3202 quarta,
697 3134 749 3186 11ο
776 3150 863 3188 uenae
891 3135 966 3199 Maii,
993 3149 1136 3203 regnorum
1164 3141 1320 3188 nostrorum
1347 3149 1419 3187 anno

123 3229 247 3297 quinto.“
269 3258 302 3267 -
320 3229 475 3297 Stemberg,
494 3229 618 3283 Umrisee
636 3230 713 3284 einer
731 3229 894 3284 Geschichte
912 3230 961 3284 der
979 3230 1155 3284 bdhmischen
1173 3229 1345 3299 Bergwerke.
1364 3231 1384 3282 l.
1403 3234 1419 3281 2

124 3332 172 3378 str.
192 3330 236 3378 87.
265 3354 298 3363 -
326 3326 399 3378 Srov.
424 3326 467 3378 161
491 3325 591 3391 Emler,
617 3327 738 3394 Regesta
756 3326 802 3381 III.
821 3327 843 3381 d.
863 3333 921 3393 622,
949 3333 998 3383 692
1018 3345 1034 3381 a
1053 3332 1102 3382 922
1122 3343 1139 3381 a
1156 3325 1202 3380 IV.
1222 3325 1244 3379 l.
1264 3330 1323 3389 187,
1344 3329 1419 3391 1644,

126 3424 329 3486 1114611664,
355 3422 397 3473 tei
416 3420 510 3474 Codex
532 3421 672 3475 Moraeiae
697 3423 758 3477 Vll.
784 3430 831 3477 etr.
851 3429 908 3478 528.

695 3703 759 3784 trs.
783 3720 856 3785 eos.

546 3872 643 3953 1362,
667 3871 798 3941 vadii.
824 3875 857 3943 V
880 3874 1009 3944 Prazc.

120 4045 219 4112 Cisor'
231 4046 331 4111 1ιάνά
345 4044 402 4122 IV,
417 4046 556 4130 chystaje
571 4069 603 4113 sc
617 4047 637 4111 It
651 4048 737 4113 odite
751 4071 767 4113 s
785 4047 875 4130 Ubry
890 4046 1109 4132 citctutcng
1119 3998 1262 4135 nciisuje
1275 4053 1416 4127 meatim,

490 4160 550 4242 uby
571 4162 706 4227 ealottla
730 4160 815 4227 oelltc'
836 4159 950 4244 suada
972 4163 1054 4228 obiti.

231 4331 320 4386 annl
345 4332 442 4386 tohoto
467 4333 590 4386 naiizeni
614 4334 794 4389 nezachoealo
820 4351 858 4389 se.
894 4337 969 4389 Srov.
994 4336 1093 4402 Pelzel,
1119 4336 1154 4390 K.
1173 4336 1241 4391 Karl
1258 4336 1307 4391 der
1324 4337 1417 4392 Viertc

117 4437 172 4484 etr.
192 4428 519 4498 70⁷3T0melr,1)ejepis
539 4447 572 4482 m.
592 4429 680 4498 Pruhy
699 4429 732 4482 II.
752 4436 799 4484 str.
819 4437 851 4484 51
872 4431 1032 4502 aPalacky,
1055 4432 1156 4503 deiny
1175 4432 1281 4487 narodu
1299 4415 1329 4488 ὖ.
1346 4434 1381 4488 11.
1401 4441 1416 4488 2

116 4532 171 4580 str.
192 4528 254 4577 169.
272 4552 304 4562 -
322 4521 439 4593 Naproti
457 4530 534 4578 tomu
552 4543 567 4577 v
587 4526 699 4579 statnim
717 4527 827 4580 archiru
845 4543 879 4581 se
898 4527 980 4582 vidui
999 4526 1147 4599 zachovaly
1166 4544 1196 4582 se
1215 4529 1292 4596 (Boh.
1310 4527 1350 4584 N⁰
1368 4537 1417 4586 685

116 4624 152 4676 ai
185 4624 246 4686 686,
278 4623 422 4687 tlt-⁷23,
441 4624 490 4673 126
519 4635 536 4673 a
563 4624 623 4688 ⁷83)
651 4621 716 4690 orig.
746 4623 937 4692 piiznatreclch
966 4624 1032 4680 lictu
1061 4624 1210 4697 ndkterych
1239 4625 1308 4681 kral.
1339 4627 1416 4698 mest,
