3098 5392
208 436 272 503 794
823 436 899 486 ree-1.

203 641 287 695 trium
304 639 347 693 sel
364 645 484 707 quatuor
502 636 729 708 predecessorum
747 655 878 708 meorum,
897 656 948 710 per
966 638 1071 694 flumen
1089 638 1191 694 dictum
1205 640 1296 695 Albeu
1309 656 1397 695 neves
1409 647 1503 694 ennete

204 738 314 792 diverso
332 751 434 806 genere
451 735 651 791 frumentorum
678 735 765 791 libere
792 737 864 790 irent
883 743 910 791 et
927 736 1051 792 redirent
1078 736 1138 792 sine
1164 736 1281 792 ulicuius
1308 736 1503 808 impedimento

205 833 240 888 ud
265 839 359 904 purtes
382 831 527 886 inferiores
554 831 721 900 Allemunie‚
747 830 816 885 dieti
841 837 933 886 temen
957 832 1030 902 regis
1054 839 1124 887 nutu
1142 849 1159 887 e
1177 833 1281 898 decem,
1309 839 1341 887 ut
1359 841 1438 902 puto,
1463 830 1504 885 uel

203 927 331 998 pluribus
349 927 429 982 ennis
448 926 579 997 impedite
599 932 671 993 sunt,
690 943 726 981 ne
744 925 955 995 descenderent,
975 933 1003 981 et
1021 927 1061 982 sie
1080 943 1140 983 snm
1152 927 1337 998 possessione
1350 927 1418 983 dicti
1431 927 1503 982 neui—

206 1027 243 1094 gii
262 1025 406 1096 spoliatus.
426 1025 549 1093 Cumque
567 1023 700 1093 plurimes
719 1022 1019 1080 excommunicationes
1038 1030 1067 1078 et
1083 1022 1233 1079 interdictu
1244 1024 1274 1078 in
1286 1024 1404 1079 ciuitate
1413 1022 1503 1078 Litho-

204 1120 357 1189 mericensi,
375 1136 429 1190 que
448 1119 549 1175 dietum
568 1119 709 1190 nauigium
726 1119 851 1191 impedit,
869 1120 1035 1191 posuissem,
1059 1120 1129 1175 nihil
1147 1120 1260 1192 proluit,
1287 1121 1339 1176 sed
1357 1136 1402 1175 me
1420 1119 1503 1174 dictus

204 1235 254 1272 rex
273 1223 301 1271 et
318 1217 462 1273 consilium
482 1216 550 1284 eins,
574 1216 656 1286 quusi
673 1216 739 1270 mihi
756 1217 890 1272 iustitium
917 1216 1008 1272 lucere
1032 1217 1143 1288 vellent,
1167 1216 1296 1287 plurimis
1319 1215 1504 1279 detinuerunt,

205 1314 309 1368 nullum
334 1312 416 1368 finem
440 1313 582 1369 facientes.
618 1313 678 1382 Ego
703 1313 940 1368 conseruatorium
966 1330 982 1368 e
1005 1314 1082 1368 curie
1105 1314 1263 1384 impetruui,
1288 1312 1432 1369 mediante
1453 1326 1504 1381 quo

205 1410 368 1465 iudicialiter
395 1426 456 1464 cnm
482 1409 522 1463 eis
547 1409 666 1480 experiri
684 1426 807 1480 possum,
835 1410 963 1465 ebbetem
983 1410 1109 1465 videlicet
1127 1410 1272 1465 Scotorum
1289 1409 1319 1464 in
1340 1410 1451 1464 Vienns
1467 1408 1503 1460 iu-

206 1505 302 1560 dicem.
321 1506 445 1575 Cumque
463 1505 551 1561 dictus
569 1505 644 1560 ciues
663 1506 800 1573 cinerem,
814 1511 842 1560 et
855 1507 983 1562 voluntas
1002 1506 1037 1561 ed
1050 1506 1102 1560 hoc
1113 1507 1186 1576 regis
1206 1514 1234 1560 et
1251 1505 1390 1560 dictorum
1407 1504 1502 1560 oinium

204 1602 312 1668 luisset,
340 1602 501 1672 perplures
520 1617 609 1657 ennos
627 1618 687 1657 cum
707 1602 747 1658 eis
765 1601 898 1672 litigando
927 1620 977 1673 pro
997 1602 1113 1658 ecclesis
1136 1619 1197 1657 mes
1223 1602 1395 1657 sententium
1412 1600 1502 1656 defini-

205 1699 290 1753 tiuem
309 1697 424 1764 obtinui,
442 1697 772 1768 condempnetionemque
790 1699 819 1753 in
839 1700 969 1769 expensis
995 1699 1084 1769 pertis
1103 1698 1230 1767 eduense,
1254 1715 1306 1754 nec
1331 1698 1378 1754 hie
1397 1713 1502 1769 posses-

206 1795 312 1849 sionem
331 1793 397 1848 dicti
416 1794 518 1863 nauigii
529 1794 671 1850 retrahere
683 1795 770 1866 potui,
789 1795 838 1850 sed
851 1795 906 1865 ipsi
918 1796 1044 1865 quemuis
1058 1794 1158 1850 friuole
1170 1795 1205 1850 ed
1218 1794 1313 1851 sedem
1327 1795 1501 1864 spostolIcem

206 1891 427 1961 appellauerunt,
447 1891 576 1946 stolium
596 1890 713 1946 iudicem
731 1892 959 1962 impetrauerunt,
983 1899 1014 1947 ut
1032 1908 1141 1962 semper
1156 1891 1356 1962 protraherent
1367 1890 1502 1953 iustitium,

207 1995 234 2042 et
251 2004 392 2057 nunquam
415 1986 497 2043 finem
515 1987 610 2043 litibus
629 1987 817 2060 imponerent.
836 1987 921 2044 Cuius
940 1989 1044 2059 nauigii
1063 2005 1080 2043 e
1097 1995 1175 2044 tento
1188 1996 1313 2059 tempore
1326 1987 1501 2059 impeditione

207 2083 326 2138 maxime
344 2082 464 2154 dempnu
482 2100 541 2154 ego,
569 2092 597 2139 et
614 2084 767 2155 predictum
792 2085 925 2155 oppidum
942 2084 1066 2139 Rudniez
1093 2085 1208 2140 ecclesie
1235 2100 1305 2150 mee,
1333 2082 1500 2139 estimatione

206 2195 295 2250 prope
312 2180 427 2250 trigInto
450 2180 526 2235 milie
548 2179 714 2236 florenorum
739 2182 823 2251 (quod
848 2190 940 2237 temen
959 2181 1055 2237 melius
1080 2196 1131 2251 per
1150 2179 1283 2237 officiales
1308 2197 1388 2236 meos
1407 2176 1500 2252 poterit

206 2275 379 2346 innestIgcri)
391 2277 513 2347 pertulit,
526 2284 554 2331 et
566 2282 681 2332 cetere!
694 2279 775 2343 (Acte
786 2278 815 2332 in
828 2279 904 2333 curie
912 2277 1038 2334 Romane
1050 2277 1082 2333 dl.
1092 2276 1182 2332 XVIII
1195 2277 1376 2344 vPelzelore‚
1386 2275 1499 2330 hebens·

207 2371 364 2440 geschichte
382 2372 416 2427 Κ.
435 2373 626 2438 Weneesleus,
644 2373 824 2430 Urlrundenb.
841 2374 868 2429 N
871 2376 882 2408 ⁰
898 2373 960 2430 CVI
977 2391 1014 2430 ne
1031 2381 1078 2431 etr.
1099 2377 1168 2443 150.)

773 2716 839 2801 oe.
862 2735 937 2801 ero.

563 2940 661 3025 1387,
684 2942 728 3010 21
752 2942 937 3028 prosince.
959 2944 992 3012 V
1014 2942 1145 3013 Prone.

210 3149 297 3215 Krcil
326 3148 439 3215 Vriclce
461 3150 517 3214 IV
533 3153 696 3235 potvrcrcje
725 3152 877 3234 podobnd,
903 3152 1001 3237 jukod
1029 3154 1081 3238 hyl
1111 3153 1237 3238 dmhdy
1266 3159 1333 3221 orec
1354 3153 1429 3238 jede
1456 3151 1498 3216 dr.

209 3262 312 3327 Karel
331 3262 387 3326 IV
399 3264 509 3348 chod,
530 3264 684 3347 ryehtde'r',
699 3267 883 3352 pr'tsetny‘m
907 3268 920 3332 ἑ
940 3270 991 3334 etl
1009 3268 1077 3334 odei
1097 3272 1198 3335 mesta
1223 3267 1364 3336 Ostrovo
1385 3267 1499 3355 recede

209 3372 298 3441 trote
317 3376 409 3442 Janc
430 3377 461 3442 d.
483 3378 734 3445 vDomodlt'cteh
757 3380 799 3444 18
820 3402 921 3464 srpna
944 3383 1038 3468 1331,
1062 3380 1170 3449 loteroe
1186 3384 1306 3465 pecata
1328 3385 1500 3451 νηέὲῖαηῦυι

212 3487 423 3576 Ostroeslty'm,
446 3491 508 3574 uby
528 3511 547 3556 s
567 3491 646 3557 ldntl
666 3490 687 3555 le
707 3496 809 3558 mestre
830 3494 1048 3580 percernere
1075 3518 1119 3562 na
1148 3499 1243 3562 mlstd
1263 3497 1434 3582 dr's'edjttdo
1455 3497 1501 3560 de-

209 3601 303 3668 stillet
330 3605 443 3687 pioiilc'
461 3625 503 3688 po
529 3604 688 3689 pretioue
720 3605 922 3673 trdmsteto
955 3613 1057 3675 mesto
1091 3594 1184 3676 Zatee
1216 3613 1306 3677 rodei
1337 3609 1417 3677 eret
1441 3609 1499 3693 pell

209 3714 323 3801 tevny
353 3740 403 3802 pr.
420 3741 474 3801 pr.
497 3738 514 3783 s
536 3717 676 3785 cardeto
710 3720 798 3796 lone,
835 3744 856 3787 a
879 3722 940 3806 chy
973 3720 993 3785 lt
1028 3723 1094 3789 otri
1126 3721 1224 3789 otoldi
1249 3724 1435 3810 pr'sltocpe‘ts'
1464 3723 1501 3790 od

208 3829 374 3898 etlkolntch
394 3831 542 3898 witto
563 3832 679 3917 etatky,
702 3835 715 3899 ι’
736 3833 948 3914 neltrdloeslte,
979 3856 996 3901 e
1018 3837 1146 3922 lampiode
1168 3838 1208 3921 by
1223 3837 1293 3921 pat
1314 3837 1404 3907 krc'le'
1424 3839 1501 3924 retu

210 3944 309 4029 droky
335 3946 462 4030 plcet,
484 3945 564 4031 jaro
593 3969 611 4013 r
634 3947 789 4032 peremto
817 3948 838 4013 lc
866 3951 934 4017 oeci
956 3951 1200 4036 pv'ielede'tcich.
1245 3953 1415 4021 Poneccdd
1439 3950 1503 4037 pat

214 4058 374 4127 Ostroedtt
392 4083 410 4127 o
431 4066 553 4129 estates
581 4064 639 4129 sed
662 4066 836 4149 privelepc'a
866 4065 977 4132 elecem
1000 4068 1110 4154 pr'idlt',
1139 4071 1336 4155 ostendendo,
1365 4070 1400 4138 Ie
1427 4070 1505 4154 maji

209 4174 330 4240 ultumi
349 4198 386 4243 ee
398 4176 504 4242 vdcech
524 4178 667 4244 obecnt'ch
689 4178 794 4263 ty'chde
811 4181 896 4263 prdv
919 4202 941 4245 o
962 4182 1083 4259 seobod,
1099 4181 1178 4265 jato
1197 4185 1339 4250 meslend
1354 4183 1502 4251 Loketdtl.

313 4386 523 4455 Weneesleus
544 4396 719 4457 —notum
741 4391 877 4458 fecimus
890 4429 943 4474 -,
962 4393 1049 4474 quod
1071 4412 1128 4477 pro
1151 4399 1243 4477 perte
1260 4395 1397 4480 judicis,
1418 4397 1505 4481 jure·

208 4504 314 4564 torum
336 4519 374 4567 eo
396 4503 620 4570 vniuersitctis
644 4506 788 4572 ciuitatis
812 4512 921 4573 nostre
943 4507 1208 4575 Schlukenwerde
1230 4545 1275 4556 -
1289 4515 1381 4577 extet
1403 4511 1506 4578 humi·

210 4613 285 4678 liter
315 4617 541 4698 supplicatum,
576 4624 612 4683 ut
645 4619 860 4703 subscriptum
889 4621 1141 4690 confirmationis
1174 4623 1304 4690 literam
1332 4644 1394 4709 per
1424 4645 1509 4694 sere
