3098 5392
220 460 286 526 564
844 459 920 512 rano.

220 671 310 737 misit
340 667 550 735 decidendam
581 672 614 732 et
642 666 751 732 debito
782 666 846 735 fine
868 668 1155 737 determinandam.
1203 667 1352 754 Cumque
1371 667 1489 737 dedicta

222 802 320 852 causa
361 787 394 849 11
430 781 501 848 eius
535 779 733 847 diffinitione
767 782 841 848 aliis
876 783 1022 866 negociis
1056 782 1167 850 arduis
1203 783 1329 852 dictum
1357 783 1491 853 doninm

224 904 369 968 nostrum
390 901 600 964 memoratum
623 897 888 964 concernentibus
911 897 1072 981 prepediti
1087 897 1260 965 intendere
1282 902 1317 965 et
1331 913 1491 983 cognoscere

225 1034 288 1081 non
317 1030 496 1096 possemus,
526 1010 775 1092 inquisicionem
813 1011 1043 1094 premissorum
1073 1013 1239 1081 strennuis
1274 1013 1355 1079 viria
1386 1012 1493 1079 Nicolao

108 1112 112 1118 ’
222 1126 387 1210 Episcopi,
413 1123 649 1191 subcamerario
668 1125 761 1206 regni
780 1126 924 1207 Boemie,
948 1130 981 1192 et
1001 1125 1150 1193 Pesslino
1173 1126 1303 1193 Mathis
1325 1126 1494 1208 1111111111-

227 1241 339 1324 granio
369 1240 403 1306 in
430 1237 584 1321 Elbogau,
608 1237 757 1305 duximus
783 1239 1019 1320 comittendam‚
1042 1239 1098 1322 qui
1120 1238 1232 1307 habito
1255 1241 1344 1307 circa
1365 1239 1495 1324 premissa

226 1352 374 1438 diligenti
405 1357 437 1417 et
469 1351 591 1417 sollerti
615 1352 770 1418 scrutinio
793 1353 886 1419 nobis
907 1350 1035 1419 fidelem
1051 1352 1255 1420 relacionem
1278 1358 1314 1420 et
1334 1352 1495 1435 condignam

230 1465 492 1534 informacionem
513 1463 659 1529 fecerunt
684 1464 803 1530 litteris
834 1465 913 1547 suis,
937 1465 1055 1548 sigillis
1078 1483 1191 1531 eorum
1212 1466 1340 1534 eisdem
1361 1465 1494 1550 appamia,

228 1599 364 1665 quarum
386 1584 478 1645 tenor
501 1579 647 1660 sequitur
669 1577 703 1642 in
725 1578 785 1644 heo
800 1578 914 1645 verba:
930 1579 998 1646 Nos
1013 1579 1168 1646 Nicolaus
1184 1579 1345 1665 Episcopi
1358 1582 1398 1648 de
1410 1580 1495 1657 Ponto,

227 1695 320 1777 regni
342 1693 474 1760 Bosmie
504 1691 770 1773 subcamerarius,
805 1696 838 1757 et
869 1693 970 1759 Pesco
1003 1693 1138 1774 Mathis,
1161 1694 1368 1761 iusticiarius
1388 1712 1438 1761 scu
1454 1710 1495 1774 pu

229 1808 366 1893 prabczo
382 1806 549 1872 districtus
564 1806 724 1888 Sacensis,
744 1809 1005 1889 recognoscimus
1029 1812 1062 1873 et
1079 1812 1301 1890 protestamur
1321 1814 1427 1877 tenore
1443 1823 1496 1890 pre

233 1923 378 1990 sancium
408 1922 579 2002 uniuersis,
604 1921 698 2003 quod,
730 1939 803 1988 cum
831 1920 957 2004 pridem
980 1922 1135 2003 seniores,
1157 1926 1226 1987 tarn
1248 1941 1405 2007 pauperes
1424 1936 1497 2004 quan

231 2037 361 2116 diuites,
392 2040 426 2102 11
454 2035 598 2101 11111111
628 2033 768 2101 artifices
800 2035 944 2101 ciuitatis
978 2035 1128 2103 Sacensis
1161 2042 1244 2120 aput
1263 2036 1381 2104 1111111
1400 2033 1497 2102 ordinis

230 2151 393 2216 Minorum
414 2149 449 2214 in
478 2167 588 2215 eorum
617 2148 788 2215 refectorio
820 2149 1059 2229 conuenissent,
1081 2167 1139 2232 per
1160 2168 1221 2217 nos
1243 2151 1338 2218 iuxta
1357 2145 1498 2218 111111111
1539 2162 1541 2197 ;

230 2266 264 2330 in
299 2261 428 2329 Christo
451 2263 553 2345 patris
576 2262 698 2329 domini
731 2262 913 2345 Theodrici‚
935 2264 1118 2330 Mindensia
1140 2264 1299 2349 episcopi,
1331 2263 1499 2339 1111111111

234 2377 299 2460 ipsi
323 2376 461 2443 sollicite
483 2376 682 2458 interrogati,
705 2380 811 2442 strum
833 2376 878 2458 id,
901 2377 987 2460 quod
1002 2375 1179 2460 pannifices
1201 2397 1329 2461 pannos
1350 2378 1500 2462 pervlnun

232 2490 377 2556 incidant
395 2494 429 2556 11
451 2489 600 2571 vendant,
624 2490 670 2554 sit
691 2490 755 2572 ipsi
778 2489 906 2556 ciuitati
921 2490 1000 2556 vtile
1015 2490 1068 2556 uel
1083 2491 1253 2557 nociuum:
1269 2490 1375 2574 primo
1392 2487 1499 2564 scabini,

233 2604 350 2669 deinde
383 2603 526 2670 seniores
560 2602 715 2683 ciuitatis,
750 2620 909 2685 pauperes
947 2608 981 2669 et
1012 2603 1144 2685 diuites,
1167 2605 1375 2686 postmodum
1401 2604 1457 2669 dno
1473 2617 1499 2665 11

235 2715 449 2797 camifioibue,
472 2716 535 2781 dano
559 2734 597 2781 ex
618 2713 806 2798 pistoribus,
830 2715 894 2783 duo
917 2736 956 2783 ex
979 2716 1154 2798 sutoribus,
1176 2717 1242 2786 duo
1264 2736 1307 2786 ex
1329 2715 1500 2787 colonibus

238 2832 302 2897 duo
333 2850 372 2896 ex
402 2829 589 2910 sartoribus,
620 2829 683 2896 duo
706 2848 745 2895 ox
774 2830 989 2912 institoribus,
1021 2831 1085 2897 duo
1115 2849 1156 2896 ex
1176 2830 1383 2914 pellificibus,
1403 2831 1501 2897 (11111

241 2944 414 3012 fullonibus
430 2962 487 3009 seu
502 2943 747 3009 renouatoribus
764 2944 911 3026 vestinum,
927 2945 991 3010 duo
1007 2962 1046 3010 11
1060 2944 1334 3028 tabematnribus,
1349 2946 1409 3012 duo
1422 2962 1456 3011 er
1467 2958 1501 3006 rc

238 3057 447 3125 nouatoribus
460 3058 648 3138 calceorum,
658 3058 720 3124 duo
733 3076 772 3123 cx
783 3057 893 3140 labris,
906 3058 969 3124 duo
981 3077 1020 3124 cx
1032 3057 1249 3141 piscatoribus
1262 3064 1298 3127 et
1309 3061 1372 3129 duo
1382 3053 1502 3126 exorsi·

236 3172 382 3239 atoribus
400 3172 632 3254 respondentes
649 3170 799 3237 dixerunt
816 3171 875 3237 sub
892 3191 1002 3238 eorum
1012 3168 1089 3238 fidei
1100 3176 1134 3238 st
1144 3172 1322 3240 iuramenti
1332 3172 1502 3240 1111111111

238 3306 296 3353 suo
321 3291 354 3352 et
368 3285 566 3352 coartilicum
582 3304 713 3351 suorum
728 3291 761 3351 et
783 3286 935 3367 omnium,
952 3304 1088 3368 quorum
1103 3286 1272 3369 intererat,
1295 3288 1421 3355 nomine
1439 3280 1503 3349 1111·

233 3400 359 3482 mando,
393 3399 478 3482 quod
508 3398 576 3480 hoc,
607 3404 643 3464 ut
673 3398 752 3464 dicti
775 3398 950 3482 pannifices
975 3418 1098 3483 pannos
1121 3418 1179 3483 per
1202 3402 1313 3468 ulnam
1334 3400 1505 3467 vendantst

233 3515 387 3595 incidant,
418 3513 545 3579 ciuitati
576 3518 608 3579 ct
637 3531 746 3579 eorum
777 3511 914 3579 artificio
938 3514 982 3579 sit
1004 3514 1226 3596 dampnosum,
1249 3519 1284 3581 et
1305 3520 1343 3580 nt
1364 3532 1426 3581 non
1445 3506 1505 3577 inci·

237 3629 324 3710 dant,
349 3628 468 3693 existat
491 3626 616 3691 ciuitati
639 3631 672 3691 et
687 3645 797 3692 eorum
819 3624 956 3692 artificio
971 3627 1145 3709 plurimum
1167 3626 1383 3711 profuturum.
1398 3626 1506 3697 Harum,

240 3741 356 3825 quibus
391 3741 500 3824 sigilla
533 3745 643 3805 nostra
677 3745 752 3805 sunt
785 3758 937 3822 appensa,
971 3739 1157 3806 testimonio
1191 3739 1371 3807 literarum.
1413 3740 1508 3806 Datum

237 3856 320 3921 feria
342 3855 455 3936 quinta
477 3859 552 3919 ante
581 3853 699 3919 festum
720 3853 807 3919 beati
830 3852 900 3920 Viti
932 3853 1077 3935 proxima
1099 3871 1183 3919 anno
1209 3852 1335 3920 domini
1364 3853 1509 3920 millesimo

236 3968 464 4035 trecentesimo
489 3968 733 4050 sexagesimo.*)
755 3967 823 4033 Nos
846 3968 948 4034 eciam
970 3967 1052 4033 alias
1075 3985 1095 4032 a
1115 3963 1180 4033 fide
1202 3966 1314 4051 dignis
1337 3966 1512 4034 sufficimtet

238 4101 334 4166 super
364 4082 531 4166 premissis
554 4081 727 4162 informati,
761 4079 880 4147 dictam
910 4081 1009 4164 panni
1043 4080 1233 4147 incisionem
1255 4099 1317 4164 per
1339 4082 1444 4149 ulnam
1461 4078 1513 4144 lore

238 4197 325 4264 dicte
348 4196 476 4263 ciuitati
501 4196 717 4278 dampnosam,
741 4195 884 4260 volentes
908 4194 1009 4275 igitur
1031 4192 1118 4260 dicte
1140 4192 1287 4261 ciuitatis
1306 4186 1516 4278 indempnitali

240 4315 273 4376 11
296 4310 336 4376 da
357 4310 500 4375 remedio
523 4309 694 4392 prouidere
717 4309 846 4391 optimo,
881 4313 918 4373 ut
938 4312 1095 4388 tenemur,
1118 4306 1316 4374 auctoritate
1338 4309 1432 4377 nobis
1452 4320 1519 4372 com·

241 4423 341 4489 missa
363 4429 396 4488 11
418 4424 458 4488 de
481 4422 559 4489 dicti
583 4423 704 4489 domini
728 4422 830 4489 nostri
852 4420 1057 4503 imperatoris
1080 4424 1114 4486 ct
1134 4418 1271 4486 Boamie
1291 4423 1384 4505 regis
1403 4414 1522 4507 gracion'

346 4662 373 4728 *l
394 4668 425 4714 11
445 4661 637 4718 1111111360.
