<?xml version="1.0" encoding="UTF-8"?>
<!DOCTYPE html PUBLIC "-//W3C//DTD XHTML 1.0 Transitional//EN"
    "http://www.w3.org/TR/xhtml1/DTD/xhtml1-transitional.dtd">
<html xmlns="http://www.w3.org/1999/xhtml" xml:lang="en" lang="en">
 <head>
  <title>
</title>
<meta http-equiv="Content-Type" content="text/html;charset=utf-8" />
  <meta name='ocr-system' content='tesseract 3.04.00' />
  <meta name='ocr-capabilities' content='ocr_page ocr_carea ocr_par ocr_line ocrx_word'/>
</head>
<body>
  <div class='ocr_page' id='page_1' title='image "./sbrkapramenprva01kingoog/sbrkapramenprva01kingoog_1021.png"; bbox 0 0 3098 5392; ppageno 0'>
   <div class='ocr_carea' id='block_1_1' title="bbox 226 388 902 456">
    <p class='ocr_par' dir='ltr' id='par_1_1' title="bbox 226 388 902 456">
     <span class='ocr_line' id='line_1_1' title="bbox 226 388 902 456; baseline -0.001 -17"><span class='ocrx_word' id='word_1_1' title='bbox 226 388 288 456; x_wconf 74' lang='lat'>976</span> <span class='ocrx_word' id='word_1_2' title='bbox 827 388 902 440; x_wconf 76' lang='lat' dir='ltr'>stoa.</span> 
     </span>
    </p>
   </div>
   <div class='ocr_carea' id='block_1_2' title="bbox 221 593 1518 4662">
    <p class='ocr_par' dir='ltr' id='par_1_2' title="bbox 221 593 1518 4662">
     <span class='ocr_line' id='line_1_2' title="bbox 223 593 1498 683; baseline -0.005 -17"><span class='ocrx_word' id='word_1_3' title='bbox 223 601 359 667; x_wconf 89' lang='lat' dir='ltr'>ecclesia</span> <span class='ocrx_word' id='word_1_4' title='bbox 388 600 560 666; x_wconf 88' lang='lat' dir='ltr'>distantem</span> <span class='ocrx_word' id='word_1_5' title='bbox 589 600 795 683; x_wconf 80' lang='lat' dir='ltr'><strong>quamplures</strong></span> <span class='ocrx_word' id='word_1_6' title='bbox 825 596 996 678; x_wconf 87' lang='lat' dir='ltr'>utriusque</span> <span class='ocrx_word' id='word_1_7' title='bbox 1025 612 1132 663; x_wconf 83' lang='lat' dir='ltr'>senua</span> <span class='ocrx_word' id='word_1_8' title='bbox 1166 595 1334 664; x_wconf 86' lang='lat' dir='ltr'>homines</span> <span class='ocrx_word' id='word_1_9' title='bbox 1362 593 1498 663; x_wconf 80' lang='lat' dir='ltr'>babitabant</span> 
     </span>
     <span class='ocr_line' id='line_1_3' title="bbox 223 707 1500 793; baseline -0.005 -12"><span class='ocrx_word' id='word_1_10' title='bbox 223 720 255 781; x_wconf 91' lang='lat' dir='ltr'>et</span> <span class='ocrx_word' id='word_1_11' title='bbox 279 714 463 781; x_wconf 81' lang='lat' dir='ltr'>residebant</span> <span class='ocrx_word' id='word_1_12' title='bbox 484 733 521 780; x_wconf 91' lang='lat' dir='ltr'>ac</span> <span class='ocrx_word' id='word_1_13' title='bbox 544 717 577 780; x_wconf 93' lang='lat' dir='ltr'>in</span> <span class='ocrx_word' id='word_1_14' title='bbox 600 713 744 780; x_wconf 85' lang='lat' dir='ltr'>futurum</span> <span class='ocrx_word' id='word_1_15' title='bbox 766 716 898 778; x_wconf 87' lang='lat' dir='ltr'>auctora</span> <span class='ocrx_word' id='word_1_16' title='bbox 921 709 1050 777; x_wconf 91' lang='lat' dir='ltr'>domino</span> <span class='ocrx_word' id='word_1_17' title='bbox 1074 710 1203 793; x_wconf 88' lang='lat' dir='ltr'>plures</span> <span class='ocrx_word' id='word_1_18' title='bbox 1228 711 1385 778; x_wconf 87' lang='lat' dir='ltr'>residere</span> <span class='ocrx_word' id='word_1_19' title='bbox 1402 716 1429 776; x_wconf 88' lang='lat' dir='ltr'>et</span> <span class='ocrx_word' id='word_1_20' title='bbox 1444 707 1500 775; x_wconf 79' lang='lat' dir='ltr'>hali·</span> 
     </span>
     <span class='ocr_line' id='line_1_4' title="bbox 222 822 1502 911; baseline -0.004 -16"><span class='ocrx_word' id='word_1_21' title='bbox 222 835 292 896; x_wconf 88' lang='lat' dir='ltr'>tara</span> <span class='ocrx_word' id='word_1_22' title='bbox 313 830 533 897; x_wconf 87' lang='lat' dir='ltr'>uerisimiliter</span> <span class='ocrx_word' id='word_1_23' title='bbox 555 828 778 911; x_wconf 80' lang='lat' dir='ltr'><strong>sperabantur,</strong></span> <span class='ocrx_word' id='word_1_24' title='bbox 815 845 950 910; x_wconf 88' lang='lat' dir='ltr'>quorum</span> <span class='ocrx_word' id='word_1_25' title='bbox 979 825 1075 909; x_wconf 89' lang='lat' dir='ltr'>pueri</span> <span class='ocrx_word' id='word_1_26' title='bbox 1107 843 1178 908; x_wconf 89' lang='lat' dir='ltr'>pro</span> <span class='ocrx_word' id='word_1_27' title='bbox 1210 825 1416 909; x_wconf 80' lang='lat' dir='ltr'>baptismata</span> <span class='ocrx_word' id='word_1_28' title='bbox 1437 822 1502 890; x_wconf 69' lang='lat' dir='ltr'>uri·</span> 
     </span>
     <span class='ocr_line' id='line_1_5' title="bbox 224 939 1503 1027; baseline -0.006 -17"><span class='ocrx_word' id='word_1_29' title='bbox 224 942 350 1027; x_wconf 90' lang='lat' dir='ltr'>piendo,</span> <span class='ocrx_word' id='word_1_30' title='bbox 373 950 406 1011; x_wconf 90' lang='lat' dir='ltr'>et</span> <span class='ocrx_word' id='word_1_31' title='bbox 429 943 656 1010; x_wconf 90' lang='lat' dir='ltr'>decedenciom</span> <span class='ocrx_word' id='word_1_32' title='bbox 677 941 799 1008; x_wconf 87' lang='lat' dir='ltr'>ibidem</span> <span class='ocrx_word' id='word_1_33' title='bbox 820 959 878 1023; x_wconf 89' lang='lat' dir='ltr'>pro</span> <span class='ocrx_word' id='word_1_34' title='bbox 901 945 1047 1022; x_wconf 83' lang='lat' dir='ltr'>tempora</span> <span class='ocrx_word' id='word_1_35' title='bbox 1068 956 1224 1022; x_wconf 86' lang='lat' dir='ltr'>corpora</span> <span class='ocrx_word' id='word_1_36' title='bbox 1249 939 1503 1008; x_wconf 72' lang='lat' dir='ltr'>oectmmuae</span> 
     </span>
     <span class='ocr_line' id='line_1_6' title="bbox 222 1036 1505 1141; baseline -0.003 -19"><span class='ocrx_word' id='word_1_37' title='bbox 222 1059 352 1141; x_wconf 90' lang='lat' dir='ltr'>pulture</span> <span class='ocrx_word' id='word_1_38' title='bbox 383 1056 548 1137; x_wconf 78' lang='lat' dir='ltr'>tradenda</span> <span class='ocrx_word' id='word_1_39' title='bbox 587 1060 719 1139; x_wconf 86' lang='lat' dir='ltr'>propter</span> <span class='ocrx_word' id='word_1_40' title='bbox 756 1053 942 1121; x_wconf 91' lang='lat' dir='ltr'>huiusmodi</span> <span class='ocrx_word' id='word_1_41' title='bbox 975 1036 1183 1121; x_wconf 82' lang='lat' dir='ltr'>distanciam</span> <span class='ocrx_word' id='word_1_42' title='bbox 1220 1059 1261 1121; x_wconf 88' lang='lat' dir='ltr'>et</span> <span class='ocrx_word' id='word_1_43' title='bbox 1298 1054 1505 1122; x_wconf 73' lang='lat' dir='ltr'>inundasse</span> 
     </span>
     <span class='ocr_line' id='line_1_7' title="bbox 223 1162 1507 1255; baseline -0.006 -18"><span class='ocrx_word' id='word_1_44' title='bbox 223 1190 386 1255; x_wconf 80' lang='lat' dir='ltr'>aquarum,</span> <span class='ocrx_word' id='word_1_45' title='bbox 411 1171 578 1253; x_wconf 81' lang='lat' dir='ltr'>presertim</span> <span class='ocrx_word' id='word_1_46' title='bbox 609 1169 750 1253; x_wconf 79' lang='lat' dir='ltr'>hyemali</span> <span class='ocrx_word' id='word_1_47' title='bbox 772 1174 918 1250; x_wconf 90' lang='lat' dir='ltr'>tempore</span> <span class='ocrx_word' id='word_1_48' title='bbox 947 1166 1021 1250; x_wconf 91' lang='lat' dir='ltr'>plus</span> <span class='ocrx_word' id='word_1_49' title='bbox 1051 1165 1158 1233; x_wconf 82' lang='lat' dir='ltr'>solito</span> <span class='ocrx_word' id='word_1_50' title='bbox 1191 1162 1507 1247; x_wconf 78' lang='lat' dir='ltr'>excrescentinmrl</span> 
     </span>
     <span class='ocr_line' id='line_1_8' title="bbox 222 1279 1508 1368; baseline -0.002 -17"><span class='ocrx_word' id='word_1_51' title='bbox 222 1287 325 1367; x_wconf 90' lang='lat' dir='ltr'>ipsam</span> <span class='ocrx_word' id='word_1_52' title='bbox 356 1284 572 1368; x_wconf 76' lang='lat' dir='ltr'>parochialem</span> <span class='ocrx_word' id='word_1_53' title='bbox 603 1283 773 1350; x_wconf 88' lang='lat' dir='ltr'>ecclesiam</span> <span class='ocrx_word' id='word_1_54' title='bbox 807 1280 972 1349; x_wconf 90' lang='lat' dir='ltr'>commode</span> <span class='ocrx_word' id='word_1_55' title='bbox 1005 1279 1131 1346; x_wconf 84' lang='lat' dir='ltr'>deferri</span> <span class='ocrx_word' id='word_1_56' title='bbox 1169 1282 1382 1365; x_wconf 83' lang='lat' dir='ltr'>nequibant.</span> <span class='ocrx_word' id='word_1_57' title='bbox 1414 1280 1452 1348; x_wconf 77' lang='lat' dir='ltr'>to</span> <span class='ocrx_word' id='word_1_58' title='bbox 1471 1296 1508 1362; x_wconf 70' lang='lat' dir='ltr'>pto</span> 
     </span>
     <span class='ocr_line' id='line_1_9' title="bbox 223 1392 1510 1482; baseline -0.005 -17"><span class='ocrx_word' id='word_1_59' title='bbox 223 1405 314 1482; x_wconf 86' lang='lat' dir='ltr'>parto</span> <span class='ocrx_word' id='word_1_60' title='bbox 336 1399 495 1464; x_wconf 89' lang='lat' dir='ltr'>dictorum</span> <span class='ocrx_word' id='word_1_61' title='bbox 519 1398 643 1477; x_wconf 88' lang='lat' dir='ltr'>decani,</span> <span class='ocrx_word' id='word_1_62' title='bbox 673 1396 818 1478; x_wconf 79' lang='lat' dir='ltr'>capituli,</span> <span class='ocrx_word' id='word_1_63' title='bbox 848 1393 987 1461; x_wconf 88' lang='lat' dir='ltr'>rectoris</span> <span class='ocrx_word' id='word_1_64' title='bbox 1016 1397 1049 1458; x_wconf 88' lang='lat' dir='ltr'>et</span> <span class='ocrx_word' id='word_1_65' title='bbox 1078 1392 1320 1475; x_wconf 85' lang='lat' dir='ltr'>opidanorum</span> <span class='ocrx_word' id='word_1_66' title='bbox 1351 1395 1439 1464; x_wconf 92' lang='lat' dir='ltr'>nobis</span> <span class='ocrx_word' id='word_1_67' title='bbox 1459 1400 1510 1459; x_wconf 77' lang='lat' dir='ltr'>us</span> 
     </span>
     <span class='ocr_line' id='line_1_10' title="bbox 221 1506 1512 1595; baseline -0.004 -15"><span class='ocrx_word' id='word_1_68' title='bbox 221 1514 386 1580; x_wconf 87' lang='lat' dir='ltr'>humiliter</span> <span class='ocrx_word' id='word_1_69' title='bbox 408 1513 599 1595; x_wconf 83' lang='lat' dir='ltr'>supplicato,</span> <span class='ocrx_word' id='word_1_70' title='bbox 623 1517 658 1576; x_wconf 86' lang='lat' dir='ltr'>vt</span> <span class='ocrx_word' id='word_1_71' title='bbox 679 1509 876 1590; x_wconf 86' lang='lat' dir='ltr'>fundacioni,</span> <span class='ocrx_word' id='word_1_72' title='bbox 909 1506 1165 1589; x_wconf 81' lang='lat' dir='ltr'>construccioni,</span> <span class='ocrx_word' id='word_1_73' title='bbox 1204 1512 1385 1579; x_wconf 83' lang='lat' dir='ltr'>sreccioni</span> <span class='ocrx_word' id='word_1_74' title='bbox 1405 1515 1436 1578; x_wconf 86' lang='lat' dir='ltr'>at</span> <span class='ocrx_word' id='word_1_75' title='bbox 1451 1509 1512 1575; x_wconf 71' lang='lat' dir='ltr'>dcta</span> 
     </span>
     <span class='ocr_line' id='line_1_11' title="bbox 222 1611 1513 1709; baseline -0.002 -14"><span class='ocrx_word' id='word_1_76' title='bbox 222 1629 308 1696; x_wconf 91' lang='lat' dir='ltr'>ciooi</span> <span class='ocrx_word' id='word_1_77' title='bbox 331 1625 515 1694; x_wconf 90' lang='lat' dir='ltr'>huiusmodi</span> <span class='ocrx_word' id='word_1_78' title='bbox 538 1624 636 1692; x_wconf 90' lang='lat' dir='ltr'>robur</span> <span class='ocrx_word' id='word_1_79' title='bbox 669 1625 868 1708; x_wconf 86' lang='lat' dir='ltr'>appostolico</span> <span class='ocrx_word' id='word_1_80' title='bbox 891 1620 1153 1690; x_wconf 87' lang='lat' dir='ltr'>confirmacionis</span> <span class='ocrx_word' id='word_1_81' title='bbox 1191 1611 1366 1707; x_wconf 82' lang='lat' dir='ltr'>adiicere,</span> <span class='ocrx_word' id='word_1_82' title='bbox 1395 1625 1513 1709; x_wconf 67' lang='lat' dir='ltr'>ipsias</span> 
     </span>
     <span class='ocr_line' id='line_1_12' title="bbox 223 1728 1514 1826; baseline -0.005 -17"><span class='ocrx_word' id='word_1_83' title='bbox 223 1742 308 1826; x_wconf 86' lang='lat' dir='ltr'>quod</span> <span class='ocrx_word' id='word_1_84' title='bbox 328 1728 365 1807; x_wconf 59' lang='lat' dir='ltr'>&#39;in</span> <span class='ocrx_word' id='word_1_85' title='bbox 388 1741 475 1807; x_wconf 89' lang='lat' dir='ltr'>dicta</span> <span class='ocrx_word' id='word_1_86' title='bbox 498 1740 622 1821; x_wconf 89' lang='lat' dir='ltr'>capella</span> <span class='ocrx_word' id='word_1_87' title='bbox 651 1740 757 1805; x_wconf 87' lang='lat' dir='ltr'>fontes</span> <span class='ocrx_word' id='word_1_88' title='bbox 789 1737 915 1820; x_wconf 81' lang='lat' dir='ltr'>erigere</span> <span class='ocrx_word' id='word_1_89' title='bbox 936 1734 1151 1817; x_wconf 83' lang='lat' dir='ltr'>baptismales</span> <span class='ocrx_word' id='word_1_90' title='bbox 1184 1742 1222 1804; x_wconf 89' lang='lat' dir='ltr'>ct</span> <span class='ocrx_word' id='word_1_91' title='bbox 1258 1741 1298 1806; x_wconf 92' lang='lat' dir='ltr'>in</span> <span class='ocrx_word' id='word_1_92' title='bbox 1334 1741 1402 1807; x_wconf 89' lang='lat' dir='ltr'>illis</span> <span class='ocrx_word' id='word_1_93' title='bbox 1430 1753 1514 1822; x_wconf 73' lang='lat' dir='ltr'>pnes</span> 
     </span>
     <span class='ocr_line' id='line_1_13' title="bbox 222 1850 1515 1938; baseline -0.004 -15"><span class='ocrx_word' id='word_1_94' title='bbox 222 1856 408 1923; x_wconf 89' lang='lat' dir='ltr'>huiusmodi</span> <span class='ocrx_word' id='word_1_95' title='bbox 432 1860 464 1920; x_wconf 90' lang='lat' dir='ltr'>et</span> <span class='ocrx_word' id='word_1_96' title='bbox 486 1856 623 1920; x_wconf 89' lang='lat' dir='ltr'>aliorum</span> <span class='ocrx_word' id='word_1_97' title='bbox 646 1871 746 1935; x_wconf 89' lang='lat' dir='ltr'>prope</span> <span class='ocrx_word' id='word_1_98' title='bbox 768 1853 874 1933; x_wconf 92' lang='lat' dir='ltr'>ipsam</span> <span class='ocrx_word' id='word_1_99' title='bbox 896 1850 1053 1933; x_wconf 90' lang='lat' dir='ltr'>capellam</span> <span class='ocrx_word' id='word_1_100' title='bbox 1075 1855 1375 1921; x_wconf 78' lang='lat' dir='ltr'>commorancium</span> <span class='ocrx_word' id='word_1_101' title='bbox 1396 1858 1515 1938; x_wconf 67' lang='lat' dir='ltr'>proras</span> 
     </span>
     <span class='ocr_line' id='line_1_14' title="bbox 223 1962 1516 2053; baseline 0.002 -20"><span class='ocrx_word' id='word_1_102' title='bbox 223 1989 300 2053; x_wconf 88' lang='lat' dir='ltr'>porc</span> <span class='ocrx_word' id='word_1_103' title='bbox 322 1972 491 2034; x_wconf 83' lang='lat' dir='ltr'>nascentes</span> <span class='ocrx_word' id='word_1_104' title='bbox 513 1966 671 2048; x_wconf 91' lang='lat' dir='ltr'>baptizari</span> <span class='ocrx_word' id='word_1_105' title='bbox 694 1964 810 2044; x_wconf 84' lang='lat' dir='ltr'>tacere,</span> <span class='ocrx_word' id='word_1_106' title='bbox 841 1983 879 2030; x_wconf 93' lang='lat' dir='ltr'>ac</span> <span class='ocrx_word' id='word_1_107' title='bbox 901 1963 1082 2046; x_wconf 88' lang='lat' dir='ltr'>predictum</span> <span class='ocrx_word' id='word_1_108' title='bbox 1112 1962 1337 2035; x_wconf 81' lang='lat' dir='ltr'>cimiterium</span> <span class='ocrx_word' id='word_1_109' title='bbox 1359 1988 1417 2053; x_wconf 91' lang='lat' dir='ltr'>pro</span> <span class='ocrx_word' id='word_1_110' title='bbox 1435 1966 1516 2034; x_wconf 64' lang='lat' dir='ltr'>hai*</span> 
     </span>
     <span class='ocr_line' id='line_1_15' title="bbox 222 2077 1517 2165; baseline -0.005 -16"><span class='ocrx_word' id='word_1_111' title='bbox 222 2083 309 2149; x_wconf 90' lang='lat' dir='ltr'>modi</span> <span class='ocrx_word' id='word_1_112' title='bbox 332 2083 499 2164; x_wconf 84' lang='lat' dir='ltr'>sepultura</span> <span class='ocrx_word' id='word_1_113' title='bbox 520 2081 686 2146; x_wconf 91' lang='lat' dir='ltr'>hominum</span> <span class='ocrx_word' id='word_1_114' title='bbox 709 2079 926 2162; x_wconf 88' lang='lat' dir='ltr'>predictomm</span> <span class='ocrx_word' id='word_1_115' title='bbox 949 2082 983 2142; x_wconf 89' lang='lat' dir='ltr'>et</span> <span class='ocrx_word' id='word_1_116' title='bbox 1003 2077 1144 2143; x_wconf 81' lang='lat' dir='ltr'>aliorum</span> <span class='ocrx_word' id='word_1_117' title='bbox 1170 2077 1312 2146; x_wconf 86' lang='lat' dir='ltr'>ibidem</span> <span class='ocrx_word' id='word_1_118' title='bbox 1336 2081 1462 2165; x_wconf 86' lang='lat' dir='ltr'>sepeliri</span> <span class='ocrx_word' id='word_1_119' title='bbox 1477 2077 1517 2143; x_wconf 78' lang='lat' dir='ltr'>eli</span> 
     </span>
     <span class='ocr_line' id='line_1_16' title="bbox 224 2189 1517 2279; baseline 0 -17"><span class='ocrx_word' id='word_1_120' title='bbox 224 2195 373 2279; x_wconf 79' lang='lat' dir='ltr'>gencium</span> <span class='ocrx_word' id='word_1_121' title='bbox 389 2195 547 2277; x_wconf 86' lang='lat' dir='ltr'>deputare</span> <span class='ocrx_word' id='word_1_122' title='bbox 563 2192 665 2259; x_wconf 88' lang='lat' dir='ltr'>libere</span> <span class='ocrx_word' id='word_1_123' title='bbox 680 2200 713 2259; x_wconf 92' lang='lat' dir='ltr'>et</span> <span class='ocrx_word' id='word_1_124' title='bbox 727 2193 818 2259; x_wconf 87' lang='lat' dir='ltr'>licite</span> <span class='ocrx_word' id='word_1_125' title='bbox 841 2192 996 2273; x_wconf 85' lang='lat' dir='ltr'>ualerent,</span> <span class='ocrx_word' id='word_1_126' title='bbox 1018 2189 1198 2258; x_wconf 87' lang='lat' dir='ltr'>licenciam</span> <span class='ocrx_word' id='word_1_127' title='bbox 1213 2194 1416 2277; x_wconf 83' lang='lat' dir='ltr'>concedere,</span> <span class='ocrx_word' id='word_1_128' title='bbox 1429 2195 1517 2277; x_wconf 69' lang='lat' dir='ltr'>ipra*</span> 
     </span>
     <span class='ocr_line' id='line_1_17' title="bbox 223 2306 1518 2392; baseline -0.004 -18"><span class='ocrx_word' id='word_1_129' title='bbox 223 2320 286 2392; x_wconf 85' lang='lat' dir='ltr'>que</span> <span class='ocrx_word' id='word_1_130' title='bbox 308 2310 464 2391; x_wconf 89' lang='lat' dir='ltr'>capellam</span> <span class='ocrx_word' id='word_1_131' title='bbox 485 2309 572 2374; x_wconf 89' lang='lat' dir='ltr'>dicte</span> <span class='ocrx_word' id='word_1_132' title='bbox 595 2306 771 2390; x_wconf 90' lang='lat' dir='ltr'>parochiali</span> <span class='ocrx_word' id='word_1_133' title='bbox 802 2306 939 2372; x_wconf 73' lang='lat' dir='ltr'>melesio</span> <span class='ocrx_word' id='word_1_134' title='bbox 968 2308 1126 2386; x_wconf 82' lang='lat' dir='ltr'>perpetuo</span> <span class='ocrx_word' id='word_1_135' title='bbox 1160 2306 1279 2390; x_wconf 83' lang='lat' dir='ltr'>unire,</span> <span class='ocrx_word' id='word_1_136' title='bbox 1311 2309 1518 2377; x_wconf 62' lang='lat' dir='ltr'>memmae</span> 
     </span>
     <span class='ocr_line' id='line_1_18' title="bbox 226 2417 1518 2505; baseline -0.001 -17"><span class='ocrx_word' id='word_1_137' title='bbox 226 2425 431 2505; x_wconf 91' lang='lat' dir='ltr'>incorporare</span> <span class='ocrx_word' id='word_1_138' title='bbox 446 2422 662 2504; x_wconf 80' lang='lat' dir='ltr'>dignaremur.</span> <span class='ocrx_word' id='word_1_139' title='bbox 688 2418 756 2485; x_wconf 87' lang='lat' dir='ltr'>Nos</span> <span class='ocrx_word' id='word_1_140' title='bbox 771 2424 849 2486; x_wconf 89' lang='lat' dir='ltr'>tunc</span> <span class='ocrx_word' id='word_1_141' title='bbox 868 2417 1106 2498; x_wconf 79' lang='lat' dir='ltr'>fundacionem</span> <span class='ocrx_word' id='word_1_142' title='bbox 1130 2424 1436 2502; x_wconf 68' lang='lat' dir='ltr'>constructionum</span> <span class='ocrx_word' id='word_1_143' title='bbox 1455 2436 1518 2487; x_wconf 73' lang='lat' dir='ltr'>erre</span> 
     </span>
     <span class='ocr_line' id='line_1_19' title="bbox 226 2533 1517 2620; baseline -0.003 -16"><span class='ocrx_word' id='word_1_144' title='bbox 226 2539 367 2604; x_wconf 90' lang='lat' dir='ltr'>ctionem</span> <span class='ocrx_word' id='word_1_145' title='bbox 390 2542 421 2601; x_wconf 90' lang='lat' dir='ltr'>et</span> <span class='ocrx_word' id='word_1_146' title='bbox 445 2537 649 2603; x_wconf 89' lang='lat' dir='ltr'>dotacionem</span> <span class='ocrx_word' id='word_1_147' title='bbox 672 2537 834 2619; x_wconf 85' lang='lat' dir='ltr'>predictas</span> <span class='ocrx_word' id='word_1_148' title='bbox 857 2539 891 2600; x_wconf 89' lang='lat' dir='ltr'>et</span> <span class='ocrx_word' id='word_1_149' title='bbox 914 2551 1104 2617; x_wconf 89' lang='lat' dir='ltr'>quecunque</span> <span class='ocrx_word' id='word_1_150' title='bbox 1127 2533 1212 2602; x_wconf 87' lang='lat' dir='ltr'>iude</span> <span class='ocrx_word' id='word_1_151' title='bbox 1237 2546 1374 2620; x_wconf 76' lang='lat' dir='ltr'>secuta,</span> <span class='ocrx_word' id='word_1_152' title='bbox 1394 2543 1461 2605; x_wconf 78' lang='lat' dir='ltr'>rata</span> <span class='ocrx_word' id='word_1_153' title='bbox 1477 2535 1517 2600; x_wconf 83' lang='lat' dir='ltr'>lra-</span> 
     </span>
     <span class='ocr_line' id='line_1_20' title="bbox 224 2645 1518 2733; baseline 0 -15"><span class='ocrx_word' id='word_1_154' title='bbox 224 2652 338 2718; x_wconf 84' lang='lat' dir='ltr'>bentes</span> <span class='ocrx_word' id='word_1_155' title='bbox 361 2655 394 2717; x_wconf 88' lang='lat' dir='ltr'>et</span> <span class='ocrx_word' id='word_1_156' title='bbox 416 2656 519 2733; x_wconf 77' lang='lat' dir='ltr'>grata,</span> <span class='ocrx_word' id='word_1_157' title='bbox 542 2651 599 2716; x_wconf 92' lang='lat' dir='ltr'>illa</span> <span class='ocrx_word' id='word_1_158' title='bbox 621 2652 815 2718; x_wconf 89' lang='lat' dir='ltr'>auctoritate</span> <span class='ocrx_word' id='word_1_159' title='bbox 845 2648 1046 2733; x_wconf 76' lang='lat' dir='ltr'>appostolico</span> <span class='ocrx_word' id='word_1_160' title='bbox 1069 2665 1109 2713; x_wconf 84' lang='lat' dir='ltr'>ex</span> <span class='ocrx_word' id='word_1_161' title='bbox 1131 2654 1231 2715; x_wconf 84' lang='lat' dir='ltr'>certa</span> <span class='ocrx_word' id='word_1_162' title='bbox 1255 2652 1412 2720; x_wconf 80' lang='lat' dir='ltr'>sciencia</span> <span class='ocrx_word' id='word_1_163' title='bbox 1430 2645 1518 2718; x_wconf 73' lang='lat' dir='ltr'>confir</span> 
     </span>
     <span class='ocr_line' id='line_1_21' title="bbox 224 2760 1517 2846; baseline -0.002 -15"><span class='ocrx_word' id='word_1_164' title='bbox 224 2765 396 2846; x_wconf 84' lang='lat' dir='ltr'>mouimus,</span> <span class='ocrx_word' id='word_1_165' title='bbox 430 2770 463 2830; x_wconf 89' lang='lat' dir='ltr'>et</span> <span class='ocrx_word' id='word_1_166' title='bbox 492 2765 676 2830; x_wconf 90' lang='lat' dir='ltr'>earumdem</span> <span class='ocrx_word' id='word_1_167' title='bbox 708 2766 888 2829; x_wconf 90' lang='lat' dir='ltr'>litterarum</span> <span class='ocrx_word' id='word_1_168' title='bbox 918 2767 1102 2829; x_wconf 89' lang='lat' dir='ltr'>nostrarum</span> <span class='ocrx_word' id='word_1_169' title='bbox 1132 2765 1334 2843; x_wconf 87' lang='lat' dir='ltr'>patrocinio</span> <span class='ocrx_word' id='word_1_170' title='bbox 1368 2760 1517 2834; x_wconf 78' lang='lat' dir='ltr'>commum·</span> 
     </span>
     <span class='ocr_line' id='line_1_22' title="bbox 226 2875 1517 2961; baseline -0.003 -17"><span class='ocrx_word' id='word_1_171' title='bbox 226 2880 343 2959; x_wconf 89' lang='lat' dir='ltr'>nimus,</span> <span class='ocrx_word' id='word_1_172' title='bbox 374 2880 561 2961; x_wconf 88' lang='lat' dir='ltr'>supplentes</span> <span class='ocrx_word' id='word_1_173' title='bbox 592 2896 702 2943; x_wconf 90' lang='lat' dir='ltr'>omnes</span> <span class='ocrx_word' id='word_1_174' title='bbox 733 2877 887 2958; x_wconf 85' lang='lat' dir='ltr'>defectus,</span> <span class='ocrx_word' id='word_1_175' title='bbox 919 2876 947 2941; x_wconf 92' lang='lat' dir='ltr'>si</span> <span class='ocrx_word' id='word_1_176' title='bbox 973 2876 1029 2959; x_wconf 87' lang='lat' dir='ltr'>qui</span> <span class='ocrx_word' id='word_1_177' title='bbox 1062 2875 1176 2940; x_wconf 87' lang='lat' dir='ltr'>forsan</span> <span class='ocrx_word' id='word_1_178' title='bbox 1212 2876 1517 2947; x_wconf 86' lang='lat' dir='ltr'>interuenissenliu</span> 
     </span>
     <span class='ocr_line' id='line_1_23' title="bbox 225 2989 1518 3074; baseline -0.002 -16"><span class='ocrx_word' id='word_1_179' title='bbox 225 2993 363 3071; x_wconf 76' lang='lat' dir='ltr'>eisdem3</span> <span class='ocrx_word' id='word_1_180' title='bbox 397 2994 544 3074; x_wconf 80' lang='lat' dir='ltr'>ipsisque</span> <span class='ocrx_word' id='word_1_181' title='bbox 575 2991 707 3068; x_wconf 88' lang='lat' dir='ltr'>decano,</span> <span class='ocrx_word' id='word_1_182' title='bbox 739 2990 890 3071; x_wconf 87' lang='lat' dir='ltr'>capitulo,</span> <span class='ocrx_word' id='word_1_183' title='bbox 919 2989 1038 3055; x_wconf 80' lang='lat' dir='ltr'>rectori</span> <span class='ocrx_word' id='word_1_184' title='bbox 1068 2992 1103 3054; x_wconf 88' lang='lat' dir='ltr'>et</span> <span class='ocrx_word' id='word_1_185' title='bbox 1133 2990 1312 3073; x_wconf 89' lang='lat' dir='ltr'>opidanis,</span> <span class='ocrx_word' id='word_1_186' title='bbox 1350 2997 1387 3060; x_wconf 82' lang='lat' dir='ltr'>ut</span> <span class='ocrx_word' id='word_1_187' title='bbox 1415 2993 1447 3059; x_wconf 92' lang='lat' dir='ltr'>in</span> <span class='ocrx_word' id='word_1_188' title='bbox 1465 2992 1518 3072; x_wconf 76' lang='lat' dir='ltr'>ipa</span> 
     </span>
     <span class='ocr_line' id='line_1_24' title="bbox 224 3101 1517 3189; baseline -0.005 -17"><span class='ocrx_word' id='word_1_189' title='bbox 224 3107 348 3189; x_wconf 86' lang='lat' dir='ltr'>capella</span> <span class='ocrx_word' id='word_1_190' title='bbox 370 3106 476 3173; x_wconf 84' lang='lat' dir='ltr'>fontes</span> <span class='ocrx_word' id='word_1_191' title='bbox 499 3105 710 3187; x_wconf 84' lang='lat' dir='ltr'>baptismales</span> <span class='ocrx_word' id='word_1_192' title='bbox 734 3123 791 3186; x_wconf 92' lang='lat' dir='ltr'>pro</span> <span class='ocrx_word' id='word_1_193' title='bbox 814 3103 999 3169; x_wconf 90' lang='lat' dir='ltr'>huiusmodi</span> <span class='ocrx_word' id='word_1_194' title='bbox 1022 3102 1133 3184; x_wconf 89' lang='lat' dir='ltr'>pueris</span> <span class='ocrx_word' id='word_1_195' title='bbox 1155 3101 1384 3187; x_wconf 81' lang='lat' dir='ltr'>baptizandis</span> <span class='ocrx_word' id='word_1_196' title='bbox 1402 3104 1517 3188; x_wconf 63' lang='lat' dir='ltr'>erigit</span> 
     </span>
     <span class='ocr_line' id='line_1_25' title="bbox 224 3215 1517 3302; baseline 0.005 -21"><span class='ocrx_word' id='word_1_197' title='bbox 224 3239 341 3302; x_wconf 88' lang='lat' dir='ltr'>pueros</span> <span class='ocrx_word' id='word_1_198' title='bbox 378 3222 467 3301; x_wconf 91' lang='lat' dir='ltr'>ipsos</span> <span class='ocrx_word' id='word_1_199' title='bbox 498 3218 577 3284; x_wconf 91' lang='lat' dir='ltr'>inibi</span> <span class='ocrx_word' id='word_1_200' title='bbox 611 3218 770 3300; x_wconf 88' lang='lat' dir='ltr'>baptizari</span> <span class='ocrx_word' id='word_1_201' title='bbox 804 3217 920 3297; x_wconf 86' lang='lat' dir='ltr'>facero,</span> <span class='ocrx_word' id='word_1_202' title='bbox 955 3221 988 3282; x_wconf 87' lang='lat' dir='ltr'>et</span> <span class='ocrx_word' id='word_1_203' title='bbox 1021 3215 1224 3283; x_wconf 87' lang='lat' dir='ltr'>cimiterium</span> <span class='ocrx_word' id='word_1_204' title='bbox 1258 3221 1449 3302; x_wconf 84' lang='lat' dir='ltr'>predictum</span> <span class='ocrx_word' id='word_1_205' title='bbox 1475 3232 1517 3300; x_wconf 68' lang='grc' dir='ltr'>βω</span> 
     </span>
     <span class='ocr_line' id='line_1_26' title="bbox 224 3329 1518 3417; baseline -0.002 -18"><span class='ocrx_word' id='word_1_206' title='bbox 224 3333 410 3400; x_wconf 89' lang='lat' dir='ltr'>huiusmodi</span> <span class='ocrx_word' id='word_1_207' title='bbox 440 3331 629 3414; x_wconf 87' lang='lat' dir='ltr'>corporibus</span> <span class='ocrx_word' id='word_1_208' title='bbox 657 3331 852 3414; x_wconf 87' lang='lat' dir='ltr'>sepeliendis</span> <span class='ocrx_word' id='word_1_209' title='bbox 875 3332 1043 3415; x_wconf 80' lang='lat' dir='ltr'>deputare,</span> <span class='ocrx_word' id='word_1_210' title='bbox 1071 3331 1250 3414; x_wconf 86' lang='lat' dir='ltr'>ipsamque</span> <span class='ocrx_word' id='word_1_211' title='bbox 1281 3335 1444 3417; x_wconf 80' lang='lat' dir='ltr'>capellam</span> <span class='ocrx_word' id='word_1_212' title='bbox 1460 3329 1518 3396; x_wconf 79' lang='lat' dir='ltr'>aliis</span> 
     </span>
     <span class='ocr_line' id='line_1_27' title="bbox 228 3442 1517 3530; baseline 0.002 -18"><span class='ocrx_word' id='word_1_213' title='bbox 228 3447 467 3530; x_wconf 89' lang='lat' dir='ltr'>parochialibus</span> <span class='ocrx_word' id='word_1_214' title='bbox 499 3445 650 3527; x_wconf 79' lang='lat' dir='ltr'>insigniis</span> <span class='ocrx_word' id='word_1_215' title='bbox 680 3445 833 3511; x_wconf 91' lang='lat' dir='ltr'>decorare</span> <span class='ocrx_word' id='word_1_216' title='bbox 855 3444 957 3510; x_wconf 91' lang='lat' dir='ltr'>libere</span> <span class='ocrx_word' id='word_1_217' title='bbox 979 3449 1013 3509; x_wconf 92' lang='lat' dir='ltr'>et</span> <span class='ocrx_word' id='word_1_218' title='bbox 1034 3442 1124 3509; x_wconf 89' lang='lat' dir='ltr'>licite</span> <span class='ocrx_word' id='word_1_219' title='bbox 1146 3443 1320 3528; x_wconf 79' lang='lat' dir='ltr'>ualerem,</span> <span class='ocrx_word' id='word_1_220' title='bbox 1349 3446 1517 3515; x_wconf 74' lang='lat' dir='ltr'>sustentate</span> 
     </span>
     <span class='ocr_line' id='line_1_28' title="bbox 225 3555 1518 3645; baseline 0.005 -24"><span class='ocrx_word' id='word_1_221' title='bbox 225 3561 372 3643; x_wconf 86' lang='lat' dir='ltr'>predicta</span> <span class='ocrx_word' id='word_1_222' title='bbox 407 3560 557 3624; x_wconf 79' lang='lat' dir='ltr'>duximus</span> <span class='ocrx_word' id='word_1_223' title='bbox 591 3557 840 3640; x_wconf 77' lang='lat' dir='ltr'>indulgendum,</span> <span class='ocrx_word' id='word_1_224' title='bbox 878 3576 917 3625; x_wconf 88' lang='lat' dir='ltr'>ac</span> <span class='ocrx_word' id='word_1_225' title='bbox 949 3555 1179 3623; x_wconf 89' lang='lat' dir='ltr'>nichilominus</span> <span class='ocrx_word' id='word_1_226' title='bbox 1222 3563 1395 3642; x_wconf 81' lang='lat' dir='ltr'>capellam</span> <span class='ocrx_word' id='word_1_227' title='bbox 1426 3562 1518 3645; x_wconf 62' lang='lat' dir='ltr'>ipsun</span> 
     </span>
     <span class='ocr_line' id='line_1_29' title="bbox 227 3668 1517 3760; baseline -0.003 -21"><span class='ocrx_word' id='word_1_228' title='bbox 227 3676 320 3740; x_wconf 90' lang='lat' dir='ltr'>cuius</span> <span class='ocrx_word' id='word_1_229' title='bbox 343 3673 481 3757; x_wconf 72' lang='lat' dir='ltr'>[structus</span> <span class='ocrx_word' id='word_1_230' title='bbox 504 3690 645 3738; x_wconf 91' lang='lat' dir='ltr'>aunuum</span> <span class='ocrx_word' id='word_1_231' title='bbox 662 3669 817 3753; x_wconf 77' lang='lat' dir='ltr'>valorem]</span> <span class='ocrx_word' id='word_1_232' title='bbox 841 3670 950 3736; x_wconf 89' lang='lat' dir='ltr'>decem</span> <span class='ocrx_word' id='word_1_233' title='bbox 973 3668 1191 3752; x_wconf 82' lang='lat' dir='ltr'>[marcharum</span> <span class='ocrx_word' id='word_1_234' title='bbox 1216 3677 1358 3756; x_wconf 80' lang='lat' dir='ltr'>argenti</span> <span class='ocrx_word' id='word_1_235' title='bbox 1381 3675 1452 3760; x_wconf 82' lang='lat' dir='ltr'>puri</span> <span class='ocrx_word' id='word_1_236' title='bbox 1471 3686 1517 3737; x_wconf 85' lang='lat' dir='ltr'>nm</span> 
     </span>
     <span class='ocr_line' id='line_1_30' title="bbox 229 3781 1517 3871; baseline -0.002 -19"><span class='ocrx_word' id='word_1_237' title='bbox 229 3785 449 3870; x_wconf 79' lang='lat' dir='ltr'>excedebant]‚</span> <span class='ocrx_word' id='word_1_238' title='bbox 473 3806 545 3852; x_wconf 90' lang='lat' dir='ltr'>cum</span> <span class='ocrx_word' id='word_1_239' title='bbox 569 3784 717 3851; x_wconf 89' lang='lat' dir='ltr'>omnibus</span> <span class='ocrx_word' id='word_1_240' title='bbox 740 3783 866 3850; x_wconf 90' lang='lat' dir='ltr'>iuribus</span> <span class='ocrx_word' id='word_1_241' title='bbox 889 3791 920 3849; x_wconf 90' lang='lat' dir='ltr'>et</span> <span class='ocrx_word' id='word_1_242' title='bbox 943 3781 1154 3866; x_wconf 76' lang='lat' dir='ltr'>pertinenciis</span> <span class='ocrx_word' id='word_1_243' title='bbox 1186 3786 1264 3851; x_wconf 90' lang='lat' dir='ltr'>suis</span> <span class='ocrx_word' id='word_1_244' title='bbox 1289 3788 1423 3869; x_wconf 77' lang='lat' dir='ltr'>prefate</span> <span class='ocrx_word' id='word_1_245' title='bbox 1447 3802 1517 3871; x_wconf 83' lang='lat' dir='ltr'>prro</span> 
     </span>
     <span class='ocr_line' id='line_1_31' title="bbox 227 3897 1518 3985; baseline -0.001 -19"><span class='ocrx_word' id='word_1_246' title='bbox 227 3901 324 3966; x_wconf 86' lang='lat' dir='ltr'>chiuli</span> <span class='ocrx_word' id='word_1_247' title='bbox 347 3901 493 3979; x_wconf 78' lang='lat' dir='ltr'>ecclesie,</span> <span class='ocrx_word' id='word_1_248' title='bbox 518 3902 610 3965; x_wconf 88' lang='lat' dir='ltr'>cuius</span> <span class='ocrx_word' id='word_1_249' title='bbox 634 3900 785 3965; x_wconf 89' lang='lat' dir='ltr'>similiter</span> <span class='ocrx_word' id='word_1_250' title='bbox 806 3899 916 3965; x_wconf 86' lang='lat' dir='ltr'>decem</span> <span class='ocrx_word' id='word_1_251' title='bbox 931 3897 1135 3964; x_wconf 80' lang='lat' dir='ltr'>marcharum</span> <span class='ocrx_word' id='word_1_252' title='bbox 1156 3901 1295 3981; x_wconf 69' lang='lat' dir='ltr'>argenti</span> <span class='ocrx_word' id='word_1_253' title='bbox 1312 3905 1392 3985; x_wconf 90' lang='lat' dir='ltr'>puri</span> <span class='ocrx_word' id='word_1_254' title='bbox 1406 3904 1518 3974; x_wconf 70' lang='lat' dir='ltr'>hoaut,</span> 
     </span>
     <span class='ocr_line' id='line_1_32' title="bbox 227 4010 1517 4096; baseline 0.003 -17"><span class='ocrx_word' id='word_1_255' title='bbox 227 4014 375 4079; x_wconf 82' lang='lat' dir='ltr'>redditus</span> <span class='ocrx_word' id='word_1_256' title='bbox 405 4022 437 4079; x_wconf 90' lang='lat' dir='ltr'>et</span> <span class='ocrx_word' id='word_1_257' title='bbox 461 4020 636 4096; x_wconf 87' lang='lat' dir='ltr'>prouentus</span> <span class='ocrx_word' id='word_1_258' title='bbox 666 4013 843 4079; x_wconf 84' lang='lat' dir='ltr'>secundum</span> <span class='ocrx_word' id='word_1_259' title='bbox 874 4030 1073 4078; x_wconf 76' lang='lat' dir='ltr'>comunem</span> <span class='ocrx_word' id='word_1_260' title='bbox 1100 4010 1367 4083; x_wconf 78' lang='lat' dir='ltr'>extimacionem</span> <span class='ocrx_word' id='word_1_261' title='bbox 1398 4017 1517 4083; x_wconf 64' lang='lat' dir='ltr'>naim!</span> 
     </span>
     <span class='ocr_line' id='line_1_33' title="bbox 228 4124 1518 4213; baseline 0.003 -21"><span class='ocrx_word' id='word_1_262' title='bbox 228 4146 380 4207; x_wconf 87' lang='lat' dir='ltr'>annuum,</span> <span class='ocrx_word' id='word_1_263' title='bbox 404 4134 438 4193; x_wconf 91' lang='lat' dir='ltr'>ut</span> <span class='ocrx_word' id='word_1_264' title='bbox 462 4127 676 4208; x_wconf 83' lang='lat' dir='ltr'>asserebatur,</span> <span class='ocrx_word' id='word_1_265' title='bbox 696 4146 758 4192; x_wconf 93' lang='lat' dir='ltr'>non</span> <span class='ocrx_word' id='word_1_266' title='bbox 775 4125 980 4206; x_wconf 53' lang='lat' dir='ltr'>eredebant,</span> <span class='ocrx_word' id='word_1_267' title='bbox 1003 4124 1108 4191; x_wconf 89' lang='lat' dir='ltr'>eciam</span> <span class='ocrx_word' id='word_1_268' title='bbox 1129 4126 1160 4190; x_wconf 89' lang='lat' dir='ltr'>si</span> <span class='ocrx_word' id='word_1_269' title='bbox 1181 4143 1290 4209; x_wconf 83' lang='lat' dir='ltr'>super</span> <span class='ocrx_word' id='word_1_270' title='bbox 1313 4131 1394 4213; x_wconf 87' lang='lat' dir='ltr'>ipsa</span> <span class='ocrx_word' id='word_1_271' title='bbox 1417 4125 1518 4213; x_wconf 67' lang='lat' dir='ltr'>capell!</span> 
     </span>
     <span class='ocr_line' id='line_1_34' title="bbox 227 4236 1516 4323; baseline 0.004 -16"><span class='ocrx_word' id='word_1_272' title='bbox 227 4245 312 4307; x_wconf 84' lang='lat' dir='ltr'>inter</span> <span class='ocrx_word' id='word_1_273' title='bbox 334 4243 460 4322; x_wconf 81' lang='lat' dir='ltr'>aliquos</span> <span class='ocrx_word' id='word_1_274' title='bbox 482 4242 534 4317; x_wconf 77' lang='lat' dir='ltr'>lis,</span> <span class='ocrx_word' id='word_1_275' title='bbox 565 4243 657 4306; x_wconf 85' lang='lat' dir='ltr'>cuius</span> <span class='ocrx_word' id='word_1_276' title='bbox 689 4246 810 4306; x_wconf 84' lang='lat' dir='ltr'>statum</span> <span class='ocrx_word' id='word_1_277' title='bbox 839 4238 961 4305; x_wconf 83' lang='lat' dir='ltr'>eisdem</span> <span class='ocrx_word' id='word_1_278' title='bbox 992 4238 1111 4304; x_wconf 88' lang='lat' dir='ltr'>litteris</span> <span class='ocrx_word' id='word_1_279' title='bbox 1133 4236 1254 4306; x_wconf 81' lang='lat' dir='ltr'>haberi</span> <span class='ocrx_word' id='word_1_280' title='bbox 1286 4244 1454 4311; x_wconf 78' lang='lat' dir='ltr'>uolumus</span> <span class='ocrx_word' id='word_1_281' title='bbox 1472 4254 1516 4323; x_wconf 65' lang='grc' dir='ltr'>μω</span> 
     </span>
     <span class='ocr_line' id='line_1_35' title="bbox 229 4350 1516 4437; baseline 0.004 -18"><span class='ocrx_word' id='word_1_282' title='bbox 229 4373 391 4437; x_wconf 83' lang='lat' dir='ltr'>expresso,</span> <span class='ocrx_word' id='word_1_283' title='bbox 415 4356 448 4419; x_wconf 95' lang='lat' dir='ltr'>in</span> <span class='ocrx_word' id='word_1_284' title='bbox 472 4355 598 4436; x_wconf 86' lang='lat' dir='ltr'>palacio</span> <span class='ocrx_word' id='word_1_285' title='bbox 626 4353 827 4435; x_wconf 90' lang='lat' dir='ltr'>appostolico</span> <span class='ocrx_word' id='word_1_286' title='bbox 859 4352 911 4418; x_wconf 90' lang='lat' dir='ltr'>uel</span> <span class='ocrx_word' id='word_1_287' title='bbox 933 4350 1011 4417; x_wconf 91' lang='lat' dir='ltr'>alibi</span> <span class='ocrx_word' id='word_1_288' title='bbox 1040 4351 1198 4434; x_wconf 82' lang='lat' dir='ltr'>penderat</span> <span class='ocrx_word' id='word_1_289' title='bbox 1234 4356 1292 4420; x_wconf 90' lang='lat' dir='ltr'>uel</span> <span class='ocrx_word' id='word_1_290' title='bbox 1324 4355 1516 4424; x_wconf 56' lang='lat' dir='ltr'>remansi&amp;</span> 
     </span>
     <span class='ocr_line' id='line_1_36' title="bbox 229 4465 1514 4549; baseline 0 -17"><span class='ocrx_word' id='word_1_291' title='bbox 229 4469 382 4545; x_wconf 81' lang='lat' dir='ltr'>indecisa,</span> <span class='ocrx_word' id='word_1_292' title='bbox 406 4469 598 4533; x_wconf 89' lang='lat' dir='ltr'>auctoritate</span> <span class='ocrx_word' id='word_1_293' title='bbox 623 4468 748 4549; x_wconf 86' lang='lat' dir='ltr'>prelata</span> <span class='ocrx_word' id='word_1_294' title='bbox 771 4468 1009 4549; x_wconf 88' lang='lat' dir='ltr'>imperpetuum</span> <span class='ocrx_word' id='word_1_295' title='bbox 1036 4465 1216 4546; x_wconf 86' lang='lat' dir='ltr'>uniuimus,</span> <span class='ocrx_word' id='word_1_296' title='bbox 1251 4472 1514 4539; x_wconf 65' lang='lat' dir='ltr'>annexuimus</span> 
     </span>
     <span class='ocr_line' id='line_1_37' title="bbox 230 4579 1513 4662; baseline 0.003 -18"><span class='ocrx_word' id='word_1_297' title='bbox 230 4583 504 4662; x_wconf 82' lang='lat' dir='ltr'>incorporauimus</span> <span class='ocrx_word' id='word_1_298' title='bbox 527 4584 584 4649; x_wconf 79' lang='lat' dir='ltr'>ita.</span> <span class='ocrx_word' id='word_1_299' title='bbox 607 4582 692 4661; x_wconf 79' lang='lat' dir='ltr'>rpuod</span> <span class='ocrx_word' id='word_1_300' title='bbox 715 4589 833 4647; x_wconf 79' lang='lat' dir='ltr'>extunc</span> <span class='ocrx_word' id='word_1_301' title='bbox 855 4583 987 4646; x_wconf 86' lang='lat' dir='ltr'>inantea</span> <span class='ocrx_word' id='word_1_302' title='bbox 1012 4579 1230 4662; x_wconf 81' lang='lat' dir='ltr'>parrochialis</span> <span class='ocrx_word' id='word_1_303' title='bbox 1260 4586 1409 4654; x_wconf 69' lang='lat' dir='ltr'>cadmia</span> <span class='ocrx_word' id='word_1_304' title='bbox 1429 4592 1461 4653; x_wconf 83' lang='lat' dir='ltr'>at</span> <span class='ocrx_word' id='word_1_305' title='bbox 1476 4598 1513 4648; x_wconf 79' lang='lat' dir='ltr'>ct·</span> 
     </span>
    </p>
   </div>
   <div class='ocr_carea' id='block_1_3' title="bbox 0 0 1569 5392">
    <p class='ocr_par' dir='ltr' id='par_1_3' title="bbox 0 0 1569 5392">
     <span class='ocr_line' id='line_1_38' title="bbox 0 0 1569 5392; baseline 0 0"><span class='ocrx_word' id='word_1_306' title='bbox 0 0 1569 5392; x_wconf 95' lang='lat' dir='ltr'> </span> 
     </span>
    </p>
   </div>
  </div>
 </body>
</html>
