3098 5392
701 420 775 471 naon.
1316 419 1381 486 929

74 629 188 712 gracia
208 627 426 694 Romanorum
457 642 567 710 regem
597 636 723 711 semper
755 632 929 709 augustum
951 633 983 692 et
1005 627 1139 694 Boemie
1162 647 1281 712 regem,
1305 647 1378 696 con·

73 744 235 810 thoralem
255 748 402 810 nostrum
424 742 637 823 carissimum,
662 761 760 825 super
784 741 977 825 quibusdam
1002 741 1207 809 libertatibus
1227 749 1261 810 et
1275 762 1380 810 exem·

75 858 246 941 pciouibus
269 858 350 940 ipsis
372 855 528 922 traditum
540 862 574 922 et
587 856 777 937 confectum,
803 875 866 938 que
889 857 1019 938 quidem
1044 857 1210 923 libertates
1227 864 1261 924 et
1275 877 1382 925 exem·

74 973 186 1039 ciones
208 991 267 1055 per
289 972 533 1037 serenissimum
555 970 747 1053 principem,
771 970 936 1037 dominum
958 968 1139 1037 iohannem
1162 971 1239 1038 diue
1260 991 1379 1040 memo·

73 1088 126 1153 rie
147 1104 256 1168 regem
278 1086 420 1167 Boemie‚
452 1103 549 1151 auum
573 1084 652 1152 dicti
675 1085 797 1151 domini
820 1085 917 1167 regis,
948 1084 1064 1152 incolis
1087 1089 1120 1151 et
1141 1084 1378 1154 habitatoribus

74 1201 156 1266 dicti
178 1200 335 1266 territorii
362 1201 616 1267 Trutnowiensis
650 1204 727 1265 sunt
760 1198 962 1282 originaliter
996 1198 1120 1264 tradite
1154 1205 1186 1264 et
1217 1219 1377 1283 concesse,

73 1313 265 1397 approbare,
288 1312 459 1395 notificare,
483 1314 641 1381 innouere
664 1318 697 1378 et
718 1311 908 1379 confirmare
931 1314 1125 1379 auctoritate
1149 1319 1260 1380 nostra
1274 1315 1378 1397 graci-

73 1429 166 1495 osius
188 1427 405 1511 dignoremur,
429 1428 521 1495 cuius
545 1427 675 1510 quidem
697 1426 863 1510 priuilegii
899 1432 932 1492 et
952 1425 1182 1494 ratificaoionis
1205 1434 1299 1495 tenor
1320 1449 1378 1513 per

73 1542 183 1609 omnin
214 1543 362 1626 sequitur
390 1542 425 1607 in
454 1542 514 1607 hec
547 1540 661 1607 verba:
694 1539 905 1606 Wenceslaus
940 1541 993 1606 dei
1027 1541 1137 1624 gracia
1159 1541 1376 1610 Romanorum

72 1677 130 1722 rex
155 1660 215 1723 etc.
240 1655 432 1740 (Ntsleduje
453 1658 549 1722 nuent
572 1656 651 1722 listu
677 1655 768 1722 krtle
784 1655 926 1721 Vaclnva
942 1655 988 1721 IV
1003 1656 1032 1723 d.
1050 1675 1091 1721 na
1107 1637 1248 1722 Zebrtce
1269 1657 1377 1740 2pro·

73 1770 166 1836 since
198 1770 282 1836 1398
306 1769 332 1835 c.
358 1769 431 1851 713,
465 1770 591 1853 ktery'm
627 1787 662 1835 se
695 1769 863 1852 potvrzuje
896 1769 954 1835 list
986 1770 1033 1834 lrr.
1066 1768 1150 1835 Jarna
1173 1770 1203 1835 d.
1227 1790 1246 1834 v
1269 1770 1376 1837 Patrai

72 1884 127 1950 27.
150 1884 246 1949 ledna
263 1884 348 1949 1340
364 1881 389 1949 c.
407 1881 496 1963 216).
520 1879 624 1962 Has³)
656 1882 768 1963 itaque
789 1881 1005 1948 rationabiles
1030 1883 1174 1964 ipsorum
1198 1884 1375 1966 peticiones

73 1998 319 2065 considerantes
350 1997 612 2079 voluntatemque
641 2000 785 2062 nostram
819 1997 978 2062 voluntati
1013 1997 1094 2063 dicti
1130 1996 1251 2063 domini
1287 1999 1375 2082 regis

72 2113 179 2178 nostri
203 2112 373 2195 cupientes
396 2109 513 2194 quouis
530 2109 626 2176 modo
637 2105 664 2191 ⁴)
687 2109 897 2192 conformare,
920 2115 1127 2193 vtteuemur,
1155 2112 1299 2193 ipsorum
1321 2130 1375 2194 pe·

71 2226 250 2294 ticionibus
273 2224 478 2309 presentibus
512 2223 684 2290 annuimus
707 2229 740 2290 et
763 2225 871 2291 omnia
892 2224 1082 2308 prescripta,
1108 2225 1376 2306 quemadmodum

72 2342 224 2408 dominus
258 2346 369 2406 noster
398 2357 456 2404 rex
487 2337 528 2405 de
557 2338 609 2404 sui
636 2339 814 2422 clemencia
848 2336 1032 2420 ratificauit
1063 2338 1097 2405 in
1128 2337 1275 2405 omnibus
1306 2340 1374 2405 suis

71 2454 230 2536 articulis,
255 2454 410 2521 clausulis
441 2457 474 2518 et
497 2453 636 2536 punctis,
669 2458 766 2535 prout
800 2453 950 2535 superius
981 2453 1022 2518 de
1050 2451 1147 2518 verbo
1178 2451 1375 2521 adverbum

71 2574 291 2651 expressatur,
324 2565 532 2648 ratificamus,
566 2566 780 2650 approbamus
816 2571 849 2631 et
883 2567 923 2631 de
962 2570 1050 2633 certa
1086 2571 1198 2632 nostra
1233 2567 1374 2634 sciencia

70 2684 318 2763 auctorisamus,
342 2682 531 2747 mandantes
554 2681 717 2746 vniuersis
740 2685 773 2745 et
796 2680 934 2762 singulis
959 2679 1079 2747 nostris
1104 2679 1298 2747 officialibus
1320 2678 1373 2745 fir·

70 2798 168 2863 miter
191 2802 224 2863 et
241 2795 398 2876 districte,
421 2813 463 2861 ne
478 2793 620 2877 prefatos
642 2794 776 2874 nobiles,
800 2794 931 2874 milites,
955 2794 1105 2874 vasallos
1136 2793 1225 2860 ciues
1248 2812 1373 2861 omnes·

70 2930 135 2996 que
146 2910 170 2996 ὁ)
200 2910 322 2977 incolas
352 2910 525 2992 prescripti
556 2908 712 2974 territorii
735 2906 1026 2989 Trutnowiensis⁶)
1058 2912 1169 2974 contra
1190 2913 1372 2991 presentem

70 3030 216 3092 nostram
238 3024 484 3091 innouacionem
508 3029 541 3090 et
563 3021 814 3089 ratificaoionem
842 3023 876 3087 iu
898 3024 1043 3104 ipsorum
1067 3022 1193 3088 iuribus
1217 3040 1275 3088 seu
1298 3042 1372 3089 con·

71 3139 300 3206 suetudinibus
331 3139 477 3221 antiquis
500 3140 655 3203 hactenus
686 3138 787 3203 tentis
810 3142 844 3202 et
869 3136 1008 3203 seruatis
1032 3137 1210 3218 impediant
1233 3155 1290 3203 seu
1312 3138 1372 3203 im-

70 3254 186 3338 pedire
197 3250 220 3335 ἵ)
245 3253 442 3335 permittant,
467 3253 545 3334 quin
556 3250 579 3333 ⁸)
612 3252 723 3334 pocius
755 3270 810 3317 eos
844 3252 878 3317 iu
908 3251 1100 3334 prescriptis
1131 3255 1371 3332 manuteneant,

69 3368 230 3432 adiuuent
245 3365 385 3431 fideliter
408 3372 440 3431 et
455 3366 638 3446 defendant,
662 3370 758 3447 prout
778 3365 1038 3446 indignacionem
1054 3370 1196 3430 nostrum
1212 3365 1372 3431 voluerint

70 3481 207 3546 euitare.
230 3480 391 3561 Scriptum
416 3480 448 3544 in
472 3485 577 3546 castro
600 3478 732 3561 Purglin
746 3477 770 3560 υ)
802 3497 885 3543 anno
909 3479 1030 3543 domini
1053 3479 1224 3545 millesimo
1247 3483 1368 3545 trecen·
1444 3473 1446 3477 ’

69 3595 188 3660 tesimo
204 3595 413 3676 nonacgosimo
429 3614 512 3660 nono
524 3591 573 3673 ¹⁰),
587 3593 739 3659 vicesimo
753 3597 842 3657 sexto
859 3592 912 3657 die
927 3592 1047 3657 mensis
1064 3591 1243 3673 Februarii,
1260 3597 1368 3659 nostro

69 3709 181 3791 sigillo
205 3708 265 3774 sub
288 3727 441 3791 appenso.

669 3847 720 3912 nd
742 3847 936 3912 relacionem
959 3846 1115 3911 Zacharie
1138 3845 1369 3912 subcamerarii

712 3962 895 4043 Stephanus
920 3961 1092 4026 canonicus
1116 3960 1150 4026 in
1173 3961 1256 4027 Thin
1267 3958 1317 4044 11).

173 4149 264 4220 Kopie
283 4169 297 4203 z
316 4150 366 4204 XV
385 4152 479 4205 stoleti
497 4168 513 4202 v
532 4152 592 4204 ruk.
618 4152 726 4205 lrnlleci
745 4150 922 4205 Loblrovickt
947 4151 1100 4221 bibliotdlry
1117 4168 1134 4206 v
1151 4153 1237 4207 Praze
1257 4151 1368 4223 „Diplo-

66 4248 214 4303 matarium
238 4247 311 4316 regis
337 4248 463 4316 Geor·gii“
483 4248 528 4317 (A)
549 4265 584 4301 nu
603 4248 619 4302 l.
640 4252 689 4300 415
710 4266 726 4302 a
744 4248 789 4301 dle
814 4249 942 4302 ztruceud
967 4248 1052 4318 kopie
1070 4265 1086 4302 v
1105 4249 1217 4303 urchiru
1234 4248 1368 4306 Trutnov·

66 4345 147 4401 sltem
160 4344 203 4414 (B)
217 4344 340 4401 otisknul
353 4342 526 4412 Bienenberg
544 4360 561 4396 r
581 4343 759 4409 „tisschichte
778 4345 827 4398 der
845 4343 924 4399 Stadt
936 4344 1122 4415 llbniginhod‘
1142 4345 1182 4401 N⁰
1200 4343 1248 4401 IX.
1262 4375 1295 4386 -
1312 4345 1367 4402 Vu-

64 4440 173 4511 rianty:
194 4441 214 4510 1)
233 4439 335 4510 Sophia
352 4436 383 4493 B.
406 4443 426 4509 2’)
446 4438 537 4494 schdnl
555 4456 571 4492 v
589 4441 621 4493 A.
641 4443 661 4508 ³)
680 4441 739 4495 Hos
759 4443 791 4495 A.
812 4444 833 4511 4)
847 4442 944 4496 Schdzi
961 4459 977 4496 v
995 4444 1029 4497 A.
1049 4442 1068 4511 5)
1083 4441 1179 4497 Schazt
1196 4460 1212 4496 v
1230 4444 1263 4497 A.
1283 4443 1368 4515 ‘lper

65 4538 201 4610 scriptum
225 4537 395 4593 territorium
419 4537 624 4592 Trutnouiensc
649 4538 680 4591 B.
710 4539 729 4604 7)
754 4539 880 4609 inpetere
903 4540 935 4593 A.
968 4543 986 4609 8)
1005 4554 1087 4609 quam
1111 4540 1142 4593 B.
1170 4540 1190 4607 9)
1208 4537 1316 4595 Purtlin
1332 4541 1367 4597 Δ.

66 4635 102 4705 Ῑ’)
119 4651 194 4690 nouo
219 4634 312 4690 schtzt
329 4651 346 4689 v
364 4634 397 4692 Δ.
425 4636 456 4703 ¹¹)
473 4633 573 4690 Relace
599 4642 627 4688 ta
653 4635 744 4690 scheri
764 4653 779 4689 u
798 4636 830 4690 a
850 4634 875 4690 V
892 4635 991 4705 rukop.
1022 4634 1267 4706 „biplomatmium
1294 4636 1367 4707 regis

1176 4755 1208 4804 59
