3098 5392
666 483 741 532 raso.
1271 480 1335 547 439

103 692 154 753 tre
176 687 236 753 sub
259 686 391 754 obtentu
414 689 522 771 gracie
544 687 748 771 supradictos
770 689 910 769 Petrum,
937 688 1105 772 Agnetem,
1129 689 1264 756 heredes
1287 691 1338 757 vel

103 820 248 867 cessores
271 819 382 868 eorum
404 807 515 868 contra
537 803 697 884 presentis
721 807 829 868 nosue
851 802 959 883 gracie
981 800 1125 882 formam,
1149 820 1244 885 quam
1265 823 1336 887 per-

104 915 152 979 uis
174 915 372 998 temporibus
395 915 616 981 inuiolabilem
638 934 825 999 permanere
848 916 1004 995 volumus,
1030 915 1214 982 nullatenus
1236 917 1336 1000 impe

104 1045 127 1107 e,
148 1030 320 1095 molestare
343 1048 400 1095 seu
423 1029 611 1111 perturbare
633 1030 774 1096 audeant
797 1030 848 1095 vel
870 1032 1066 1112 presumant,
1089 1029 1193 1096 literis
1217 1032 1336 1096 noemia

103 1141 133 1205 tis
155 1143 205 1207 rel
228 1142 344 1207 dandis
367 1143 507 1208 scienter
537 1143 587 1209 rel
618 1143 813 1227 ignoranter,
847 1161 905 1226 per
938 1161 1073 1225 quarum
1103 1143 1337 1210 continenciam

103 1258 177 1319 ssent
200 1253 332 1321 effectus
355 1255 558 1336 presencium
581 1254 820 1337 quomodolibet
834 1254 985 1338 impediri
1007 1254 1058 1320 vel
1081 1255 1264 1338 aliqualiter
1286 1274 1336 1322 re·

103 1367 164 1447 rari,
186 1386 251 1433 non
274 1366 475 1433 obstantibus
491 1368 722 1451 quoquomodo,
745 1386 825 1448 quas
848 1387 973 1434 exnunc
995 1371 1091 1449 prout
1110 1373 1225 1434 extunc
1248 1370 1334 1435 omni

103 1496 155 1544 :erc
172 1480 375 1546 decredimus
398 1479 511 1545 robore
532 1477 704 1545 firmitatis
739 1479 947 1546 Presenoium
961 1480 1021 1546 sub
1036 1482 1335 1564 nostremajestatis

103 1591 153 1666 ‚illo
180 1593 364 1659 testimonio
394 1593 570 1659 literarum.
615 1594 735 1660 Datum
764 1593 868 1676 Prage
897 1612 980 1660 anno
1011 1594 1132 1660 domini
1162 1594 1334 1661 millesimo

103 1707 267 1773 ceutemmo
281 1707 558 1790 quiuquagesimo,
570 1706 703 1789 Jubileo‚
716 1708 898 1774 indiccione
912 1708 1022 1788 tercia,
1039 1706 1084 1773 IV
1096 1725 1196 1773 nonas
1210 1708 1334 1788 Marcii,

103 1835 215 1897 {norum
237 1824 420 1886 nostrorum
443 1839 526 1885 anno
550 1825 674 1901 quarto.

151 1973 201 2029 Dle
225 1974 372 2029 sormultle
391 1958 548 2028 Zatcclrtho
572 1991 590 2028 u
607 1991 634 2044 p.
654 1973 759 2044 Stanlry
777 1991 794 2028 v
811 1959 888 2029 Zatci
906 1974 1064 2031 choraneho
1089 1974 1269 2044 Schlosinger,
1285 1974 1335 2030 Ur-

103 2065 225 2124 ulenbuch
235 2069 285 2123 der
294 2070 331 2124 St
342 2069 410 2124 Saea
420 2068 442 2123 d.
453 2073 494 2125 72.

613 2228 677 2311 dn.
701 2246 774 2312 noo.

428 2400 524 2481 1350,
546 2400 569 2468 9
590 2400 742 2472 bienna.
765 2401 800 2472 V
821 2399 952 2472 Prona

103 2571 134 2640 a
159 2575 259 2642 Korea
287 2574 343 2641 IV
362 2576 526 2659 potoraqie
556 2574 711 2659 rycbtdr'i,
737 2576 920 2662 pr'tsciap‘m
953 2597 974 2642 a
1007 2575 1201 2659 cucusam
1232 2581 1333 2644 mata

103 2704 192 2755 amaa
212 2688 334 2773 obojtbo
361 2689 487 2772 inepta,
517 2688 641 2755 bettho
666 2688 890 2766 samosato,
914 2690 1031 2774 prava,
1064 2689 1154 2757 arao
1178 2692 1243 2776 jim
1273 2692 1332 2759 dtu

381 2802 466 2887 jobo,
488 2800 561 2869 brol
590 2802 704 2869 Vdcloo
726 2804 770 2879 II,
797 2803 848 2886 bpl
868 2803 975 2871 addai.

147 2978 284 3045 Karolus
307 2979 360 3044 dei
382 2981 491 3061 gracia
512 2980 730 3046 Romanorum
750 2997 807 3045 rex
830 2997 956 3062 semper
970 2983 1128 3062 augustus
1150 2986 1183 3046 et
1198 2978 1331 3047 Boemie

103 3106 116 3152 r.
153 3092 202 3157 Ad
233 3097 422 3174 perpetuam
450 3093 498 3159 rei
526 3093 712 3160 memoriam
743 3094 903 3159 uniuersis
934 3100 967 3159 et
995 3094 1132 3186 singulis
1165 3100 1331 3176 presentes

103 3219 154 3270 uas
175 3207 380 3288 inspecturis,
403 3207 607 3287 presentibus
630 3212 663 3272 et
684 3207 813 3287 futuris,
845 3207 990 3273 volumus
1013 3206 1083 3272 fieri
1105 3211 1225 3288 uotum,
1247 3208 1332 3291 qnod

103 3316 207 3385 aientes
237 3320 278 3384 ad
309 3319 428 3400 regalis
458 3319 638 3384 maiestatis
668 3325 777 3385 nostre
803 3321 1003 3400 presenciam
1025 3317 1136 3385 fideles
1159 3320 1261 3385 nostri
1283 3320 1332 3385 di·

103 3431 125 3495 ti
135 3432 226 3499 iudex
244 3438 276 3498 et
292 3433 389 3496 iurati
405 3451 463 3514 pro
480 3450 515 3496 se
530 3451 567 3497 ac
583 3433 794 3497 uniuersitatc
806 3432 928 3497 ciuium
943 3438 976 3497 et
990 3432 1153 3498 bominum
1165 3434 1332 3515 utriusque

105 3547 199 3629 grugii
222 3550 255 3611 et
277 3545 451 3626 idiomatis,
474 3550 540 3610 tam
561 3544 697 3610 boemici
720 3564 816 3625 quam
836 3545 1025 3625 theutonici,
1057 3546 1200 3613 ciuitatis
1222 3551 1331 3611 nostre

103 3661 247 3740 rorensis,
271 3659 363 3725 nobis
386 3659 551 3724 humiliter
574 3658 756 3741 supplicare
779 3663 940 3739 curarunt,
963 3664 1121 3742 quatenus
1140 3660 1188 3726 eis
1204 3664 1237 3725 et
1252 3659 1332 3725 ciui·

103 3769 194 3839 iiam
225 3773 312 3838 dicte
335 3772 475 3855 graciam
502 3770 657 3836 facientes
681 3771 853 3851 specialem
875 3771 1001 3836 litteras
1024 3771 1128 3836 incliti
1149 3770 1331 3837 Weuceslai

103 3898 125 3947 re
140 3888 292 3953 memorie
314 3886 447 3952 Boemie
470 3889 502 3949 et
524 3884 656 3949 Polonie
671 3885 767 3967 regis,
792 3885 846 3950 aui
863 3885 964 3949 nostri
981 3884 1173 3966 charissimi,
1196 3890 1229 3950 et
1244 3890 1331 3951 certa

103 4011 191 4066 aseu
203 4000 424 4066 immunitates
446 3999 480 4062 in
503 3998 551 4063 eis
575 4001 751 4077 contentas,
775 3997 867 4062 datas
883 4002 916 4061 et
931 4015 1109 4078 concessas,
1125 3997 1331 4079 dignaremur

113 4107 303 4195 benignitate
324 4112 415 4194 regia
436 4110 569 4175 Boemia
592 4111 771 4191 gratiosius
796 4109 993 4190 confirmare,
1017 4128 1153 4192 quarum
1175 4116 1267 4178 tenor
1286 4112 1330 4177 le·

103 4239 132 4288 ur
150 4227 183 4291 iu
205 4226 265 4292 hoc
288 4224 400 4290 verba:
424 4223 491 4288 Nos
514 4223 722 4289 Wenceslaus
745 4229 804 4289 etc.
829 4222 873 4305 (N
875 4222 1019 4305 asleduje
1039 4224 1135 4289 aneni
1148 4223 1226 4290 lietu
1240 4224 1331 4290 krale

103 4336 235 4405 clarell
257 4338 286 4403 d.
310 4338 446 4403 vPraze
469 4336 512 4401 30
534 4355 632 4418 srpna
664 4336 745 4402 1303
775 4334 799 4402 i.
825 4334 889 4417 76).
935 4334 1004 4401 Nos
1033 4336 1142 4421 itaque
1171 4338 1330 4421 supplica-

103 4452 185 4518 uibus
207 4451 427 4535 predictorum
450 4450 571 4516 ciuium
601 4449 850 4517 racionabilibus
873 4454 906 4514 et
927 4449 1095 4532 condignis
1117 4450 1254 4535 benigno
1284 4452 1330 4518 fa-

103 4581 119 4630 c
149 4564 279 4631 facilius
311 4564 459 4629 inclinati
489 4562 631 4644 prefatas
664 4563 790 4628 litteras
822 4569 855 4628 et
882 4569 1010 4629 tenores
1041 4564 1184 4647 ipsarum
1216 4566 1256 4631 de
1277 4566 1331 4631 bc-

103 4680 197 4745 nitate
227 4675 350 4759 sedis1)
382 4676 472 4759 regie
502 4675 634 4741 Boemie
663 4674 874 4758 approbamus
904 4679 937 4742 et
960 4674 1167 4746 ratificamus.
1212 4678 1332 4744 Datum
