3098 5392
135 424 176 493 gg
756 422 831 476 aare.

132 633 240 687 malicia
256 631 390 702 temporis
415 637 442 685 et
466 631 500 685 ob
525 638 679 685 nostrarum
698 628 886 684 turbationem
903 633 1047 695 temtum,
1069 626 1218 698 plusquam
1235 624 1353 681 nimium
1371 625 1406 681 sit

131 728 235 794 afflicti,
253 734 346 782 tamen
365 726 431 797 quia
448 726 475 780 id
494 726 646 780 necessitas
670 725 819 795 inportune
841 723 965 794 requirit,
986 740 1082 778 carere
1105 739 1162 779 nou
1180 738 1343 794 possumus,
1366 740 1406 792 qu

130 839 181 878 uos
201 822 262 889 hiis,
287 839 340 892 que
364 828 430 877 sunt
447 821 549 891 publici
568 820 710 885 commodi,
728 820 902 875 honoremus.
938 818 1029 887 Quare
1045 832 1107 873 cum
1124 819 1225 874 ciuitas
1243 825 1344 874 nostra
1361 818 1403 872 Zh

129 919 228 983 zlauia,
249 935 303 988 que
320 925 446 989 tempore
471 917 645 971 necessitatis
663 923 785 970 vestram
803 923 831 970 et
848 922 1005 971 nostrorum
1023 915 1158 984 refugium
1171 932 1236 971 esse
1247 923 1352 987 potest,
1370 933 1405 985 pr

130 1016 278 1086 paracione
296 1015 394 1070 fossati
413 1014 559 1069 admodum
579 1020 666 1082 egeat,
684 1013 892 1068 vniuersitatem
911 1020 1032 1068 uestram
1050 1011 1244 1083 requirendam
1260 1011 1406 1067 auximum

131 1111 284 1178 amandam,
303 1128 436 1182 expresse
455 1110 646 1165 nichilominus
665 1110 849 1179 iniungentes,
867 1117 1003 1180 quatenus
1021 1109 1147 1165 homiues
1159 1107 1270 1166 vestras
1283 1109 1319 1165 ad
1331 1126 1406 1180 prepi

130 1209 268 1264 racionem
287 1210 375 1279 ipsius
394 1209 493 1264 fossati
511 1208 698 1263 transmittere
717 1208 777 1263 siue
795 1208 1001 1264 intermissione
1018 1207 1111 1277 aliqua
1128 1206 1264 1272 debeatis,
1288 1213 1317 1261 rt
1335 1222 1406 1260 eorm

131 1305 316 1360 mediantibus
329 1305 459 1374 operibus
478 1303 513 1358 ad
531 1303 760 1373 complementum
775 1302 898 1357 debitum
909 1301 1085 1358 deducatur.“
1105 1301 1235 1357 Formule
1252 1308 1283 1358 ta
1296 1301 1328 1370 je
1345 1300 1406 1357 uadi

132 1403 233 1471 peina:
255 1399 386 1464 „Mandat
402 1415 460 1463 rex,
479 1403 509 1452 ut
526 1399 624 1453 ciuitas
643 1398 804 1452 muniatur.“
824 1429 858 1437 -
876 1398 977 1463 Emler,
989 1396 1110 1467 Regeeta
1129 1398 1162 1452 11.
1183 1398 1205 1453 d.
1226 1401 1302 1454 1105.
1320 1429 1354 1437 -
1371 1397 1406 1451 Su

132 1499 175 1550 tet
193 1495 336 1562 Sedltdek,
353 1495 424 1564 dee
441 1511 475 1549 m.
495 1479 613 1551 ddslavt
635 1501 683 1549 str.
702 1499 735 1548 27
754 1509 771 1548 a
788 1499 829 1548 43.

714 1757 770 1843 da
792 1777 844 1842 m.

631 1930 743 2019 [naeu
765 1949 796 2000 a.
820 1930 934 2019 12781.

132 2087 215 2153 Krcil
237 2088 381 2169 Wmnysl
405 2087 529 2154 Otakar
553 2088 606 2164 11,
623 2091 715 2173 pr'eje
737 2088 817 2164 sobe,
840 2088 902 2170 adp
923 2091 1019 2154 mesto
1049 2086 1167 2170 Vysoltd
1187 2090 1277 2175 aloto
1298 2088 1406 2174 adnisi

132 2200 302 2266 bradbomi
323 2200 391 2283 tylo
413 2204 578 2284 apennino,
602 2202 779 2285 oscoboeuje
799 2203 945 2284 mttlony
958 2199 1033 2285 jehu
1062 2223 1108 2267 aa
1128 2201 1189 2268 dod
1208 2202 1275 2270 leto
1296 2202 1335 2268 od
1349 2203 1406 2286 plo·

133 2316 202 2379 cem‘
222 2312 339 2379 ricoldo
362 2337 383 2380 a
405 2315 495 2380 berni
515 2316 554 2380 do
572 2311 699 2397 domory
721 2312 884 2380 krdlovslte‘
906 2334 928 2379 u
948 2335 994 2379 aa
1016 2314 1062 2379 ta·
1082 2314 1147 2380 leta
1169 2315 1210 2380 od
1225 2316 1353 2399 placeat
1369 2315 1406 2381 ab

125 2449 170 2508 po
191 2429 242 2493 cli
261 2429 322 2493 risi
343 2430 395 2493 scei
425 2451 447 2493 a
474 2431 669 2512 ustonooaJe,
699 2429 733 2493 de
765 2447 804 2493 sa
836 2433 867 2492 to
889 2427 1038 2503 mearam
1068 2426 1190 2514 meram
1211 2427 1286 2495 tolet
1306 2426 1406 2495 catal

131 2542 201 2624 sedj
221 2560 239 2606 s
259 2539 371 2623 rychty
392 2541 525 2607 mesisti
539 2564 583 2607 na
598 2548 633 2608 ta
648 2542 707 2607 ded
719 2543 783 2607 le'ta
799 2544 979 2627 postupaje,
1001 2543 1084 2625 maji
1101 2542 1181 2608 lieni
1200 2542 1262 2609 red
1271 2540 1406 2610 mbtstm

488 2676 504 2719 s
521 2653 701 2737 parkdnem
723 2678 741 2719 v
766 2654 842 2720 dode
862 2657 892 2720 te'
912 2652 1077 2738 vystacdtt'.

234 2812 301 2878 Nos
326 2810 525 2896 0[ttocarus]
554 2813 607 2878 dei
638 2813 747 2895 gracia
772 2818 831 2878 etc.
856 2817 966 2879 notum
987 2811 1059 2879 fiori
1082 2813 1230 2879 volumus
1259 2820 1325 2881 tam
1352 2833 1406 2897 pre·

131 2923 276 2989 sentibus
298 2943 392 3008 quarn
416 2926 544 3005 futuris,
567 2925 652 3008 quod
675 2945 734 2990 nos
758 2926 911 3007 volentes,
934 2923 1004 3008 π’)
1035 2926 1153 2993 ciuitas
1174 2933 1288 2994 nostra
1311 2924 1406 3007 Alto*¹

130 3034 256 3121 trumo
279 3038 372 3104 fortis
396 3040 473 3105 valli
488 3040 665 3105 munimine
679 3038 857 3120 roboretur,
880 3039 1008 3105 ciuibus
1028 3040 1132 3122 ipsius
1148 3041 1295 3108 ciuitatis
1315 3042 1406 3108 buius

129 3151 216 3217 modi
249 3153 467 3218 concessimus
501 3152 691 3233 libertatem,
725 3153 885 3233 videlicet,
916 3157 950 3218 vt
979 3171 999 3218 a
1028 3152 1112 3220 festo
1146 3155 1251 3220 sancti
1277 3151 1406 3222 Jacobi⁴

129 3265 273 3347 proximo
295 3266 403 3330 futuro
428 3284 528 3348 usque
549 3284 607 3347 per
629 3265 766 3330 duorum
787 3284 943 3331 annorum
975 3265 1121 3348 spacium
1150 3268 1191 3334 ab
1222 3269 1309 3335 omui
1336 3284 1406 3334 erar

130 3375 256 3459 cionel)
280 3396 396 3443 census
419 3375 504 3460 vel‘b
529 3384 637 3444 steure
659 3379 725 3443 sint
747 3379 839 3445 liberi
863 3385 896 3445 et
918 3379 1076 3446 immunes
1096 3398 1155 3447 uec
1170 3380 1213 3446 ad
1228 3382 1406 3448 solucione!

129 3510 244 3557 census
268 3491 318 3555 vel
331 3488 355 3573 ⁷)
380 3497 488 3557 steuro
511 3493 714 3576 aliquatenus
738 3493 822 3558 infra
845 3493 1005 3575 prefatum
1027 3494 1164 3560 duorum
1183 3513 1341 3562 annorum
1355 3510 1406 3579 spe

128 3605 214 3669 cium
237 3605 477 3687 compellantur,
502 3607 547 3671 ita
569 3613 687 3687 tanuen,
709 3608 794 3690 quod
816 3608 902 3673 iufra
924 3608 1065 3690 prefatos
1089 3608 1171 3674 duos
1189 3626 1293 3675 anuos
1308 3609 1406 3675 hiideu

130 3718 218 3782 ciues
242 3717 281 3782 ab
303 3738 375 3801 ymo
399 3719 513 3784 fossati
536 3720 640 3802 ipsam
671 3720 836 3786 ciuitatem
867 3719 1133 3805 circumdantis&
1164 3727 1197 3788 et
1219 3741 1241 3788 a
1262 3723 1361 3789 latere
1378 3720 1406 3786 ci·

130 3831 241 3894 uitatis
265 3851 391 3895 murum
414 3834 540 3915 erigant
563 3835 725 3917 usquead
748 3839 834 3899 terre
856 3834 1074 3918 equalitatem,
1105 3840 1138 3901 et
1163 3835 1309 3920 desuper
1337 3837 1406 3902 illuu

127 3941 248 4008 fuciunt
267 3945 370 4011 adhuc
386 3965 522 4026 urrunnun,
538 3948 593 4029 qui
610 3945 833 4029 bacchamini)
851 3948 980 4028 dicitur,
997 3948 1258 4032 circumquaque,
1274 3968 1313 4016 ex
1327 3943 1406 4016 aller

129 4076 203 4121 voro
227 4057 351 4138 fossati,
382 4078 444 4141 que
468 4059 595 4125 obuiam
618 4061 743 4142 ingredi
768 4060 949 4126 volentibus
971 4062 1148 4143 ciuitatem,
1178 4078 1307 4129 murum
1339 4059 1406 4129 sini

128 4170 202 4234 liter
224 4169 313 4253 ab¹⁰>
344 4192 417 4255 ymo
448 4173 561 4238 fossati
593 4193 693 4256 usque
724 4175 873 4256 superius
903 4173 1084 4257 faciant‚¹¹)
1116 4175 1311 4261 vbicnnqne
1331 4173 1406 4243 mel

129 4288 329 4362 oportunum.
368 4285 411 4348 Et
433 4286 519 4350 circs
542 4286 601 4350 boc
624 4287 671 4350 sic
693 4284 836 4368 cruntff)
862 4287 964 4351 seduli
990 4293 1023 4353 et
1043 4289 1170 4370 attenti,
1192 4294 1230 4356 vt
1250 4290 1336 4357 inira
1354 4304 1406 4374 pre

129 4392 212 4458 satos
242 4395 321 4461 duos
356 4416 456 4462 anuos
491 4397 699 4481 prefatum¹³l
734 4405 837 4464 totum
860 4400 940 4465 illud
951 4397 989 4481 ¹⁴)
1026 4420 1117 4483 opus,
1151 4403 1240 4468 siout
1272 4403 1406 4471 decuerit

130 4507 270 4572 filialiter
292 4509 336 4573 sit
358 4511 559 4592 completum,
584 4517 615 4576 et
638 4518 672 4576 rt
693 4513 727 4578 id
750 4519 839 4578 tauto
862 4514 978 4579 melius
1004 4512 1123 4581 ducere
1151 4517 1285 4583 valeant
1313 4518 1354 4584 ad
1378 4514 1406 4585 el

129 4620 257 4700 fectum,
288 4641 346 4702 per
375 4621 586 4705 predictosff)
618 4625 698 4691 cluos
730 4646 830 4693 annos
860 4626 984 4692 fructus
1015 4628 1129 4696 iudicii
1153 4630 1303 4699 ciuitatis
1325 4633 1406 4716 ipsit
