3150 5378
136 447 198 513 116
503 472 510 485 ι
757 448 833 500 rscr.

134 674 236 740 nostri
268 673 391 739 fauoris
423 673 678 740 bomuolenoiom
712 673 920 756 comparauit,
950 671 1055 739 eidem
1084 669 1315 754 Perchtoldo⁸)‚
1337 678 1376 739 vt
1397 676 1431 740 in

133 786 196 853 fide
218 806 257 854 ac
278 786 455 853 deuotione
487 788 607 854 nostris
640 787 823 853 feruentior
852 790 1023 867 statuatur,
1046 791 1157 852 nostre
1185 786 1431 869 magnificencie

133 901 297 966 (lexteram
318 918 499 966 reseramus
523 905 556 965 et
574 899 744 983 judicium,
778 900 818 965 de
848 918 912 983 quo
934 899 1028 966 nobis
1048 899 1227 982 nonaginta
1247 898 1426 984 marchas‘)

133 1014 300 1080 annuatim
323 1014 449 1079 soluere
470 1012 616 1092 debebat,
639 1020 697 1095 pro
720 1013 956 1096 quinquaginta
976 1007 1116 1079 marchis
1138 1010 1294 1096 argentih
1315 1012 1383 1081 sibi
1399 1020 1431 1080 et

134 1128 203 1192 suis
225 1124 398 1192 heredibus
421 1126 609 1206 locauimus,
632 1125 673 1191 de
702 1127 812 1209 gracia
838 1125 974 1208 speciali
996 1126 1150 1208 volantes,
1173 1132 1210 1192 vt
1229 1125 1354 1192 hiidem
1370 1124 1431 1193 'he

134 1239 228 1305 redes
252 1240 304 1305 sui
319 1238 479 1322 prefatum
496 1238 657 1322 judicium
678 1237 875 1305 hereditarie
889 1242 1001 1305 tenere
1022 1236 1161 1306 debeant
1181 1244 1216 1305 et
1236 1239 1342 1305 eciam
1357 1258 1426 1323 pos·

135 1353 242 1419 sidere
275 1357 308 1417 et
346 1352 440 1419 nobis
473 1351 687 1435 quadraginta
726 1351 874 1417 marchas
915 1347 1069 1435 argentia
1103 1352 1139 1418 iu
1164 1352 1254 1419 tosto
1288 1353 1430 1436 gloriose

135 1466 271 1549 virginis
295 1466 400 1532 Mario
422 1465 561 1549 singulis
584 1465 678 1531 annis
702 1461 907 1548 exsoluauth.
930 1463 969 1531 In
985 1464 1078 1531 cuius
1099 1466 1149 1532 rei
1172 1465 1376 1534 euidentiam
1398 1475 1433 1535 et

133 1578 232 1645 robur
252 1598 385 1662 presens
415 1579 624 1662 priuilegium
658 1578 840 1662 sigillorum
861 1583 1045 1646 nostrorum
1065 1579 1244 1647 munimine
1271 1580 1430 1649 iussimus

134 1692 287 1759 roborari.
334 1694 454 1759 Datum
475 1694 510 1758 iu
543 1692 645 1759 Ponto
677 1710 735 1776 por
755 1692 871 1759 manus
903 1691 1061 1775 Heinrich
1077 1693 1202 1760 'notarii
1234 1695 1340 1761 nostri
1366 1699 1425 1762 etc.

244 1862 406 1919 Zdenkonis
424 1864 460 1918 de
476 1864 605 1931 Trabea,
631 1863 716 1920 Libat
733 1880 751 1920 a
768 1863 945 1921 missionibus
969 1862 1008 1919 N⁰
1025 1872 1056 1922 31
1076 1882 1092 1919 r
1110 1848 1228 1921 bosham
1251 1882 1380 1922 museum
1397 1885 1432 1924 aa

136 1960 275 2030 utpisem:
305 1960 437 2027 „Locacio
452 1959 549 2029 Judicii
559 1977 610 2031 per
627 1976 718 2030 regem
736 1960 811 2017 facta
835 1960 917 2016 ahcui
935 1966 1049 2032 proptor
1066 1959 1160 2017 tidelia
1177 1961 1296 2018 seruicia
1312 1979 1368 2018 sua
1384 1963 1432 2018 he

136 2055 266 2111 ruditatis
290 2055 475 2126 possidenda“
496 2056 645 2127 a‘rukopis
662 2047 784 2112 Pratsht
801 2052 927 2128 hapitoly
945 2057 1014 2128 sign
1032 2058 1058 2112 Κ
1077 2064 1111 2113 33
1129 2074 1167 2115 na
1182 2058 1200 2113 1.
1220 2064 1236 2112 3
1254 2058 1277 2115 ὅ.
1296 2065 1312 2114 3
1330 2076 1367 2116 aa
1383 2064 1432 2117 nt·

137 2153 238 2223 pisam:
268 2151 400 2216 „Looacio
424 2152 547 2222 judicii“,
574 2153 646 2208 huet
664 2169 696 2209 sa
713 2153 773 2209 tto:
796 2155 816 2223 ¹)
843 2152 902 2210 Nos
919 2153 963 2209 W.
991 2153 1037 2209 dei
1063 2155 1156 2224 grauia
1182 2159 1233 2210 cta
1258 2185 1291 2196 -
1317 2156 1432 2227 Μ’)

139 2248 239 2304 scbtrt
259 2279 292 2288 -
311 2250 331 2316 ⁸)
350 2249 375 2303 X
393 2249 527 2306 marchas.
546 2281 581 2291 —-
599 2249 682 2319 ⁷)zdc
698 2250 945 2318 hunbt.-Emler‚
957 2251 1079 2322 chcrta
1095 2251 1130 2307 IL
1148 2251 1171 2308 t
1188 2256 1266 2310 3417.
1284 2283 1320 2294 -
1338 2254 1431 2310 Schle-

138 2345 239 2415 siuger,
257 2342 408 2400 Stadtbuuh
425 2361 479 2401 ron
496 2344 573 2402 Britx
591 2345 613 2401 b
631 2351 673 2402 43

710 2608 775 2693 Cis.
795 2626 850 2715 453.

632 2796 745 2887 [riou
765 2817 800 2869 r.
821 2796 932 2886 lact]

138 2973 221 3039 Kroit
250 2973 364 3042 Vriolbc
385 2974 428 3040 ΙΙ.
451 2973 537 3040 dccci
557 2971 752 3057 rycbtor'stat
771 2995 793 3039 a
814 2974 898 3058 mp'to
921 2972 941 3038 k
962 2977 1056 3040 aima
1070 2976 1271 3060 pr'tslaiep'ici
1292 2999 1313 3042 v
1335 2983 1435 3045 misti

143 3085 291 3171 Vysobtm
332 3088 421 3171 Mp'tt
448 3087 649 3156 Jr'adr'o'cbovi
679 3106 702 3153 ‘o
734 3085 809 3170 jabo
848 3086 1009 3172 mutskp'm
1031 3087 1225 3170 pdmakbm,
1256 3093 1347 3157 aaa
1379 3094 1433 3157 oni

240 3201 343 3266 baden
359 3201 473 3283 placui
494 3204 587 3268 rotari
605 3203 649 3265 30
671 3199 779 3267 biioca
801 3201 923 3267 str'ibro
944 3202 983 3267 do
1005 3201 1132 3286 marry
1153 3200 1328 3272 trabeata

241 3375 309 3441 Nos
331 3375 541 3442 Wenceslaus
572 3376 624 3441 dei
654 3379 764 3459 gracia
785 3396 841 3442 rex
863 3377 997 3443 Boemie
1019 3383 1052 3443 et
1080 3378 1223 3445 marchio
1253 3379 1431 3463 Morauieh

139 3494 250 3554 notum
272 3488 407 3553 iacimus
443 3489 614 3570 uniuersis,
644 3489 685 3554 ad
708 3509 844 3572 quorum
865 3491 1018 3556 noticiam
1041 3496 1208 3572 presentes
1229 3492 1340 3560 littere
1360 3514 1432 3578 per·

139 3603 297 3681 uenerint,
320 3601 405 3684 quod
423 3601 584 3684 judicium
605 3602 639 3667 iu
673 3602 750 3667 Alta
770 3598 892 3687 Muta²)
914 3606 947 3668 et
967 3607 1088 3669 mamm
1116 3604 1182 3687 ipsi
1200 3604 1328 3687 judicio
1357 3608 1433 3672 atti·

140 3719 269 3779 nentem
291 3714 509 3781 concessimus
542 3711 724 3795 Heinrico³)
757 3713 932 3780 decadem
966 3715 1100 3782 ciuitate
1129 3718 1198 3783 suis
1227 3718 1432 3801 exigentibus

139 3828 265 3893 meritis
287 3826 484 3893 hereditarie
512 3824 778 3908 possidendam),
809 3827 962 3909 volentes,
994 3832 1029 3893 vt
1049 3828 1136 3895 idem
1165 3828 1371 3915 Heinricua⁶)
1401 3838 1434 3899 et

139 3939 200 4005 titii
222 3940 273 4006 sui
296 3939 443 4022 legitimi,
456 3940 627 4005 masculini
642 3958 738 4006 sexus
753 3943 887 4021 tantum,
899 3937 1059 4024 judicium
1080 3942 1241 4024 prefatum
1263 3948 1297 4029 et
1310 3950 1433 4014 mutam

140 4054 204 4135 ipsi
222 4052 348 4136 judicio
381 4053 569 4119 attinentem
599 4054 787 4135 possideant
818 4053 1015 4120 hereditarie
1046 4060 1080 4120 et
1111 4059 1288 4138 prouentus
1323 4062 1433 4127 exeis

140 4167 321 4249 percipiant
353 4184 390 4232 ao
430 4166 597 4249 percipere
629 4165 766 4232 debeant
799 4171 831 4232 et
868 4168 997 4233 valeant
1028 4168 1138 4250 libere,
1174 4171 1433 4240 contradiccione

141 4280 286 4363 qualibet
318 4280 527 4363 imposterum
559 4280 755 4363 quiescente.
789 4281 863 4363 lpse
895 4300 1008 4347 aarum
1039 4286 1146 4349 tamen
1175 4282 1378 4369 Homriousb
1401 4293 1433 4353 et

141 4394 212 4458 eius
227 4393 378 4477 legittimi
402 4394 536 4460 heredes
557 4394 593 4458 in
615 4393 711 4459 huius
735 4398 844 4461 nostre
865 4393 1150 4479 recognicionem⁷t
1173 4397 1283 4479 gracie
1296 4400 1431 4484 triginta

138 4504 288 4571 marchas
310 4507 435 4587 argenti
458 4505 552 4571 annis
575 4504 712 4587 singuiis
735 4507 770 4573 in
791 4506 874 4573 testo
897 4507 1079 4574 natiuitatis
1103 4508 1290 4594 dominice')
1307 4531 1432 4580 comem

141 4621 252 4684 nosue
274 4617 439 4702 soluenth.
483 4617 522 4684 Iu
551 4617 644 4684 cuius
673 4617 722 4685 rei
751 4617 971 4686 testimonium
1000 4625 1033 4685 et
1054 4619 1152 4688 robur
1172 4628 1331 4707 perpetuo
1352 4627 1431 4694 vali·
