3098 5392
674 426 751 479 nara.
1295 427 1360 497 365

109 630 464 716 transrenensibus,
494 635 657 718 prioribus
687 640 721 701 et
748 635 921 716 modernis,
956 634 1008 701 vel
1042 635 1098 717 qui
1128 654 1187 718 pro
1216 643 1361 721 tempore

109 744 192 826 eunt,
215 747 249 812 in
271 746 440 829 premissis
462 752 497 813 at
517 748 603 830 aliis,
636 767 698 832 que
728 749 801 830 paci
824 752 857 814 et
878 746 1049 815 concordie
1077 752 1185 815 restra
1215 750 1360 819 ciuitatis

125 859 240 925 ciuium
262 860 480 943 predictorum
503 861 667 944 derogant,
695 878 731 926 se
752 866 902 943 opponat,
937 862 1022 927 siout
1049 878 1101 927 ras
1132 880 1207 927 suaa
1230 867 1264 929 et
1285 882 1358 946 per-

109 989 175 1037 nam
198 972 325 1038 illesam
346 991 366 1038 a
388 973 480 1040 nobis
504 974 643 1040 voluerit
664 992 864 1040 conseruare.
909 973 993 1040 Nam
1014 974 1102 1040 dicte
1122 975 1267 1042 ciuitatis
1290 978 1359 1042 rni-

109 1086 251 1152 mitatem
273 1086 359 1153 sicut
380 1087 517 1153 aliarum
538 1086 753 1171 quarumlibet
774 1087 907 1154 Boemie
938 1087 1108 1154 ciuitatum
1130 1088 1359 1155 uniuersitates

109 1199 193 1264 tntis
223 1199 346 1283 jndicio
376 1205 410 1266 et
434 1200 625 1283 juratorum,
660 1202 717 1282 qui
749 1219 835 1267 nune
869 1206 945 1268 sunt
977 1201 1029 1267 vel
1059 1219 1118 1284 pro
1147 1219 1186 1268 so
1215 1207 1360 1285 tempora

109 1312 190 1392 rint,
212 1331 276 1395 que
296 1313 417 1380 bonum
438 1313 528 1396 pacis
551 1320 584 1380 et
606 1314 777 1381 concordie
801 1315 990 1397 respiciunt,
1022 1319 1119 1397 prout
1147 1314 1208 1382 hoe
1229 1332 1288 1397 per
1309 1315 1356 1381 di·

109 1443 229 1491 :sarum
251 1427 421 1491 ciuitatum
443 1428 532 1493 ciues
552 1432 718 1509 presentes
741 1445 779 1493 ax
803 1427 1039 1494 deliberacione
1052 1432 1179 1494 matura
1194 1427 1358 1494 decretum

109 1541 318 1605 ¹necessario
340 1537 420 1621 fieri,
444 1540 492 1607 sic
514 1541 662 1607 volumus
681 1539 851 1607 intendere
864 1545 898 1606 ot
911 1558 1035 1622 parare,
1057 1540 1143 1624 qnod
1158 1541 1267 1607 nullus
1283 1559 1358 1607 con-

109 1652 182 1717 nium
197 1657 238 1718 -et
260 1653 440 1735 vulgarium
470 1672 529 1736 per
558 1655 737 1737 singularia
759 1652 983 1721 conuenticula
1005 1658 1039 1720 et
1059 1654 1196 1720 consilia
1217 1653 1300 1736 ipsis
1323 1653 1357 1720 in

110 1785 171 1847 qno
193 1764 352 1831 rebellare
373 1771 545 1849 presumat
577 1767 621 1832 Et
643 1768 671 1833 si
694 1767 768 1851 quis
790 1767 986 1834 contrarium
1015 1766 1139 1848 lecerit,
1168 1771 1247 1834 tunc
1268 1767 1358 1832 volu-

109 1895 134 1942 rs
155 1883 246 1943 tanta
268 1877 473 1945 fideiussoria
506 1881 660 1947 cauciona
689 1899 787 1964 super
816 1899 854 1946 eo
884 1879 988 1947 dictos
1013 1879 1157 1964 judicem
1179 1884 1214 1946 et
1230 1880 1358 1964 Jnratos

109 1989 249 2072 astringi,
272 2009 336 2073 que
357 2010 415 2073 pro
436 1992 533 2058 rebus
557 1993 626 2058 suis
645 1993 738 2058 nobis
754 1990 895 2058 sufficiat
915 1998 949 2057 et
970 2010 1116 2075 persona.
1162 1992 1261 2076 Siqua
1283 2011 1357 2060 con·

109 2103 183 2167 terit
205 2103 237 2168 in
260 2102 414 2186 futurum,
449 2105 535 2187 quod
565 2105 685 2195 aliquis
715 2105 933 2187 predictorum
963 2105 1085 2172 oinium
1110 2104 1356 2172 Jermirensium

109 2215 284 2299 linscunque
317 2220 453 2299 pecunie
482 2222 540 2284 aut
567 2219 616 2284 rei
646 2219 848 2285 exhibicione
877 2218 1058 2301 predictum
1086 2216 1265 2285 maleficum
1288 2219 1355 2302 pla·

109 2329 174 2409 erit,
210 2350 268 2411 per
297 2330 357 2398 hoc
387 2349 445 2414 pre
474 2332 548 2397 aliis
576 2332 662 2398 bona
693 2351 753 2398 sua
777 2332 818 2397 ab
840 2331 1001 2398 incendiis
1023 2332 1164 2398 eximere
1185 2350 1302 2398 curans
1325 2336 1359 2397 at

109 2439 200 2523 lucra,
223 2444 370 2525 eundem,
400 2464 442 2510 no
473 2445 577 2528 ipsius
607 2447 771 2529 exemptio
796 2446 908 2511 multis
930 2447 964 2512 in
986 2446 1136 2528 laqueum
1157 2448 1303 2510 nauseat
1324 2450 1358 2510 et

109 2571 205 2636 rusum,
229 2558 451 2639 consimiliter,
474 2563 510 2624 rt
530 2559 721 2641 predictum,
745 2558 923 2640 constringi
946 2557 1136 2624 mandamus
1151 2556 1355 2623 fideiussoris

109 2670 221 2734 ucione.
247 2669 367 2735 Datum
390 2675 449 2736 etc.

163 2821 267 2890 Jacobi,
295 2822 387 2878 (lodex
411 2824 569 2894 epistolaris
593 2825 730 2880 lobannis
754 2825 827 2894 ragis
853 2823 1001 2880 Bohemiae
1026 2824 1048 2879 d.
1068 2830 1119 2879 153
1138 2839 1175 2879 na
1192 2830 1240 2880 atr.
1260 2829 1303 2878 et.
1321 2855 1354 2865 -

109 2919 180 2970 stela
198 2925 246 2972 str.
271 2917 327 2987 pod
346 2919 367 2973 d.
389 2925 437 2973 lot)
455 2920 498 2974 dte
517 2936 547 2974 se
565 2923 608 2973 tei
626 2919 743 2975 lormnle
767 2921 890 2976 nalizeni
913 2921 992 2975 krtle
1010 2919 1083 2975 Jana
1100 2920 1207 2974 cellrem
1226 2919 1353 2988 staJ‘ntho

109 3012 166 3065 aahu
183 3030 200 3067 a
218 3020 247 3068 to
266 3014 383 3068 takovt:
420 3014 495 3083 ,Rex
519 3016 640 3071 Boemie.
664 3016 797 3082 Intellieo,
825 3016 897 3087 quod
921 3015 1031 3086 quidam
1057 3015 1196 3071 maleficus
1222 3021 1355 3085 quarata

109 3103 222 3163 ubundam
243 3118 365 3163 restrum
384 3111 514 3180 pecunias
535 3128 585 3180 per
603 3111 691 3165 minas
710 3111 829 3165 incendii
848 3116 1021 3181 extorquere.
1048 3111 1180 3178 Quocirca
1197 3112 1275 3167 vobis
1292 3128 1355 3182 pre·

109 3201 175 3266 rinna
194 3211 221 3258 at
246 3204 408 3260 mandamus
427 3207 560 3272 volentes,
587 3215 723 3276 qnatenus
743 3207 830 3261 eidem
848 3213 959 3276 treugas
978 3207 1054 3278 pacis
1074 3206 1108 3261 ad
1126 3224 1175 3262 vos
1195 3214 1223 3261 et
1241 3225 1258 3262 a
1276 3208 1354 3263 vobis

109 3297 240 3370 ululabiles,
258 3300 402 3371 repetendi
416 3319 466 3372 per
477 3303 592 3357 formam
601 3303 682 3372 juris,
701 3304 724 3357 si
738 3302 802 3372 quid
816 3303 935 3358 accionis
949 3303 1000 3358 sibi
1014 3302 1146 3357 adversm
1165 3319 1354 3373 quemcunque

109 3399 180 3449 atrum
198 3396 340 3465 competit,
363 3396 530 3451 concedatis.
549 3397 627 3464 Quod
647 3398 671 3453 si
689 3398 893 3467 contempserit,
911 3403 1011 3452 extunc
1027 3399 1117 3469 ipsum
1141 3400 1354 3470 proscripcionis

109 3491 170 3544 uculo
186 3490 337 3558 innodetis,
355 3492 539 3562 precipientes
557 3493 669 3547 cuilibet
688 3493 798 3547 nomina
817 3493 905 3547 nostri
918 3492 1062 3548 manifeste
1075 3494 1126 3548 sub
1138 3510 1229 3548 rerum
1242 3510 1353 3549 surarum

109 3586 212 3653 rpondiia
231 3595 259 3642 et
277 3604 457 3657 personans
476 3590 537 3658 quis
555 3589 584 3642 in
602 3589 693 3659 aliquo
713 3607 743 3644 se
762 3607 812 3660 pro
831 3590 892 3659 ipso
911 3588 945 3642 de
963 3595 1054 3643 cetero
1072 3590 1240 3660 interponat.
1265 3589 1353 3645 Preci-

109 3689 169 3737 antas
186 3683 284 3737 eodem
303 3683 393 3750 modo,
412 3684 485 3754 qnod
504 3686 596 3739 nullus
616 3686 726 3739 omnino
745 3685 773 3738 in
791 3685 844 3739 biis
864 3692 891 3740 at
909 3685 980 3750 aliis,
1006 3700 1059 3754 que
1075 3685 1139 3755 paci
1156 3691 1184 3740 at
1207 3684 1353 3740 concordia

109 3775 180 3833 itatis
199 3778 385 3849 Jermyrensis
404 3779 545 3850 derogant,
571 3797 600 3835 se
615 3779 702 3849 judici
721 3787 748 3834 et
762 3781 872 3849 juratis,
896 3780 1034 3850 prioribus
1053 3786 1081 3834 et
1099 3780 1247 3847 modernis,
1266 3796 1352 3851 oppo-

109 3887 132 3924 ne
148 3874 173 3927 in
190 3875 282 3944 aliquo
301 3881 450 3946 presumat,
469 3876 540 3931 sicut
557 3893 601 3930 res
620 3892 685 3930 arras
705 3884 732 3930 et
750 3892 897 3946 personam
916 3891 933 3930 a
950 3875 1030 3930 nobis
1048 3875 1142 3931 illesas
1155 3875 1272 3930 voluerit
1289 3892 1352 3932 eon·

111 3980 181 4022 mare.
198 3970 300 4024 Datum
319 3975 385 4024 stc.“

604 4147 621 4184 *
645 4129 709 4211 dns.
734 4145 806 4211 aar.

466 4317 564 4399 1342,
586 4317 609 4386 4
630 4319 755 4388 ledna.
776 4318 809 4388 V
824 4319 955 4387 Praae.

109 4483 152 4554 {rot
168 4493 230 4560 Jon
253 4496 468 4579 pr'icloatr'aaye
496 4494 626 4559 dedicat
652 4497 828 4558 medlorldm
850 4517 872 4559 o
894 4494 959 4560 obci
991 4497 1092 4559 mota
1114 4496 1221 4562 Moatra
1242 4494 1351 4578 rirolry,

109 4602 168 4668 ttae
200 4608 362 4694 wurfsiao,
390 4611 444 4691 jot
475 4608 564 4690 ploti
598 4606 784 4689 opozemlcd
820 4609 859 4673 do
892 4606 1020 4692 komorg
1052 4606 1224 4687 truncat,
1252 4607 1351 4695 jabob
