3098 5392
146 408 189 472 62
766 401 840 453 lars

144 617 274 698 scripta,
297 615 412 699 quibus
435 634 473 681 er
495 615 629 698 antiquo
649 613 844 680 concedente
865 611 983 678 dilecto
1004 611 1134 678 domino
1156 616 1193 680 ά
1211 619 1310 701 nstra
1332 623 1415 683 noso

146 732 298 810 Zmilone,
321 730 425 795 felicis
448 729 609 809 memorie,
631 734 665 794 et
686 728 760 792 aliis
782 727 902 793 nostris
922 726 1204 808 predecessoribus
1219 731 1415 803 annutibv

144 845 249 925 ganisi
273 848 357 923 sunt,
380 862 438 924 per
461 862 523 925 que
545 848 578 908 et
599 861 658 908 nos
680 841 840 908 communi
862 858 973 906 eorum
994 841 1127 907 vtilitati
1142 842 1352 911 decredimus
1368 864 1415 927 pn

143 957 317 1021 uidendum
345 960 509 1038 perpetuo,
537 955 619 1036 ipsis
649 960 682 1019 ot
711 969 824 1019 eorum
852 954 991 1036 postoris
1020 972 1060 1018 er
1087 959 1201 1021 nosue
1225 958 1415 1038 prouidenci

142 1075 237 1135 aucta
259 1075 293 1135 et
313 1069 482 1134 emendata
510 1068 564 1149 pio
593 1068 816 1149 prosequimur
842 1067 954 1132 fauore
986 1072 1019 1132 et
1050 1067 1267 1151 indulgemus,
1303 1072 1415 1139 nichil<

142 1184 249 1248 minus
272 1183 394 1248 eisdem
416 1182 528 1246 eadem
548 1181 730 1262 conscripta
751 1180 853 1263 sigilli
874 1179 976 1246 nostri
997 1180 1165 1247 karactere
1183 1183 1348 1252 tradimus
1364 1206 1415 1254 con

142 1296 270 1377 siguita
317 1294 374 1378 [1].
409 1295 444 1360 Si
473 1294 546 1376 quis
575 1312 634 1375 pro
666 1293 844 1359 violacione
872 1291 1038 1358 conuictus
1069 1290 1178 1375 luerit,
1212 1295 1415 1366 decollabitur

141 1410 211 1474 Tali
234 1427 310 1474 vero
340 1408 434 1474 modo
458 1407 684 1473 conuincetvm:
716 1405 752 1472 Si
780 1404 880 1472 fuerit
909 1405 1000 1488 virgo
1029 1404 1185 1473 deflorata
1216 1408 1291 1475 siue
1320 1412 1415 1480 mulio

141 1523 260 1588 violata
281 1522 315 1587 in
338 1540 459 1604 campo,
492 1539 555 1585 vno
575 1525 669 1599 teste,
697 1520 733 1585 in
758 1520 892 1585 ciuitate
920 1519 1045 1585 duobus
1073 1519 1243 1602 indigebit
1288 1523 1324 1590 Si
1357 1545 1415 1592 veo

140 1640 316 1718 conquesta
345 1633 444 1700 fuerit
472 1634 565 1716 virgo
594 1634 666 1699 siue
695 1633 811 1699 mulier
831 1651 890 1716 pro
912 1633 1091 1699 violacione
1111 1639 1146 1700 et
1165 1638 1270 1703 testes
1291 1656 1355 1703 non
1374 1639 1414 1705 lo·

138 1749 254 1829 buerit,
277 1748 334 1815 sed
356 1747 602 1830 sanguinolenta
622 1753 657 1812 et
676 1745 822 1812 vestibus
843 1746 974 1827 laniata,
1004 1748 1172 1814 incusatus
1201 1750 1413 1833 expurgabitur

139 1862 264 1928 duobus
293 1860 431 1926 testibus
458 1860 601 1944 ydoneis.
645 1859 680 1926 si
702 1864 811 1925 autam
838 1878 899 1926 nec
920 1861 1167 1943 sanguinolenta
1195 1880 1256 1929 nec
1286 1864 1411 1930 uestibus

140 1976 270 2055 laniata,
304 1974 392 2040 solus
425 1974 459 2039 in
485 1991 580 2039 cruce
608 1991 645 2038 se
673 1971 871 2054 expurgabit
915 1972 951 2039 Si
979 1979 1088 2039 autem
1120 1975 1290 2041 conuictus
1322 1974 1408 2057 fuerit

135 2090 239 2173 judici
262 2087 443 2154 satisfaciat
463 2088 498 2152 in
519 2087 661 2169 quinque
681 2087 799 2153 marcis
820 2089 957 2170 amenti,
978 2087 1119 2154 inimicia
1132 2088 1239 2171 primo
1254 2085 1406 2171 placatis¹l

138 2201 196 2287 [2].
219 2203 309 2283 Item,
332 2202 389 2285 qui
411 2201 578 2267 conuictus
587 2199 687 2266 luerit
708 2219 766 2283 pro
780 2201 950 2267 inuasione
964 2201 1089 2282 domus,
1111 2200 1331 2269 decollabitur.
1351 2201 1405 2268 l'ali

136 2334 212 2381 vero
232 2315 327 2382 modo
348 2316 574 2382 conuinoetur:
606 2314 756 2380 Teatibus
785 2313 910 2381 duobus
930 2314 1075 2397 ydoneis,
1104 2333 1144 2380 ex
1174 2319 1312 2399 utraque
1333 2318 1406 2399 mile

141 2429 254 2495 domus
277 2428 393 2494 vicinia
415 2429 495 2508 suia,
525 2446 605 2509 quos
626 2427 656 2492 si
677 2425 796 2493 babere
816 2446 880 2493 non
904 2432 1022 2510 potest
1050 2446 1150 2494 cansa
1179 2427 1326 2496 obstante
1343 2427 1405 2510 legi·

136 2544 224 2623 tima,
247 2548 337 2608 trans
359 2542 444 2608 viam
465 2560 563 2607 vnum
584 2538 709 2622 babeat,
732 2541 805 2607 siue
824 2541 908 2606 alios
928 2540 1080 2607 honestos
1101 2541 1193 2608 ciues
1212 2542 1406 2609 cimtatisant

139 2676 236 2722 vnum
251 2656 413 2740 juratum
439 2656 486 2721 bii
507 2660 616 2721 autem
636 2659 737 2720 testas
758 2655 793 2720 in
816 2673 911 2720 eruce
939 2655 1099 2721 iurabunt
1143 2655 1284 2722 huasus
1311 2655 1403 2739 prino,

136 2779 248 2854 postea
269 2776 370 2837 testae
392 2770 576 2853 separatim
599 2769 691 2834 saluo
711 2774 819 2834 tamen
847 2768 920 2834 iure
940 2769 1049 2834 iurati
1092 2767 1128 2835 Si
1156 2774 1266 2835 autem
1294 2768 1403 2835 innam

136 2884 253 2950 ibidem
276 2883 462 2950 interfectus
491 2883 599 2962 luerit,
628 2881 778 2963 quamuis
806 2885 962 2961 mortuus,
991 2879 1212 2948 decollabitur.
1257 2882 1292 2949 Si
1315 2884 1402 2948 auten

136 2997 302 3063 conuictus
335 2996 442 3075 luerit,
471 2994 613 3061 inimicis
635 2993 783 3076 placatis,
809 2993 916 3077 judici
944 2997 981 3058 vt
1001 2990 1138 3076 supra')
1159 2992 1217 3079 [31
1248 2988 1402 3077 itemqu

135 3116 305 3176 accusatus
327 3108 425 3175 luerit
454 3128 512 3191 pro
540 3107 720 3187 interiecto,
742 3106 849 3191 posito
870 3124 978 3173 coram
1002 3106 1139 3190 jndicio,
1168 3108 1198 3173 si
1228 3108 1343 3189 duello,
1361 3121 1402 3172 sev

134 3223 272 3287 testibus
302 3222 540 3303 expurgabitur,
570 3221 642 3286 siue
669 3239 734 3286 vno
750 3220 870 3304 jurato.
913 3219 950 3286 Si
970 3224 1080 3285 autem
1109 3219 1216 3287 iurato
1246 3221 1401 3297 inomao,

133 3353 209 3398 reim
231 3334 302 3398 erit.
348 3332 383 3399 Si
405 3351 481 3399 vero
513 3352 571 3399 nec
589 3334 700 3417 juvato
722 3353 781 3400 nec
802 3333 911 3400 duello
932 3333 1110 3413 incusatur,
1131 3333 1221 3400 aolus
1244 3334 1402 3401 iuramento

133 3443 401 3529 expurgabitur.³)
422 3443 477 3529 [4]
501 3446 592 3526 Item
614 3449 670 3530 qui
684 3447 784 3514 iudici
807 3446 980 3514 emendare
1000 3447 1143 3513 uoluerit
1162 3466 1222 3530 pro
1243 3447 1402 3523 interiecto

135 3568 200 3624 tres
223 3577 347 3625 marcas
370 3559 483 3639 soluet
505 3559 646 3626 inimicis
668 3561 772 3643 primo
793 3561 940 3643 placatis
960 3559 996 3627 si
1018 3564 1127 3626 autem
1147 3561 1267 3646 aliquis
1288 3580 1344 3645 pre
1360 3576 1403 3627 sn·

136 3673 248 3755 porbia
270 3672 377 3738 duello
400 3691 436 3738 se
457 3691 611 3739 excusare
632 3674 770 3739 voluerit
791 3680 824 3738 et
852 3675 895 3740 ad
915 3673 1124 3757 pugnandum
1144 3674 1302 3742 circulum
1321 3676 1406 3742 ints·

132 3786 225 3855 clarit,
237 3791 374 3869 quatuor
384 3806 517 3853 marcas,
526 3787 561 3854 Si
572 3787 697 3870 aliquid
703 3789 907 3869 pugnwerit,
917 3788 1297 3872 quinquemarcasdabit
1309 3785 1408 3863 iudici,

131 3899 273 3966 inimicis
280 3901 384 3982 prium
395 3900 569 3986 placatisf)
579 3899 635 3985 [bl
648 3901 739 3981 Item,
746 3903 801 3984 qui
813 3902 952 3986 aliquem
962 3903 1410 3969 vulnoeauaritvclvulnerato

131 4014 266 4079 voluerit
290 4019 321 4079 et
344 4014 400 4080 ills
414 4014 574 4080 contrario
590 4032 625 4080 se
640 4014 840 4080 defendendo
855 4015 994 4098 aliquem
1008 4014 1230 4082 vuluerauerlt
1243 4022 1302 4083 ant
1321 4016 1409 4082 inlu·

131 4128 251 4195 [morit
267 4133 350 4192 toste
371 4126 505 4210 ydoneo.
521 4127 649 4209 bospite
660 4128 805 4193 ciuitatis
816 4128 869 4193 uel
883 4128 959 4194 aliis
970 4127 1095 4194 duobus
1106 4128 1235 4196 ciuibus
1246 4130 1327 4196 viris
1340 4126 1410 4214 ydo-

129 4241 209 4309 ucis,
231 4260 294 4306 non
318 4238 522 4306 iudicabitur.
545 4240 579 4306 Si
601 4247 709 4306 eutem
730 4240 786 4306 ille
808 4241 965 4324 superbus
980 4241 1078 4309 iatum
1100 4241 1330 4325 vulnerauerit,
1344 4256 1407 4310 oon·

129 4354 234 4418 uictus
256 4374 355 4420 111auu
378 4353 588 4420 buncabilur.
612 4355 646 4421 Si
669 4360 777 4421 autem
799 4356 1007 4436 interfecerit
1028 4355 1249 4437 decollabitur,
1279 4355 1408 4424 testilm

129 4472 235 4532 lumen
256 4469 433 4549 premissis,
453 4468 594 4533 inimicis
613 4469 759 4550 placatis,
774 4468 878 4552 judici
898 4476 933 4535 ut
952 4467 1090 4552 supra⁵l
1106 4468 1164 4555 [6]
1179 4470 1272 4552 Item,
1292 4468 1410 4556 quisli-

127 4598 221 4663 quom
247 4598 304 4663 pro
330 4580 542 4648 dodonaeiona
565 4582 702 4664 uirginis
728 4584 778 4648 vel
801 4582 980 4650 violacione
1004 4583 1151 4651 mulieris
1172 4584 1225 4650 val
1246 4582 1410 4654 invasione
