3098 5392
142 488 147 498 .
198 429 261 495 808
812 431 887 482 mea

195 643 423 722 processerunt
444 643 478 704 et
500 643 575 704 sunt
597 638 737 720 obtenta,
761 639 907 706 obtinere
929 639 1067 706 debeant
1089 645 1278 722 perpetuam
1298 639 1426 708 roboris
1442 640 1492 707 iir-

195 755 348 820 mitatem.
386 752 591 819 Presentium
624 753 683 819 sub
716 755 806 837 regie
837 758 948 821 nosue
969 755 1151 820 maiestatis
1175 754 1282 837 sigillo
1312 756 1497 822 testimonio

195 867 387 934 litterarum.
405 867 525 932 Datum
536 867 710 949 Burgleins
725 887 810 935 anno
826 868 948 934 domini
964 868 1135 935 millesimo
1151 869 1380 935 trecentesimo
1393 875 1497 936 actua

196 982 318 1062 gesimo
349 999 443 1062 nono,
475 980 528 1046 die
559 976 750 1048 duodecima
780 982 902 1050 mensis
922 963 1082 1062 lametii,
1111 1001 1286 1066 regnorum
1316 988 1497 1049 nostrorum

196 1111 280 1162 anno
303 1095 437 1164 Boemle
459 1095 613 1162 uicesimo
636 1101 737 1177 sexto,
762 1097 979 1164 Romanorum
1003 1116 1081 1162 vero
1103 1097 1304 1163 tredecimo„
1356 1170 1358 1179 ,

242 1270 257 1366 ι’
298 1275 391 1339 Kniha
408 1284 547 1354 privilegii
564 1302 579 1337 z
598 1301 619 1338 r.
640 1291 706 1340 1435
726 1302 762 1340 na
780 1286 797 1339 l.
811 1292 826 1339 ὓ
841 1305 858 1337 a
869 1302 885 1338 r
898 1285 1010 1340 archiva
1030 1302 1065 1340 m.
1078 1285 1156 1339 Lourr
1170 1301 1203 1339 za
1215 1285 1357 1355 napisem:
1378 1285 1495 1356 „appro-

196 1378 274 1434 bacic
293 1379 367 1449 regis
385 1379 543 1435 wenceslai
563 1397 648 1452 super
667 1381 844 1450 exposicione
863 1381 984 1437 ciuitatis
1003 1398 1064 1436 cnm
1084 1382 1179 1452 primis
1198 1381 1307 1450 graciis,
1324 1382 1494 1437 libertatibus

195 1482 224 1530 et
236 1475 348 1544 juribus
367 1476 515 1533 eiusdem.“

761 1744 825 1827 Cis.
850 1761 922 1826 631.

263 2019 267 2031 ‚
339 1901 342 1911 Ι
556 1926 655 2030 1389,
678 1949 720 2018 21
744 1951 878 2019 unora.
901 1949 957 2019 Na
980 1949 1134 2018 llorlnd.

196 2125 376 2206 Ciaaiooau
391 2139 523 2207 Arabeta
541 2120 727 2226 arollalajc
747 2164 787 2208 aa
802 2143 952 2226 neplatny'
975 2141 1031 2208 list
1045 2143 1109 2226 jcja'
1122 2143 1227 2225 pedeti
1247 2143 1411 2228 oparrmo,
1431 2139 1491 2205 lete·

196 2251 268 2318 rc‘lro
290 2274 324 2319 ae
345 2236 500 2320 doaoldad
521 2252 640 2322 klaltcr
661 2277 706 2321 so.
739 2255 890 2322 Vuaiincc
923 2253 1029 2322 letale
1049 2254 1324 2341 Augustinia‘askc'
1345 2277 1382 2322 cc
1403 2275 1494 2338 morra

195 2383 212 2432 o
235 2365 307 2432 obes
324 2365 503 2435 Mdlm'ckoa
521 2372 542 2433 ¹o
567 2367 697 2434 laruam
719 2368 878 2452 olaapolne‘²
902 2366 922 2432 lc
945 2367 1281 2452 courmosteriolo
1312 2388 1412 2452 spaera
1433 2367 1494 2450 byll

193 2480 311 2547 aolou
340 2486 434 2548 atron
461 2482 564 2548 aolcai
591 2502 631 2548 aa
652 2481 792 2549 daniam
821 2482 951 2566 sprdvce
972 2480 1135 2566 Hor'inalcgi
1157 2483 1259 2549 Bcael
1290 2503 1311 2548 a
1337 2481 1495 2565 purkrall

365 2573 377 2600 ’ψ
684 2595 868 2682 aoaaaaaa
895 2580 1004 2664 aran.

255 2804 259 2818 ’
299 2788 368 2857 Nos
385 2788 565 2869 Elizebeth,
588 2789 641 2854 dei
657 2790 766 2872 gracia
781 2790 997 2857 Romanorum
1014 2789 1201 2873 imperatrix
1217 2807 1346 2872 semper
1359 2796 1493 2872 augusta

195 2909 228 2970 et
249 2890 384 2970 Boemie
407 2903 532 2985 regine,
555 2903 717 2968 uniuersis
741 2907 774 2968 et
800 2902 939 2985 singulis
953 2908 1066 2970 tenore
1081 2903 1284 2984 presencium
1299 2899 1492 2983 profitemur,

195 3019 281 3100 quod
304 3017 473 3085 constituti
496 3036 602 3084 coram
624 3016 718 3082 nobis
740 3013 852 3083 fideles
875 3017 979 3082 nostri
1001 3016 1113 3082 dilecti
1131 3015 1241 3099 judea,
1272 3016 1431 3097 magister
1454 3014 1492 3081 ci-

195 3133 287 3198 uium
309 3122 342 3197 et
359 3130 463 3214 jurati
486 3135 617 3214 totaque
640 3130 852 3197 communitas
883 3130 1028 3195 ciuitatis
1059 3132 1169 3195 nostre
1189 3127 1402 3194 Melnicensis
1425 3147 1492 3211 pro·

194 3250 381 3329 posuerunt,
417 3244 577 3326 quomodo
608 3244 731 3309 dudum
760 3249 836 3309 aute
865 3243 989 3325 aliquot
1017 3261 1118 3309 annos
1146 3247 1329 3309 transactos
1359 3242 1492 3326 quedam

193 3359 235 3425 lis
257 3376 352 3425 versa
374 3359 430 3424 ‘sit
451 3362 485 3424 et
514 3357 699 3423 vertebatur
730 3358 815 3423 inter
849 3374 903 3422 eos
934 3375 973 3422 ex
1004 3375 1076 3437 vna,
1111 3360 1144 3422 et
1173 3355 1346 3439 religiosos
1378 3355 1491 3421 fratres

194 3470 384 3537 monasterii
414 3472 519 3536 sancti
540 3470 714 3537 Laurencii
745 3470 868 3536 ordinis
900 3472 1004 3535 sancti
1027 3470 1204 3553 Augustini
1234 3469 1371 3535 fratrum
1403 3470 1490 3535 here

194 3584 345 3650 unitarum
369 3583 429 3650 sub
451 3585 585 3651 ciuitate
614 3590 725 3651 nostra
756 3584 902 3666 predicta
924 3583 1115 3650 Melnicensi
1139 3582 1317 3648 situatizde
1340 3588 1374 3648 et
1397 3600 1491 3665 super

193 3697 385 3782 quibusdam
407 3697 566 3764 limitibus
589 3703 622 3764 et
643 3698 798 3782 graniciis
821 3703 915 3780 parte
937 3715 976 3763 ex
999 3698 1109 3762 altera.
1143 3696 1247 3778 Super
1268 3694 1386 3779 quibus
1409 3696 1492 3761 limi.-

193 3811 283 3878 tibus
306 3816 340 3876 et
361 3812 516 3894 graniciis
538 3811 742 3877 declarandis
766 3811 857 3876 ambe
876 3816 985 3892 partes
1009 3815 1114 3875 certos
1137 3810 1234 3888 viros,
1257 3808 1412 3874 videlicet
1427 3810 1492 3874 lle·

195 3924 349 4005 acesium,
372 3929 449 3989 tunc
471 3923 628 3990 bonorum
652 3928 835 3990 nostrorum
851 3923 883 3987 in
901 3920 1024 3986 Hornin
1047 3921 1258 4003 prouisorem,
1281 3925 1314 3985 ct
1336 3920 1493 3988 famosum

195 4035 412 4117 wilhelmum,
435 4052 492 4119 pro
528 4044 605 4102 tunc
627 4035 858 4118 burggrauium
889 4036 922 4100 in
953 4034 1109 4116 Rudnicn,
1144 4039 1308 4116 tamquam
1343 4034 1493 4115 arbitros,

174 4149 405 4235 *arbitratores
435 4155 469 4215 et
498 4150 714 4216 declaraturos
752 4167 809 4214 scu
843 4148 1126 4230 pronuncciatores
1165 4147 1342 4227 elegerunt
1386 4147 1493 4213 Medio

194 4267 341 4344 tempore
369 4262 510 4329 nondum
532 4262 718 4329 huiusmodi
742 4280 839 4328 causa
862 4281 920 4344 per
941 4261 1081 4327 arbitros
1106 4259 1311 4342 supradictos
1335 4279 1495 4342 pronunc-

195 4376 372 4442 elatrent
400 4377 572 4456 declarata,
608 4375 787 4457 stapradicti
819 4374 938 4440 fratres
975 4373 1121 4455 religiosi
1156 4372 1317 4455 quandam
1351 4372 1495 4440 litteram

194 4486 323 4570 longam
345 4507 442 4570 super
464 4489 763 4570 pronuncciacioue‚
796 4492 832 4551 ut
854 4487 976 4567 dicunt
1010 4486 1188 4553 confectam
1218 4484 1444 4566 produxerunt
1465 4495 1497 4553 et

195 4592 303 4684 sigillo
332 4606 452 4683 nostro,
487 4608 524 4666 ut
553 4608 713 4682 asserunt,
748 4601 817 4666 iore
848 4601 1034 4681 sigillatam,
1069 4599 1110 4665 de
1141 4600 1233 4665 cuius
1265 4601 1370 4665 noatri
1395 4602 1497 4684 sigilli
