<?xml version="1.0" encoding="UTF-8"?>
<!DOCTYPE html PUBLIC "-//W3C//DTD XHTML 1.0 Transitional//EN"
    "http://www.w3.org/TR/xhtml1/DTD/xhtml1-transitional.dtd">
<html xmlns="http://www.w3.org/1999/xhtml" xml:lang="en" lang="en">
 <head>
  <title>
</title>
<meta http-equiv="Content-Type" content="text/html;charset=utf-8" />
  <meta name='ocr-system' content='tesseract 3.04.00' />
  <meta name='ocr-capabilities' content='ocr_page ocr_carea ocr_par ocr_line ocrx_word'/>
</head>
<body>
  <div class='ocr_page' id='page_1' title='image "./sbrkapramenprva01kingoog/sbrkapramenprva01kingoog_0328.png"; bbox 0 0 3150 5378; ppageno 0'>
   <div class='ocr_carea' id='block_1_1' title="bbox 246 443 948 509">
    <p class='ocr_par' dir='ltr' id='par_1_1' title="bbox 246 443 948 509">
     <span class='ocr_line' id='line_1_1' title="bbox 246 443 948 509; baseline 0 -16"><span class='ocrx_word' id='word_1_1' title='bbox 246 443 312 509; x_wconf 73' lang='lat'>292</span> <span class='ocrx_word' id='word_1_2' title='bbox 874 443 948 494; x_wconf 82' lang='lat' dir='ltr'>rece.</span> 
     </span>
    </p>
   </div>
   <div class='ocr_carea' id='block_1_2' title="bbox 243 650 1543 962">
    <p class='ocr_par' dir='ltr' id='par_1_2' title="bbox 243 650 1543 962">
     <span class='ocr_line' id='line_1_2' title="bbox 244 650 1543 735; baseline 0.002 -19"><span class='ocrx_word' id='word_1_3' title='bbox 244 651 374 716; x_wconf 86' lang='lat' dir='ltr'>inantea</span> <span class='ocrx_word' id='word_1_4' title='bbox 405 656 559 734; x_wconf 90' lang='lat' dir='ltr'>perpetue</span> <span class='ocrx_word' id='word_1_5' title='bbox 584 652 777 733; x_wconf 83' lang='lat' dir='ltr'>supportari,</span> <span class='ocrx_word' id='word_1_6' title='bbox 802 669 910 717; x_wconf 90' lang='lat' dir='ltr'>emnes</span> <span class='ocrx_word' id='word_1_7' title='bbox 938 655 971 717; x_wconf 84' lang='lat' dir='ltr'>et</span> <span class='ocrx_word' id='word_1_8' title='bbox 992 653 1135 734; x_wconf 88' lang='lat' dir='ltr'>singulos</span> <span class='ocrx_word' id='word_1_9' title='bbox 1158 652 1193 718; x_wconf 93' lang='lat' dir='ltr'>in</span> <span class='ocrx_word' id='word_1_10' title='bbox 1214 650 1376 735; x_wconf 84' lang='lat' dir='ltr'>prioribus</span> <span class='ocrx_word' id='word_1_11' title='bbox 1398 652 1543 735; x_wconf 89' lang='lat' dir='ltr'>ipserum</span> 
     </span>
     <span class='ocr_line' id='line_1_3' title="bbox 243 764 1543 850; baseline 0.002 -20"><span class='ocrx_word' id='word_1_12' title='bbox 243 783 281 833; x_wconf 88' lang='lat' dir='ltr'>ac</span> <span class='ocrx_word' id='word_1_13' title='bbox 298 764 442 832; x_wconf 86' lang='lat' dir='ltr'>ciuitatis</span> <span class='ocrx_word' id='word_1_14' title='bbox 459 764 643 848; x_wconf 89' lang='lat' dir='ltr'>priuilegiis</span> <span class='ocrx_word' id='word_1_15' title='bbox 660 783 840 846; x_wconf 81' lang='lat' dir='ltr'>expresses,</span> <span class='ocrx_word' id='word_1_16' title='bbox 863 769 960 847; x_wconf 88' lang='lat' dir='ltr'>preut</span> <span class='ocrx_word' id='word_1_17' title='bbox 969 764 1072 850; x_wconf 87' lang='lat' dir='ltr'>jurati</span> <span class='ocrx_word' id='word_1_18' title='bbox 1088 783 1196 832; x_wconf 81' lang='lat' dir='ltr'>cerain</span> <span class='ocrx_word' id='word_1_19' title='bbox 1209 765 1302 833; x_wconf 90' lang='lat' dir='ltr'>nobis</span> <span class='ocrx_word' id='word_1_20' title='bbox 1316 773 1543 849; x_wconf 84' lang='lat' dir='ltr'>exposuerunt,</span> 
     </span>
     <span class='ocr_line' id='line_1_4' title="bbox 244 877 1543 962; baseline 0.001 -18"><span class='ocrx_word' id='word_1_21' title='bbox 244 878 397 944; x_wconf 82' lang='lat' dir='ltr'><strong>articulos</strong></span> <span class='ocrx_word' id='word_1_22' title='bbox 414 878 454 944; x_wconf 90' lang='lat' dir='ltr'>de</span> <span class='ocrx_word' id='word_1_23' title='bbox 468 877 670 961; x_wconf 72' lang='lat' dir='ltr'>benignitate</span> <span class='ocrx_word' id='word_1_24' title='bbox 691 878 790 961; x_wconf 89' lang='lat' dir='ltr'>regia,</span> <span class='ocrx_word' id='word_1_25' title='bbox 814 883 849 943; x_wconf 83' lang='lat' dir='ltr'>vt</span> <span class='ocrx_word' id='word_1_26' title='bbox 863 878 1000 962; x_wconf 81' lang='lat' dir='ltr'>quilibet</span> <span class='ocrx_word' id='word_1_27' title='bbox 1019 897 1066 959; x_wconf 80' lang='lat' dir='ltr'>ee,</span> <span class='ocrx_word' id='word_1_28' title='bbox 1090 879 1175 961; x_wconf 94' lang='lat' dir='ltr'>qued</span> <span class='ocrx_word' id='word_1_29' title='bbox 1197 879 1240 944; x_wconf 91' lang='lat' dir='ltr'>ad</span> <span class='ocrx_word' id='word_1_30' title='bbox 1261 878 1369 961; x_wconf 88' lang='lat' dir='ltr'>ipsum</span> <span class='ocrx_word' id='word_1_31' title='bbox 1392 881 1543 962; x_wconf 75' lang='lat' dir='ltr'>pertinet</span> 
     </span>
    </p>
   </div>
   <div class='ocr_carea' id='block_1_3' title="bbox 244 991 1544 1644">
    <p class='ocr_par' dir='ltr' id='par_1_3' title="bbox 244 991 1544 1644">
     <span class='ocr_line' id='line_1_5' title="bbox 245 991 1543 1075; baseline 0 -16"><span class='ocrx_word' id='word_1_32' title='bbox 245 997 413 1059; x_wconf 79' lang='lat' dir='ltr'>centenius</span> <span class='ocrx_word' id='word_1_33' title='bbox 443 991 490 1056; x_wconf 93' lang='lat' dir='ltr'>nil</span> <span class='ocrx_word' id='word_1_34' title='bbox 512 1010 532 1056; x_wconf 92' lang='lat' dir='ltr'>a</span> <span class='ocrx_word' id='word_1_35' title='bbox 553 1010 754 1075; x_wconf 88' lang='lat' dir='ltr'>quecumque</span> <span class='ocrx_word' id='word_1_36' title='bbox 785 997 874 1074; x_wconf 89' lang='lat' dir='ltr'>petat</span> <span class='ocrx_word' id='word_1_37' title='bbox 903 992 1051 1074; x_wconf 88' lang='lat' dir='ltr'>amplius,</span> <span class='ocrx_word' id='word_1_38' title='bbox 1082 993 1274 1057; x_wconf 89' lang='lat' dir='ltr'>inneuamus</span> <span class='ocrx_word' id='word_1_39' title='bbox 1304 1009 1344 1057; x_wconf 89' lang='lat' dir='ltr'>ac</span> <span class='ocrx_word' id='word_1_40' title='bbox 1364 992 1400 1057; x_wconf 93' lang='lat' dir='ltr'>in</span> <span class='ocrx_word' id='word_1_41' title='bbox 1424 998 1543 1059; x_wconf 87' lang='lat' dir='ltr'>statum</span> 
     </span>
     <span class='ocr_line' id='line_1_6' title="bbox 244 1103 1544 1187; baseline 0.002 -17"><span class='ocrx_word' id='word_1_42' title='bbox 244 1104 418 1187; x_wconf 88' lang='lat' dir='ltr'>pristinum</span> <span class='ocrx_word' id='word_1_43' title='bbox 440 1122 641 1184; x_wconf 90' lang='lat' dir='ltr'>reuecarnus‚</span> <span class='ocrx_word' id='word_1_44' title='bbox 672 1103 807 1170; x_wconf 88' lang='lat' dir='ltr'>firmiter</span> <span class='ocrx_word' id='word_1_45' title='bbox 829 1109 1016 1187; x_wconf 85' lang='lat' dir='ltr'>statuentes,</span> <span class='ocrx_word' id='word_1_46' title='bbox 1047 1110 1082 1170; x_wconf 83' lang='lat' dir='ltr'>vt</span> <span class='ocrx_word' id='word_1_47' title='bbox 1104 1106 1193 1171; x_wconf 91' lang='lat' dir='ltr'>ciues</span> <span class='ocrx_word' id='word_1_48' title='bbox 1215 1105 1354 1187; x_wconf 82' lang='lat' dir='ltr'>predicti</span> <span class='ocrx_word' id='word_1_49' title='bbox 1378 1124 1490 1172; x_wconf 88' lang='lat' dir='ltr'>ernnes</span> <span class='ocrx_word' id='word_1_50' title='bbox 1511 1112 1544 1173; x_wconf 86' lang='lat' dir='ltr'>et</span> 
     </span>
     <span class='ocr_line' id='line_1_7' title="bbox 245 1216 1542 1302; baseline 0 -18"><span class='ocrx_word' id='word_1_51' title='bbox 245 1219 364 1301; x_wconf 80' lang='lat' dir='ltr'>singuli</span> <span class='ocrx_word' id='word_1_52' title='bbox 388 1217 430 1284; x_wconf 90' lang='lat' dir='ltr'>de</span> <span class='ocrx_word' id='word_1_53' title='bbox 453 1218 551 1300; x_wconf 83' lang='lat' dir='ltr'>agris,</span> <span class='ocrx_word' id='word_1_54' title='bbox 575 1217 731 1298; x_wconf 81' lang='lat' dir='ltr'>dumibus,</span> <span class='ocrx_word' id='word_1_55' title='bbox 756 1216 866 1298; x_wconf 89' lang='lat' dir='ltr'>curiis,</span> <span class='ocrx_word' id='word_1_56' title='bbox 889 1219 1032 1284; x_wconf 89' lang='lat' dir='ltr'>macellis</span> <span class='ocrx_word' id='word_1_57' title='bbox 1055 1217 1209 1299; x_wconf 82' lang='lat' dir='ltr'>carnium,</span> <span class='ocrx_word' id='word_1_58' title='bbox 1237 1218 1401 1301; x_wconf 87' lang='lat' dir='ltr'>scampnis</span> <span class='ocrx_word' id='word_1_59' title='bbox 1424 1237 1542 1302; x_wconf 84' lang='lat' dir='ltr'>panum</span> 
     </span>
     <span class='ocr_line' id='line_1_8' title="bbox 248 1331 1540 1415; baseline 0.001 -18"><span class='ocrx_word' id='word_1_60' title='bbox 248 1352 285 1398; x_wconf 88' lang='lat' dir='ltr'>ac</span> <span class='ocrx_word' id='word_1_61' title='bbox 307 1333 381 1398; x_wconf 90' lang='lat' dir='ltr'>aliis</span> <span class='ocrx_word' id='word_1_62' title='bbox 404 1331 650 1412; x_wconf 74' lang='lat' dir='ltr'>hereditatibus,</span> <span class='ocrx_word' id='word_1_63' title='bbox 673 1350 736 1415; x_wconf 89' lang='lat' dir='ltr'>que</span> <span class='ocrx_word' id='word_1_64' title='bbox 758 1332 939 1398; x_wconf 88' lang='lat' dir='ltr'>consistunt</span> <span class='ocrx_word' id='word_1_65' title='bbox 960 1332 995 1397; x_wconf 93' lang='lat' dir='ltr'>in</span> <span class='ocrx_word' id='word_1_66' title='bbox 1017 1348 1149 1397; x_wconf 89' lang='lat' dir='ltr'>nurnero</span> <span class='ocrx_word' id='word_1_67' title='bbox 1172 1331 1288 1414; x_wconf 83' lang='lat' dir='ltr'>viginti</span> <span class='ocrx_word' id='word_1_68' title='bbox 1312 1349 1370 1398; x_wconf 86' lang='lat' dir='ltr'>ser</span> <span class='ocrx_word' id='word_1_69' title='bbox 1393 1337 1428 1398; x_wconf 89' lang='lat' dir='ltr'>et</span> <span class='ocrx_word' id='word_1_70' title='bbox 1449 1333 1540 1399; x_wconf 83' lang='lat' dir='ltr'>vuius</span> 
     </span>
     <span class='ocr_line' id='line_1_9' title="bbox 245 1443 1542 1529; baseline 0.001 -18"><span class='ocrx_word' id='word_1_71' title='bbox 245 1450 278 1511; x_wconf 89' lang='lat' dir='ltr'>et</span> <span class='ocrx_word' id='word_1_72' title='bbox 298 1445 405 1511; x_wconf 89' lang='lat' dir='ltr'>medie</span> <span class='ocrx_word' id='word_1_73' title='bbox 426 1449 539 1529; x_wconf 85' lang='lat' dir='ltr'>quarte</span> <span class='ocrx_word' id='word_1_74' title='bbox 553 1450 639 1510; x_wconf 89' lang='lat' dir='ltr'>terre</span> <span class='ocrx_word' id='word_1_75' title='bbox 655 1445 830 1525; x_wconf 83' lang='lat' dir='ltr'>laneorum,</span> <span class='ocrx_word' id='word_1_76' title='bbox 855 1462 989 1525; x_wconf 82' lang='lat' dir='ltr'>quemn</span> <span class='ocrx_word' id='word_1_77' title='bbox 1006 1443 1116 1510; x_wconf 90' lang='lat' dir='ltr'>decem</span> <span class='ocrx_word' id='word_1_78' title='bbox 1136 1462 1209 1509; x_wconf 90' lang='lat' dir='ltr'>cum</span> <span class='ocrx_word' id='word_1_79' title='bbox 1223 1443 1330 1511; x_wconf 89' lang='lat' dir='ltr'>medie</span> <span class='ocrx_word' id='word_1_80' title='bbox 1353 1450 1388 1510; x_wconf 88' lang='lat' dir='ltr'>et</span> <span class='ocrx_word' id='word_1_81' title='bbox 1402 1446 1542 1512; x_wconf 89' lang='lat' dir='ltr'>medium</span> 
     </span>
     <span class='ocr_line' id='line_1_10' title="bbox 247 1557 1542 1644; baseline 0 -18"><span class='ocrx_word' id='word_1_82' title='bbox 247 1561 395 1642; x_wconf 90' lang='lat' dir='ltr'>quartale</span> <span class='ocrx_word' id='word_1_83' title='bbox 425 1557 481 1624; x_wconf 91' lang='lat' dir='ltr'>siti</span> <span class='ocrx_word' id='word_1_84' title='bbox 505 1563 581 1624; x_wconf 90' lang='lat' dir='ltr'>sunt</span> <span class='ocrx_word' id='word_1_85' title='bbox 603 1559 637 1623; x_wconf 93' lang='lat' dir='ltr'>in</span> <span class='ocrx_word' id='word_1_86' title='bbox 659 1559 729 1624; x_wconf 94' lang='lat' dir='ltr'>lece</span> <span class='ocrx_word' id='word_1_87' title='bbox 753 1557 823 1623; x_wconf 84' lang='lat' dir='ltr'>Aue</span> <span class='ocrx_word' id='word_1_88' title='bbox 845 1558 1007 1640; x_wconf 84' lang='lat' dir='ltr'>wlgariter</span> <span class='ocrx_word' id='word_1_89' title='bbox 1031 1560 1225 1641; x_wconf 80' lang='lat' dir='ltr'>nuncupate,</span> <span class='ocrx_word' id='word_1_90' title='bbox 1249 1574 1388 1639; x_wconf 88' lang='lat' dir='ltr'>querum</span> <span class='ocrx_word' id='word_1_91' title='bbox 1410 1559 1542 1644; x_wconf 84' lang='lat' dir='ltr'>quilibet</span> 
     </span>
    </p>
   </div>
   <div class='ocr_carea' id='block_1_4' title="bbox 245 1671 1575 4701">
    <p class='ocr_par' dir='ltr' id='par_1_4' title="bbox 245 1671 1575 4701">
     <span class='ocr_line' id='line_1_11' title="bbox 247 1671 1540 1755; baseline 0 -15"><span class='ocrx_word' id='word_1_92' title='bbox 247 1673 345 1740; x_wconf 83' lang='lat' dir='ltr'>selrdt</span> <span class='ocrx_word' id='word_1_93' title='bbox 359 1673 394 1739; x_wconf 93' lang='lat' dir='ltr'>in</span> <span class='ocrx_word' id='word_1_94' title='bbox 410 1690 508 1739; x_wconf 88' lang='lat' dir='ltr'>censu</span> <span class='ocrx_word' id='word_1_95' title='bbox 531 1690 638 1736; x_wconf 92' lang='lat' dir='ltr'>annue</span> <span class='ocrx_word' id='word_1_96' title='bbox 660 1671 895 1753; x_wconf 88' lang='lat' dir='ltr'>quinquaginta</span> <span class='ocrx_word' id='word_1_97' title='bbox 918 1688 974 1736; x_wconf 88' lang='lat' dir='ltr'>sex</span> <span class='ocrx_word' id='word_1_98' title='bbox 996 1689 1124 1753; x_wconf 88' lang='lat' dir='ltr'>gresses</span> <span class='ocrx_word' id='word_1_99' title='bbox 1147 1688 1206 1752; x_wconf 91' lang='lat' dir='ltr'>pre</span> <span class='ocrx_word' id='word_1_100' title='bbox 1227 1688 1337 1736; x_wconf 87' lang='lat' dir='ltr'>marca</span> <span class='ocrx_word' id='word_1_101' title='bbox 1350 1673 1447 1755; x_wconf 81' lang='lat' dir='ltr'>regis</span> <span class='ocrx_word' id='word_1_102' title='bbox 1461 1691 1540 1740; x_wconf 87' lang='lat' dir='ltr'>cenr-</span> 
     </span>
     <span class='ocr_line' id='line_1_12' title="bbox 245 1782 1540 1870; baseline 0 -17"><span class='ocrx_word' id='word_1_103' title='bbox 245 1791 392 1870; x_wconf 87' lang='lat' dir='ltr'>putates;</span> <span class='ocrx_word' id='word_1_104' title='bbox 409 1785 546 1867; x_wconf 89' lang='lat' dir='ltr'>quilibet</span> <span class='ocrx_word' id='word_1_105' title='bbox 561 1786 663 1850; x_wconf 88' lang='lat' dir='ltr'>eciam</span> <span class='ocrx_word' id='word_1_106' title='bbox 677 1786 789 1850; x_wconf 89' lang='lat' dir='ltr'>laneus</span> <span class='ocrx_word' id='word_1_107' title='bbox 804 1784 1020 1866; x_wconf 86' lang='lat' dir='ltr'>predictorum</span> <span class='ocrx_word' id='word_1_108' title='bbox 1036 1789 1069 1849; x_wconf 88' lang='lat' dir='ltr'>et</span> <span class='ocrx_word' id='word_1_109' title='bbox 1082 1782 1363 1866; x_wconf 85' lang='lat' dir='ltr'>infrascripterum</span> <span class='ocrx_word' id='word_1_110' title='bbox 1379 1788 1540 1853; x_wconf 89' lang='lat' dir='ltr'>continere</span> 
     </span>
     <span class='ocr_line' id='line_1_13' title="bbox 245 1899 1540 1984; baseline 0.001 -19"><span class='ocrx_word' id='word_1_111' title='bbox 245 1899 341 1966; x_wconf 89' lang='lat' dir='ltr'>debet</span> <span class='ocrx_word' id='word_1_112' title='bbox 364 1900 532 1983; x_wconf 82' lang='lat' dir='ltr'>sexaginta</span> <span class='ocrx_word' id='word_1_113' title='bbox 555 1904 693 1982; x_wconf 89' lang='lat' dir='ltr'>quatuor</span> <span class='ocrx_word' id='word_1_114' title='bbox 713 1916 898 1978; x_wconf 88' lang='lat' dir='ltr'>mensuras;</span> <span class='ocrx_word' id='word_1_115' title='bbox 922 1902 1060 1980; x_wconf 89' lang='lat' dir='ltr'>quatuor</span> <span class='ocrx_word' id='word_1_116' title='bbox 1081 1916 1157 1964; x_wconf 81' lang='lat' dir='ltr'>vere</span> <span class='ocrx_word' id='word_1_117' title='bbox 1179 1899 1266 1965; x_wconf 88' lang='lat' dir='ltr'>lanei</span> <span class='ocrx_word' id='word_1_118' title='bbox 1288 1903 1322 1964; x_wconf 88' lang='lat' dir='ltr'>et</span> <span class='ocrx_word' id='word_1_119' title='bbox 1343 1918 1409 1965; x_wconf 86' lang='lat' dir='ltr'>vna</span> <span class='ocrx_word' id='word_1_120' title='bbox 1432 1904 1540 1984; x_wconf 85' lang='lat' dir='ltr'>quarta</span> 
     </span>
     <span class='ocr_line' id='line_1_14' title="bbox 248 2009 1539 2096; baseline -0.002 -16"><span class='ocrx_word' id='word_1_121' title='bbox 248 2013 304 2080; x_wconf 90' lang='lat' dir='ltr'>siti</span> <span class='ocrx_word' id='word_1_122' title='bbox 327 2016 403 2079; x_wconf 91' lang='lat' dir='ltr'>sunt</span> <span class='ocrx_word' id='word_1_123' title='bbox 425 2012 510 2079; x_wconf 83' lang='lat' dir='ltr'>vltra</span> <span class='ocrx_word' id='word_1_124' title='bbox 520 2009 656 2079; x_wconf 88' lang='lat' dir='ltr'>fluuium</span> <span class='ocrx_word' id='word_1_125' title='bbox 671 2012 782 2095; x_wconf 85' lang='lat' dir='ltr'>Belyu‚</span> <span class='ocrx_word' id='word_1_126' title='bbox 806 2016 997 2078; x_wconf 85' lang='lat' dir='ltr'>censeantes</span> <span class='ocrx_word' id='word_1_127' title='bbox 1021 2010 1156 2096; x_wconf 88' lang='lat' dir='ltr'>quilibet</span> <span class='ocrx_word' id='word_1_128' title='bbox 1178 2030 1289 2078; x_wconf 79' lang='lat' dir='ltr'>eertum</span> <span class='ocrx_word' id='word_1_129' title='bbox 1311 2016 1381 2079; x_wconf 87' lang='lat' dir='ltr'>tres</span> <span class='ocrx_word' id='word_1_130' title='bbox 1403 2012 1539 2080; x_wconf 82' lang='lat' dir='ltr'>fertones</span> 
     </span>
     <span class='ocr_line' id='line_1_15' title="bbox 249 2125 1539 2210; baseline -0.001 -18"><span class='ocrx_word' id='word_1_131' title='bbox 249 2127 356 2210; x_wconf 87' lang='lat' dir='ltr'>regies</span> <span class='ocrx_word' id='word_1_132' title='bbox 387 2125 458 2192; x_wconf 91' lang='lat' dir='ltr'>siue</span> <span class='ocrx_word' id='word_1_133' title='bbox 480 2126 589 2205; x_wconf 88' lang='lat' dir='ltr'>leues;</span> <span class='ocrx_word' id='word_1_134' title='bbox 620 2126 678 2191; x_wconf 91' lang='lat' dir='ltr'>alii</span> <span class='ocrx_word' id='word_1_135' title='bbox 702 2144 758 2191; x_wconf 84' lang='lat' dir='ltr'>sex</span> <span class='ocrx_word' id='word_1_136' title='bbox 787 2144 860 2191; x_wconf 86' lang='lat' dir='ltr'>curn</span> <span class='ocrx_word' id='word_1_137' title='bbox 887 2125 994 2192; x_wconf 89' lang='lat' dir='ltr'>medie</span> <span class='ocrx_word' id='word_1_138' title='bbox 1016 2126 1109 2192; x_wconf 91' lang='lat' dir='ltr'>lanee</span> <span class='ocrx_word' id='word_1_139' title='bbox 1135 2125 1244 2192; x_wconf 87' lang='lat' dir='ltr'>iacent</span> <span class='ocrx_word' id='word_1_140' title='bbox 1265 2125 1321 2191; x_wconf 88' lang='lat' dir='ltr'>siti</span> <span class='ocrx_word' id='word_1_141' title='bbox 1344 2125 1407 2192; x_wconf 91' lang='lat' dir='ltr'>snb</span> <span class='ocrx_word' id='word_1_142' title='bbox 1429 2144 1539 2209; x_wconf 87' lang='lat' dir='ltr'>magne</span> 
     </span>
     <span class='ocr_line' id='line_1_16' title="bbox 248 2236 1539 2323; baseline -0.001 -18"><span class='ocrx_word' id='word_1_143' title='bbox 248 2239 366 2323; x_wconf 82' lang='lat' dir='ltr'>lapide,</span> <span class='ocrx_word' id='word_1_144' title='bbox 391 2257 526 2321; x_wconf 90' lang='lat' dir='ltr'>querum</span> <span class='ocrx_word' id='word_1_145' title='bbox 549 2238 685 2320; x_wconf 88' lang='lat' dir='ltr'>quilibet</span> <span class='ocrx_word' id='word_1_146' title='bbox 707 2239 809 2304; x_wconf 91' lang='lat' dir='ltr'>eciam</span> <span class='ocrx_word' id='word_1_147' title='bbox 833 2242 966 2305; x_wconf 87' lang='lat' dir='ltr'>censuat</span> <span class='ocrx_word' id='word_1_148' title='bbox 987 2243 1054 2303; x_wconf 90' lang='lat' dir='ltr'>tres</span> <span class='ocrx_word' id='word_1_149' title='bbox 1075 2238 1165 2303; x_wconf 88' lang='lat' dir='ltr'>leues</span> <span class='ocrx_word' id='word_1_150' title='bbox 1194 2236 1345 2304; x_wconf 87' lang='lat' dir='ltr'>fertones.</span> <span class='ocrx_word' id='word_1_151' title='bbox 1393 2238 1539 2304; x_wconf 70' lang='lat' dir='ltr'>Procae</span> 
     </span>
     <span class='ocr_line' id='line_1_17' title="bbox 250 2348 1538 2435; baseline -0.004 -14"><span class='ocrx_word' id='word_1_152' title='bbox 250 2370 347 2435; x_wconf 89' lang='lat' dir='ltr'>supra</span> <span class='ocrx_word' id='word_1_153' title='bbox 368 2357 509 2418; x_wconf 89' lang='lat' dir='ltr'>mentem</span> <span class='ocrx_word' id='word_1_154' title='bbox 532 2351 640 2417; x_wconf 88' lang='lat' dir='ltr'>iacent</span> <span class='ocrx_word' id='word_1_155' title='bbox 661 2350 747 2416; x_wconf 87' lang='lat' dir='ltr'>lanei</span> <span class='ocrx_word' id='word_1_156' title='bbox 770 2351 833 2416; x_wconf 92' lang='lat' dir='ltr'>due</span> <span class='ocrx_word' id='word_1_157' title='bbox 865 2356 898 2415; x_wconf 88' lang='lat' dir='ltr'>et</span> <span class='ocrx_word' id='word_1_158' title='bbox 920 2368 982 2416; x_wconf 84' lang='lat' dir='ltr'>vna</span> <span class='ocrx_word' id='word_1_159' title='bbox 1004 2355 1118 2433; x_wconf 90' lang='lat' dir='ltr'>quarta</span> <span class='ocrx_word' id='word_1_160' title='bbox 1140 2368 1213 2416; x_wconf 92' lang='lat' dir='ltr'>cum</span> <span class='ocrx_word' id='word_1_161' title='bbox 1233 2348 1352 2432; x_wconf 81' lang='lat' dir='ltr'>media,</span> <span class='ocrx_word' id='word_1_162' title='bbox 1381 2351 1538 2418; x_wconf 82' lang='lat' dir='ltr'>soluentes</span> 
     </span>
     <span class='ocr_line' id='line_1_18' title="bbox 249 2461 1538 2546; baseline -0.002 -14"><span class='ocrx_word' id='word_1_163' title='bbox 249 2467 284 2533; x_wconf 90' lang='lat' dir='ltr'>in</span> <span class='ocrx_word' id='word_1_164' title='bbox 315 2483 412 2531; x_wconf 89' lang='lat' dir='ltr'>censu</span> <span class='ocrx_word' id='word_1_165' title='bbox 447 2463 583 2546; x_wconf 88' lang='lat' dir='ltr'>quilibet</span> <span class='ocrx_word' id='word_1_166' title='bbox 615 2465 777 2530; x_wconf 87' lang='lat' dir='ltr'>marcham</span> <span class='ocrx_word' id='word_1_167' title='bbox 809 2462 948 2530; x_wconf 86' lang='lat' dir='ltr'>inediam</span> <span class='ocrx_word' id='word_1_168' title='bbox 977 2464 1090 2529; x_wconf 88' lang='lat' dir='ltr'>leuem.</span> <span class='ocrx_word' id='word_1_169' title='bbox 1135 2461 1218 2530; x_wconf 89' lang='lat' dir='ltr'>Sunt</span> <span class='ocrx_word' id='word_1_170' title='bbox 1244 2468 1278 2530; x_wconf 90' lang='lat' dir='ltr'>et</span> <span class='ocrx_word' id='word_1_171' title='bbox 1303 2464 1363 2530; x_wconf 86' lang='lat' dir='ltr'>alii</span> <span class='ocrx_word' id='word_1_172' title='bbox 1386 2464 1450 2532; x_wconf 93' lang='lat' dir='ltr'>due</span> <span class='ocrx_word' id='word_1_173' title='bbox 1472 2482 1538 2531; x_wconf 86' lang='lat' dir='ltr'>cun</span> 
     </span>
     <span class='ocr_line' id='line_1_19' title="bbox 248 2576 1537 2661; baseline -0.002 -15"><span class='ocrx_word' id='word_1_174' title='bbox 248 2579 355 2646; x_wconf 89' lang='lat' dir='ltr'>medie</span> <span class='ocrx_word' id='word_1_175' title='bbox 386 2578 472 2645; x_wconf 90' lang='lat' dir='ltr'>lanei</span> <span class='ocrx_word' id='word_1_176' title='bbox 506 2581 540 2643; x_wconf 88' lang='lat' dir='ltr'>et</span> <span class='ocrx_word' id='word_1_177' title='bbox 568 2595 632 2642; x_wconf 83' lang='lat' dir='ltr'>vna</span> <span class='ocrx_word' id='word_1_178' title='bbox 663 2581 787 2661; x_wconf 85' lang='lat' dir='ltr'>quarta,</span> <span class='ocrx_word' id='word_1_179' title='bbox 821 2593 957 2658; x_wconf 91' lang='lat' dir='ltr'>querum</span> <span class='ocrx_word' id='word_1_180' title='bbox 986 2576 1123 2659; x_wconf 90' lang='lat' dir='ltr'>quilibet</span> <span class='ocrx_word' id='word_1_181' title='bbox 1148 2577 1248 2643; x_wconf 90' lang='lat' dir='ltr'>soluit</span> <span class='ocrx_word' id='word_1_182' title='bbox 1267 2576 1303 2642; x_wconf 91' lang='lat' dir='ltr'>in</span> <span class='ocrx_word' id='word_1_183' title='bbox 1325 2595 1427 2644; x_wconf 88' lang='lat' dir='ltr'>censu</span> <span class='ocrx_word' id='word_1_184' title='bbox 1448 2595 1537 2643; x_wconf 81' lang='lat' dir='ltr'>mnu</span> 
     </span>
     <span class='ocr_line' id='line_1_20' title="bbox 249 2690 1537 2775; baseline -0.002 -15"><span class='ocrx_word' id='word_1_185' title='bbox 249 2712 323 2760; x_wconf 90' lang='lat' dir='ltr'>cum</span> <span class='ocrx_word' id='word_1_186' title='bbox 345 2692 451 2758; x_wconf 90' lang='lat' dir='ltr'>medie</span> <span class='ocrx_word' id='word_1_187' title='bbox 484 2691 626 2758; x_wconf 87' lang='lat' dir='ltr'>fertenes</span> <span class='ocrx_word' id='word_1_188' title='bbox 660 2691 759 2773; x_wconf 85' lang='lat' dir='ltr'>leues,</span> <span class='ocrx_word' id='word_1_189' title='bbox 790 2695 928 2773; x_wconf 86' lang='lat' dir='ltr'>quatuor</span> <span class='ocrx_word' id='word_1_190' title='bbox 956 2695 1064 2757; x_wconf 88' lang='lat' dir='ltr'>tamen</span> <span class='ocrx_word' id='word_1_191' title='bbox 1094 2691 1233 2757; x_wconf 81' lang='lat' dir='ltr'>exclusis</span> <span class='ocrx_word' id='word_1_192' title='bbox 1262 2690 1380 2772; x_wconf 84' lang='lat' dir='ltr'>vineis,</span> <span class='ocrx_word' id='word_1_193' title='bbox 1410 2708 1537 2775; x_wconf 85' lang='lat' dir='ltr'>quarum</span> 
     </span>
     <span class='ocr_line' id='line_1_21' title="bbox 248 2802 1535 2888; baseline -0.001 -16"><span class='ocrx_word' id='word_1_194' title='bbox 248 2810 315 2872; x_wconf 89' lang='lat' dir='ltr'>tres</span> <span class='ocrx_word' id='word_1_195' title='bbox 340 2804 481 2872; x_wconf 89' lang='lat' dir='ltr'>decimas</span> <span class='ocrx_word' id='word_1_196' title='bbox 504 2803 592 2886; x_wconf 85' lang='lat' dir='ltr'>dant,</span> <span class='ocrx_word' id='word_1_197' title='bbox 616 2807 732 2886; x_wconf 83' lang='lat' dir='ltr'>quarta</span> <span class='ocrx_word' id='word_1_198' title='bbox 753 2821 829 2869; x_wconf 84' lang='lat' dir='ltr'>vere</span> <span class='ocrx_word' id='word_1_199' title='bbox 850 2803 993 2869; x_wconf 91' lang='lat' dir='ltr'>medium</span> <span class='ocrx_word' id='word_1_200' title='bbox 1014 2803 1170 2870; x_wconf 86' lang='lat' dir='ltr'>fertonem</span> <span class='ocrx_word' id='word_1_201' title='bbox 1191 2804 1286 2870; x_wconf 67' lang='lat' dir='ltr'>annu</span> <span class='ocrx_word' id='word_1_202' title='bbox 1308 2802 1450 2888; x_wconf 88' lang='lat' dir='ltr'>singulis</span> <span class='ocrx_word' id='word_1_203' title='bbox 1472 2821 1535 2871; x_wconf 87' lang='lat' dir='ltr'>cen·</span> 
     </span>
     <span class='ocr_line' id='line_1_22' title="bbox 249 2916 1533 2999; baseline -0.003 -12"><span class='ocrx_word' id='word_1_204' title='bbox 249 2938 346 2987; x_wconf 87' lang='lat' dir='ltr'>snare</span> <span class='ocrx_word' id='word_1_205' title='bbox 360 2917 540 2998; x_wconf 86' lang='lat' dir='ltr'>consueuit,</span> <span class='ocrx_word' id='word_1_206' title='bbox 563 2916 656 2983; x_wconf 91' lang='lat' dir='ltr'>nebis</span> <span class='ocrx_word' id='word_1_207' title='bbox 671 2917 713 2982; x_wconf 92' lang='lat' dir='ltr'>ad</span> <span class='ocrx_word' id='word_1_208' title='bbox 727 2917 832 2999; x_wconf 90' lang='lat' dir='ltr'>ipsam</span> <span class='ocrx_word' id='word_1_209' title='bbox 855 2917 1020 2983; x_wconf 88' lang='lat' dir='ltr'>ciuitatem</span> <span class='ocrx_word' id='word_1_210' title='bbox 1041 2917 1235 2983; x_wconf 86' lang='lat' dir='ltr'>mensuratis</span> <span class='ocrx_word' id='word_1_211' title='bbox 1257 2922 1291 2983; x_wconf 89' lang='lat' dir='ltr'>ct</span> <span class='ocrx_word' id='word_1_212' title='bbox 1303 2916 1533 2999; x_wconf 82' lang='lat' dir='ltr'>pertinentibus</span> 
     </span>
     <span class='ocr_line' id='line_1_23' title="bbox 249 3030 1532 3115; baseline -0.002 -16"><span class='ocrx_word' id='word_1_213' title='bbox 249 3033 289 3100; x_wconf 88' lang='lat' dir='ltr'>sb</span> <span class='ocrx_word' id='word_1_214' title='bbox 313 3033 456 3115; x_wconf 83' lang='lat' dir='ltr'>antique,</span> <span class='ocrx_word' id='word_1_215' title='bbox 469 3031 680 3097; x_wconf 89' lang='lat' dir='ltr'>communiter</span> <span class='ocrx_word' id='word_1_216' title='bbox 692 3030 810 3113; x_wconf 86' lang='lat' dir='ltr'>viginti</span> <span class='ocrx_word' id='word_1_217' title='bbox 827 3030 906 3097; x_wconf 86' lang='lat' dir='ltr'>duas</span> <span class='ocrx_word' id='word_1_218' title='bbox 921 3049 1055 3112; x_wconf 70' lang='lat' dir='ltr'>inerms,</span> <span class='ocrx_word' id='word_1_219' title='bbox 1080 3030 1313 3114; x_wconf 78' lang='lat' dir='ltr'>quinquaginta</span> <span class='ocrx_word' id='word_1_220' title='bbox 1335 3048 1394 3097; x_wconf 88' lang='lat' dir='ltr'>sex</span> <span class='ocrx_word' id='word_1_221' title='bbox 1415 3046 1532 3115; x_wconf 80' lang='lat' dir='ltr'>gressu</span> 
     </span>
     <span class='ocr_line' id='line_1_24' title="bbox 251 3142 1530 3231; baseline -0.002 -18"><span class='ocrx_word' id='word_1_222' title='bbox 251 3163 425 3231; x_wconf 82' lang='lat' dir='ltr'>pragenses</span> <span class='ocrx_word' id='word_1_223' title='bbox 448 3163 505 3227; x_wconf 92' lang='lat' dir='ltr'>pre</span> <span class='ocrx_word' id='word_1_224' title='bbox 528 3142 659 3208; x_wconf 88' lang='lat' dir='ltr'>marcha</span> <span class='ocrx_word' id='word_1_225' title='bbox 682 3143 904 3225; x_wconf 87' lang='lat' dir='ltr'>computande,</span> <span class='ocrx_word' id='word_1_226' title='bbox 928 3149 962 3209; x_wconf 88' lang='lat' dir='ltr'>ct</span> <span class='ocrx_word' id='word_1_227' title='bbox 982 3162 1079 3209; x_wconf 85' lang='lat' dir='ltr'>vnum</span> <span class='ocrx_word' id='word_1_228' title='bbox 1101 3144 1249 3209; x_wconf 84' lang='lat' dir='ltr'>letenenn</span> <span class='ocrx_word' id='word_1_229' title='bbox 1277 3143 1329 3210; x_wconf 90' lang='lat' dir='ltr'>De</span> <span class='ocrx_word' id='word_1_230' title='bbox 1349 3142 1530 3211; x_wconf 78' lang='lat' dir='ltr'>molendinis</span> 
     </span>
     <span class='ocr_line' id='line_1_25' title="bbox 251 3254 1528 3340; baseline -0.002 -15"><span class='ocrx_word' id='word_1_231' title='bbox 251 3263 359 3326; x_wconf 88' lang='lat' dir='ltr'>antem</span> <span class='ocrx_word' id='word_1_232' title='bbox 382 3277 438 3325; x_wconf 82' lang='lat' dir='ltr'>sex</span> <span class='ocrx_word' id='word_1_233' title='bbox 460 3256 502 3323; x_wconf 93' lang='lat' dir='ltr'>ad</span> <span class='ocrx_word' id='word_1_234' title='bbox 524 3274 582 3322; x_wconf 93' lang='lat' dir='ltr'>nes</span> <span class='ocrx_word' id='word_1_235' title='bbox 607 3259 639 3319; x_wconf 88' lang='lat' dir='ltr'>et</span> <span class='ocrx_word' id='word_1_236' title='bbox 661 3273 863 3321; x_wconf 89' lang='lat' dir='ltr'>successores</span> <span class='ocrx_word' id='word_1_237' title='bbox 886 3260 1013 3323; x_wconf 88' lang='lat' dir='ltr'>nestros</span> <span class='ocrx_word' id='word_1_238' title='bbox 1035 3254 1272 3340; x_wconf 89' lang='lat' dir='ltr'>pertinentibus</span> <span class='ocrx_word' id='word_1_239' title='bbox 1293 3254 1356 3323; x_wconf 83' lang='lat' dir='ltr'>XV</span> <span class='ocrx_word' id='word_1_240' title='bbox 1376 3268 1528 3324; x_wconf 76' lang='lat' dir='ltr'>mensure</span> 
     </span>
     <span class='ocr_line' id='line_1_26' title="bbox 253 3364 1527 3452; baseline -0.002 -13"><span class='ocrx_word' id='word_1_241' title='bbox 253 3372 355 3439; x_wconf 90' lang='lat' dir='ltr'>tritici</span> <span class='ocrx_word' id='word_1_242' title='bbox 385 3375 418 3436; x_wconf 89' lang='lat' dir='ltr'>et</span> <span class='ocrx_word' id='word_1_243' title='bbox 446 3369 581 3436; x_wconf 88' lang='lat' dir='ltr'>tetidem</span> <span class='ocrx_word' id='word_1_244' title='bbox 612 3368 753 3452; x_wconf 86' lang='lat' dir='ltr'>siliginis</span> <span class='ocrx_word' id='word_1_245' title='bbox 784 3373 817 3434; x_wconf 90' lang='lat' dir='ltr'>et</span> <span class='ocrx_word' id='word_1_246' title='bbox 846 3369 962 3452; x_wconf 87' lang='lat' dir='ltr'>viginti</span> <span class='ocrx_word' id='word_1_247' title='bbox 992 3388 1107 3436; x_wconf 89' lang='lat' dir='ltr'>neuem</span> <span class='ocrx_word' id='word_1_248' title='bbox 1136 3386 1265 3452; x_wconf 88' lang='lat' dir='ltr'>gresses</span> <span class='ocrx_word' id='word_1_249' title='bbox 1295 3366 1329 3434; x_wconf 89' lang='lat' dir='ltr'>in</span> <span class='ocrx_word' id='word_1_250' title='bbox 1351 3369 1436 3437; x_wconf 83' lang='lat' dir='ltr'>feste</span> <span class='ocrx_word' id='word_1_251' title='bbox 1455 3364 1527 3436; x_wconf 79' lang='lat' dir='ltr'>beati</span> 
     </span>
     <span class='ocr_line' id='line_1_27' title="bbox 254 3481 1525 3564; baseline -0.005 -13"><span class='ocrx_word' id='word_1_252' title='bbox 254 3485 424 3552; x_wconf 81' lang='lat' dir='ltr'>Michaelis</span> <span class='ocrx_word' id='word_1_253' title='bbox 446 3483 540 3548; x_wconf 88' lang='lat' dir='ltr'>annis</span> <span class='ocrx_word' id='word_1_254' title='bbox 564 3481 702 3564; x_wconf 91' lang='lat' dir='ltr'>singulis</span> <span class='ocrx_word' id='word_1_255' title='bbox 726 3499 841 3547; x_wconf 91' lang='lat' dir='ltr'>census</span> <span class='ocrx_word' id='word_1_256' title='bbox 856 3482 986 3547; x_wconf 90' lang='lat' dir='ltr'>nemine</span> <span class='ocrx_word' id='word_1_257' title='bbox 1001 3483 1127 3549; x_wconf 90' lang='lat' dir='ltr'>seluere</span> <span class='ocrx_word' id='word_1_258' title='bbox 1141 3486 1320 3549; x_wconf 85' lang='lat' dir='ltr'>teneantur.</span> <span class='ocrx_word' id='word_1_259' title='bbox 1343 3483 1452 3551; x_wconf 83' lang='lat' dir='ltr'>Berua</span> <span class='ocrx_word' id='word_1_260' title='bbox 1464 3497 1525 3548; x_wconf 87' lang='lat' dir='ltr'>uere</span> 
     </span>
     <span class='ocr_line' id='line_1_28' title="bbox 253 3592 1525 3683; baseline -0.002 -18"><span class='ocrx_word' id='word_1_261' title='bbox 253 3599 422 3683; x_wconf 88' lang='lat' dir='ltr'>generalis,</span> <span class='ocrx_word' id='word_1_262' title='bbox 454 3598 482 3662; x_wconf 92' lang='lat' dir='ltr'>si</span> <span class='ocrx_word' id='word_1_263' title='bbox 507 3612 570 3680; x_wconf 90' lang='lat' dir='ltr'>qua</span> <span class='ocrx_word' id='word_1_264' title='bbox 591 3613 691 3678; x_wconf 90' lang='lat' dir='ltr'>regno</span> <span class='ocrx_word' id='word_1_265' title='bbox 714 3595 846 3661; x_wconf 88' lang='lat' dir='ltr'>Beemis</span> <span class='ocrx_word' id='word_1_266' title='bbox 875 3595 1028 3677; x_wconf 89' lang='lat' dir='ltr'>impesita</span> <span class='ocrx_word' id='word_1_267' title='bbox 1052 3595 1160 3678; x_wconf 62' lang='lat' dir='ltr'>luerit„</span> <span class='ocrx_word' id='word_1_268' title='bbox 1190 3596 1233 3665; x_wconf 92' lang='lat' dir='ltr'>de</span> <span class='ocrx_word' id='word_1_269' title='bbox 1252 3595 1342 3679; x_wconf 82' lang='lat' dir='ltr'>agris</span> <span class='ocrx_word' id='word_1_270' title='bbox 1364 3592 1525 3664; x_wconf 78' lang='lat' dir='ltr'>ethered</span> 
     </span>
     <span class='ocr_line' id='line_1_29' title="bbox 253 3707 1525 3793; baseline -0.002 -14"><span class='ocrx_word' id='word_1_271' title='bbox 253 3712 374 3779; x_wconf 87' lang='lat' dir='ltr'>tatibus</span> <span class='ocrx_word' id='word_1_272' title='bbox 407 3711 528 3779; x_wconf 90' lang='lat' dir='ltr'>ciuium</span> <span class='ocrx_word' id='word_1_273' title='bbox 558 3709 702 3791; x_wconf 87' lang='lat' dir='ltr'>ipserum</span> <span class='ocrx_word' id='word_1_274' title='bbox 731 3724 789 3790; x_wconf 89' lang='lat' dir='ltr'>per</span> <span class='ocrx_word' id='word_1_275' title='bbox 818 3707 1005 3775; x_wconf 90' lang='lat' dir='ltr'>celleeteres</span> <span class='ocrx_word' id='word_1_276' title='bbox 1035 3708 1077 3773; x_wconf 83' lang='lat' dir='ltr'>ed</span> <span class='ocrx_word' id='word_1_277' title='bbox 1105 3708 1166 3775; x_wconf 91' lang='lat' dir='ltr'>hec</span> <span class='ocrx_word' id='word_1_278' title='bbox 1195 3707 1368 3792; x_wconf 86' lang='lat' dir='ltr'>deputatos</span> <span class='ocrx_word' id='word_1_279' title='bbox 1396 3710 1525 3793; x_wconf 70' lang='lat' dir='ltr'>origen</span> 
     </span>
     <span class='ocr_line' id='line_1_30' title="bbox 254 3820 1525 3907; baseline -0.006 -14"><span class='ocrx_word' id='word_1_280' title='bbox 254 3824 464 3894; x_wconf 86' lang='lat' dir='ltr'>estimaeiene</span> <span class='ocrx_word' id='word_1_281' title='bbox 487 3840 602 3889; x_wconf 90' lang='lat' dir='ltr'>census</span> <span class='ocrx_word' id='word_1_282' title='bbox 624 3840 775 3904; x_wconf 86' lang='lat' dir='ltr'>agrorum</span> <span class='ocrx_word' id='word_1_283' title='bbox 795 3821 977 3902; x_wconf 86' lang='lat' dir='ltr'>eorundem,</span> <span class='ocrx_word' id='word_1_284' title='bbox 1001 3822 1081 3888; x_wconf 86' lang='lat' dir='ltr'>entis</span> <span class='ocrx_word' id='word_1_285' title='bbox 1104 3822 1224 3889; x_wconf 85' lang='lat' dir='ltr'>ciuium</span> <span class='ocrx_word' id='word_1_286' title='bbox 1246 3820 1392 3905; x_wconf 86' lang='lat' dir='ltr'>ipserum</span> <span class='ocrx_word' id='word_1_287' title='bbox 1412 3840 1469 3907; x_wconf 91' lang='lat' dir='ltr'>pre</span> <span class='ocrx_word' id='word_1_288' title='bbox 1488 3836 1525 3886; x_wconf 86' lang='lat' dir='ltr'>se</span> 
     </span>
     <span class='ocr_line' id='line_1_31' title="bbox 253 3935 1525 4020; baseline -0.001 -14"><span class='ocrx_word' id='word_1_289' title='bbox 253 3938 382 4006; x_wconf 90' lang='lat' dir='ltr'>luciene</span> <span class='ocrx_word' id='word_1_290' title='bbox 411 3936 510 4003; x_wconf 87' lang='lat' dir='ltr'>berne</span> <span class='ocrx_word' id='word_1_291' title='bbox 539 3937 723 4019; x_wconf 86' lang='lat' dir='ltr'>specialiter</span> <span class='ocrx_word' id='word_1_292' title='bbox 744 3954 809 4002; x_wconf 93' lang='lat' dir='ltr'>nen</span> <span class='ocrx_word' id='word_1_293' title='bbox 831 3936 975 4018; x_wconf 64' lang='lat' dir='ltr'>geuatis</span> <span class='ocrx_word' id='word_1_294' title='bbox 999 3952 1046 4018; x_wconf 86' lang='lat' dir='ltr'>ee,</span> <span class='ocrx_word' id='word_1_295' title='bbox 1077 3935 1163 4019; x_wconf 94' lang='lat' dir='ltr'>qued</span> <span class='ocrx_word' id='word_1_296' title='bbox 1183 3936 1218 4003; x_wconf 91' lang='lat' dir='ltr'>in</span> <span class='ocrx_word' id='word_1_297' title='bbox 1240 3954 1393 4020; x_wconf 85' lang='lat' dir='ltr'>agrorum</span> <span class='ocrx_word' id='word_1_298' title='bbox 1413 3947 1525 4005; x_wconf 70' lang='lat' dir='ltr'>euentu</span> 
     </span>
     <span class='ocr_line' id='line_1_32' title="bbox 255 4048 1527 4134; baseline -0.004 -16"><span class='ocrx_word' id='word_1_299' title='bbox 255 4058 289 4119; x_wconf 89' lang='lat' dir='ltr'>et</span> <span class='ocrx_word' id='word_1_300' title='bbox 310 4051 454 4121; x_wconf 86' lang='lat' dir='ltr'>ciuitatis</span> <span class='ocrx_word' id='word_1_301' title='bbox 468 4050 628 4118; x_wconf 87' lang='lat' dir='ltr'>mensuris</span> <span class='ocrx_word' id='word_1_302' title='bbox 643 4049 823 4131; x_wconf 89' lang='lat' dir='ltr'>antiquitus</span> <span class='ocrx_word' id='word_1_303' title='bbox 839 4053 915 4115; x_wconf 89' lang='lat' dir='ltr'>sunt</span> <span class='ocrx_word' id='word_1_304' title='bbox 928 4049 1035 4116; x_wconf 86' lang='lat' dir='ltr'>locati.</span> <span class='ocrx_word' id='word_1_305' title='bbox 1057 4048 1220 4132; x_wconf 84' lang='lat' dir='ltr'>Paupsrss</span> <span class='ocrx_word' id='word_1_306' title='bbox 1239 4054 1357 4132; x_wconf 66' lang='lat' dir='ltr'>auten</span> <span class='ocrx_word' id='word_1_307' title='bbox 1380 4048 1527 4134; x_wconf 82' lang='lat' dir='ltr'>eperariee</span> 
     </span>
     <span class='ocr_line' id='line_1_33' title="bbox 255 4161 1568 4246; baseline 0.002 -15"><span class='ocrx_word' id='word_1_308' title='bbox 255 4185 294 4231; x_wconf 91' lang='lat' dir='ltr'>ac</span> <span class='ocrx_word' id='word_1_309' title='bbox 311 4165 393 4231; x_wconf 90' lang='lat' dir='ltr'>alies</span> <span class='ocrx_word' id='word_1_310' title='bbox 409 4164 617 4229; x_wconf 86' lang='lat' dir='ltr'>antedictam</span> <span class='ocrx_word' id='word_1_311' title='bbox 633 4163 798 4228; x_wconf 88' lang='lat' dir='ltr'>ciuitatem</span> <span class='ocrx_word' id='word_1_312' title='bbox 811 4161 991 4228; x_wconf 86' lang='lat' dir='ltr'>residentes</span> <span class='ocrx_word' id='word_1_313' title='bbox 1006 4181 1064 4244; x_wconf 89' lang='lat' dir='ltr'>pre</span> <span class='ocrx_word' id='word_1_314' title='bbox 1079 4181 1126 4243; x_wconf 81' lang='lat' dir='ltr'>ee,</span> <span class='ocrx_word' id='word_1_315' title='bbox 1148 4162 1233 4246; x_wconf 94' lang='lat' dir='ltr'>qued</span> <span class='ocrx_word' id='word_1_316' title='bbox 1247 4162 1400 4231; x_wconf 84' lang='lat' dir='ltr'>collectas</span> <span class='ocrx_word' id='word_1_317' title='bbox 1416 4162 1529 4231; x_wconf 84' lang='lat' dir='ltr'>selnuet</span> <span class='ocrx_word' id='word_1_318' title='bbox 1565 4228 1568 4233; x_wconf 89' lang='lat'>.</span> 
     </span>
     <span class='ocr_line' id='line_1_34' title="bbox 257 4273 1531 4369; baseline -0.003 -24"><span class='ocrx_word' id='word_1_319' title='bbox 257 4297 330 4345; x_wconf 89' lang='lat' dir='ltr'>eum</span> <span class='ocrx_word' id='word_1_320' title='bbox 351 4277 488 4358; x_wconf 89' lang='lat' dir='ltr'>ciuibus,</span> <span class='ocrx_word' id='word_1_321' title='bbox 510 4294 529 4342; x_wconf 90' lang='lat' dir='ltr'>a</span> <span class='ocrx_word' id='word_1_322' title='bbox 553 4275 716 4343; x_wconf 92' lang='lat' dir='ltr'>seluciene</span> <span class='ocrx_word' id='word_1_323' title='bbox 744 4273 843 4341; x_wconf 87' lang='lat' dir='ltr'>berne</span> <span class='ocrx_word' id='word_1_324' title='bbox 871 4274 1021 4369; x_wconf 85' lang='lat' dir='ltr'>duximus</span> <span class='ocrx_word' id='word_1_325' title='bbox 1051 4274 1265 4343; x_wconf 90' lang='lat' dir='ltr'>abseluendes</span> <span class='ocrx_word' id='word_1_326' title='bbox 1287 4280 1320 4342; x_wconf 88' lang='lat' dir='ltr'>st</span> <span class='ocrx_word' id='word_1_327' title='bbox 1341 4276 1531 4346; x_wconf 81' lang='lat' dir='ltr'>decerninus</span> 
     </span>
     <span class='ocr_line' id='line_1_35' title="bbox 257 4385 1575 4474; baseline 0.003 -18"><span class='ocrx_word' id='word_1_328' title='bbox 257 4395 428 4474; x_wconf 87' lang='lat' dir='ltr'>perpetute</span> <span class='ocrx_word' id='word_1_329' title='bbox 450 4389 622 4457; x_wconf 86' lang='lat' dir='ltr'>absolutes.</span> <span class='ocrx_word' id='word_1_330' title='bbox 647 4385 797 4454; x_wconf 84' lang='lat' dir='ltr'>Ceterum</span> <span class='ocrx_word' id='word_1_331' title='bbox 810 4387 995 4454; x_wconf 85' lang='lat' dir='ltr'>molendina</span> <span class='ocrx_word' id='word_1_332' title='bbox 1016 4387 1079 4454; x_wconf 92' lang='lat' dir='ltr'>due</span> <span class='ocrx_word' id='word_1_333' title='bbox 1101 4388 1189 4454; x_wconf 87' lang='lat' dir='ltr'>dicte</span> <span class='ocrx_word' id='word_1_334' title='bbox 1209 4386 1338 4456; x_wconf 84' lang='lat' dir='ltr'>ciuitati</span> <span class='ocrx_word' id='word_1_335' title='bbox 1360 4388 1533 4459; x_wconf 80' lang='lat' dir='ltr'>adiaceneit</span> <span class='ocrx_word' id='word_1_336' title='bbox 1571 4427 1575 4432; x_wconf 90' lang='lat'>·</span> 
     </span>
     <span class='ocr_line' id='line_1_36' title="bbox 260 4473 1575 4589; baseline 0.002 -20"><span class='ocrx_word' id='word_1_337' title='bbox 260 4521 356 4586; x_wconf 91' lang='lat' dir='ltr'>super</span> <span class='ocrx_word' id='word_1_338' title='bbox 377 4502 476 4571; x_wconf 85' lang='lat' dir='ltr'>lluuie</span> <span class='ocrx_word' id='word_1_339' title='bbox 499 4503 611 4588; x_wconf 82' lang='lat' dir='ltr'>Belyn‚</span> <span class='ocrx_word' id='word_1_340' title='bbox 633 4519 769 4584; x_wconf 89' lang='lat' dir='ltr'>querum</span> <span class='ocrx_word' id='word_1_341' title='bbox 790 4520 887 4569; x_wconf 81' lang='lat' dir='ltr'>vnurn</span> <span class='ocrx_word' id='word_1_342' title='bbox 910 4520 975 4584; x_wconf 85' lang='lat' dir='ltr'>ser,</span> <span class='ocrx_word' id='word_1_343' title='bbox 997 4503 1135 4569; x_wconf 84' lang='lat' dir='ltr'>alterum</span> <span class='ocrx_word' id='word_1_344' title='bbox 1156 4519 1234 4569; x_wconf 86' lang='lat' dir='ltr'>uere</span> <span class='ocrx_word' id='word_1_345' title='bbox 1255 4505 1397 4585; x_wconf 67' lang='lat' dir='ltr'>emtuer</span> <span class='ocrx_word' id='word_1_346' title='bbox 1419 4518 1537 4589; x_wconf 64' lang='lat' dir='ltr'>genes</span> <span class='ocrx_word' id='word_1_347' title='bbox 1571 4473 1575 4504; x_wconf 70' lang='lat'><strong>¹</strong></span> 
     </span>
     <span class='ocr_line' id='line_1_37' title="bbox 259 4614 1564 4701; baseline 0.005 -20"><span class='ocrx_word' id='word_1_348' title='bbox 259 4633 433 4699; x_wconf 85' lang='lat' dir='ltr'>pragenses</span> <span class='ocrx_word' id='word_1_349' title='bbox 456 4616 550 4682; x_wconf 90' lang='lat' dir='ltr'>nebis</span> <span class='ocrx_word' id='word_1_350' title='bbox 573 4616 699 4681; x_wconf 90' lang='lat' dir='ltr'>selusre</span> <span class='ocrx_word' id='word_1_351' title='bbox 720 4615 897 4696; x_wconf 85' lang='lat' dir='ltr'>consueuit,</span> <span class='ocrx_word' id='word_1_352' title='bbox 919 4616 1049 4683; x_wconf 86' lang='lat' dir='ltr'>bernam</span> <span class='ocrx_word' id='word_1_353' title='bbox 1065 4634 1137 4682; x_wconf 83' lang='lat' dir='ltr'>curn</span> <span class='ocrx_word' id='word_1_354' title='bbox 1159 4614 1302 4684; x_wconf 83' lang='lat' dir='ltr'>ciuitatis</span> <span class='ocrx_word' id='word_1_355' title='bbox 1329 4617 1438 4701; x_wconf 88' lang='lat' dir='ltr'>ipsius</span> <span class='ocrx_word' id='word_1_356' title='bbox 1458 4620 1564 4687; x_wconf 77' lang='lat' dir='ltr'>bere&#39;</span> 
     </span>
    </p>
   </div>
   <div class='ocr_carea' id='block_1_5' title="bbox 0 0 1593 5378">
    <p class='ocr_par' dir='ltr' id='par_1_5' title="bbox 0 0 1593 5378">
     <span class='ocr_line' id='line_1_38' title="bbox 0 0 1593 5378; baseline 0 0"><span class='ocrx_word' id='word_1_357' title='bbox 0 0 1593 5378; x_wconf 95' lang='lat' dir='ltr'> </span> 
     </span>
    </p>
   </div>
  </div>
 </body>
</html>
