3150 5378
738 405 812 456 mee.
1392 405 1433 471 51

134 612 278 691 testium,
302 611 359 693 qui
381 611 457 677 huic
479 612 587 693 gracie
608 629 667 695 per
684 631 744 679 nos
759 612 843 679 lacte
857 618 1025 695 presentes
1040 613 1184 694 aderant,
1206 613 1430 679 mandauimus

136 725 284 807 sigillari,
317 724 374 806 qui
404 728 481 790 sunt
500 725 564 790 hii:
593 725 740 792 Andreas
766 727 972 806 camerarius,
1002 726 1177 807 lerossius,
1206 726 1366 794 Sulizlaus
1388 727 1428 793 de

136 839 315 918 l'irnom,
338 836 482 918 Hirasso,
504 838 699 920 purgrauius
721 839 762 905 de
785 839 1048 922 Chlingenberch‚
1075 840 1200 919 Petrus,
1231 839 1327 905 iudex
1356 860 1429 923 pro

136 952 243 1017 uincie
264 951 430 1031 Zacensis,
453 951 633 1033 Stephanus
653 952 694 1017 de
708 951 906 1034 Hrussovun,
929 953 1093 1019 Hroanata
1107 953 1148 1018 de
1163 952 1304 1033 Pnitlulr,
1327 953 1429 1019 Theo-

137 1065 243 1130 dricus
266 1062 497 1145 Spazmannus
522 1063 712 1130 Chunradus
737 1066 835 1132 iudex
858 1066 1031 1148 hagensis
1064 1071 1096 1131 et
1126 1084 1221 1148 quam
1244 1066 1352 1149 plures
1374 1068 1431 1133 alii

137 1176 195 1242 ide
217 1177 320 1260 digni.
365 1176 483 1242 Actum
507 1177 610 1260 Prage
639 1195 723 1244 anno
752 1177 874 1245 domini
896 1179 1067 1245 millesimo
1089 1178 1307 1245 ducentesimo
1339 1198 1429 1246 sexa-

140 1292 255 1372 gesimo
287 1295 389 1370 sexto,
419 1289 465 1355 IX
493 1290 682 1357 indiccione.
729 1293 846 1357 Datum
875 1292 994 1357 ibidem
1015 1290 1078 1357 111⁰
1098 1292 1253 1357 kalendas
1279 1292 1428 1359 Januarii

140 1421 189 1483 per
215 1422 333 1469 manus
354 1404 582 1486 magistrorum
606 1404 694 1469 Petri
718 1408 751 1470 et
774 1403 875 1471 Vinici
898 1406 1086 1471 dilectorum
1115 1404 1427 1486 prothonotariorum

144 1521 331 1597 nostrorum,
354 1516 447 1599 regni
468 1518 570 1582 nostri
596 1535 680 1582 anno
703 1519 824 1600 quinto.

232 1687 360 1743 ramum
386 1687 474 1744 kniha
498 1705 532 1742 m.
551 1671 635 1743 Zatce
652 1705 701 1743 zr.
723 1693 788 1743 1383
815 1705 852 1745 na
877 1689 942 1745 listn
965 1691 1005 1743 'lb
1031 1706 1065 1744 za
1091 1690 1230 1761 ntpisem:
1260 1689 1425 1756 „Ottakarus

142 1798 217 1853 nuper
231 1783 352 1838 diemde
370 1783 470 1854 graciis
488 1784 592 1840 ciuitati
611 1783 727 1840 Zacensi
747 1784 853 1840 scotist
881 1816 914 1824 -
940 1783 992 1840 Dle
1009 1785 1093 1856 kopie
1116 1785 1265 1840 zemskeho
1286 1785 1354 1855 rady
1371 1785 1425 1855 Ry-

145 1877 225 1960 lickp
240 1878 376 1947 urelejnil
402 1879 503 1947 Emlcr,
528 1878 651 1949 segesta
668 1880 702 1935 IL
729 1878 831 1947 boel,
856 1878 927 1935 ledet
950 1881 1017 1949 ison
1044 1885 1102 1950 tyto
1127 1879 1276 1951 odchylky:
1307 1883 1327 1950 ¹)
1345 1880 1424 1936 Zacz.

146 1972 380 2045 'localemque
408 1974 604 2044 &conuenire
631 1977 653 2043 ⁴)
671 1975 802 2045 waybost.
831 1975 850 2044 ³)
868 1975 1030 2031 retardetur.
1052 1977 1073 2044 ⁶)
1092 1974 1265 2046 impediatur.
1284 2007 1317 2016 -
1335 1977 1424 2031 Schle

147 2068 231 2138 ringer,
248 2069 475 2127 Urlrundenbuch
491 2069 542 2126 der
559 2069 638 2127 Stadt
655 2071 723 2127 Saue
742 2070 764 2127 'e
783 2076 826 2138 ³1,
852 2070 924 2127 kded
945 2071 1015 2140 Jako
1039 2088 1058 2126 u
1080 2071 1191 2129 Emlcra
1211 2073 1327 2143 omylem
1345 2073 1423 2129 deto-

148 2167 205 2220 rino
222 2166 277 2221 kr.
296 2171 373 2221 12⁶6.

710 2341 775 2426 Cis.
800 2359 850 2427 17.

507 2532 604 2612 1266,
625 2531 648 2600 4
669 2531 823 2602 kvbtna.
846 2534 879 2602 V
902 2532 1040 2601 Olrebu.

89 2722 91 2751 ³
151 2701 213 2773 nd
242 2707 391 2790 Piempsl
424 2704 547 2772 bracar
579 2707 620 2771 ΙΙ
641 2709 788 2791 acvomjc
821 2728 863 2783 sc,
885 2706 919 2772 dc
951 2706 1030 2773 bade
1063 2706 1276 2774 scabiosam
1308 2710 1421 2776 scobod

89 2820 92 2863 :
149 2836 163 2880 a
172 2821 262 2902 prdo,
287 2823 342 2905 jori
362 2819 489 2887 eratne
521 2841 542 2885 a
570 2821 708 2888 cicaiovc'
737 2804 856 2887 bosa
884 2822 1061 2886 meracam
1091 2817 1265 2904 Cbabsbp‘m
1297 2822 1418 2899 addidi,

147 2930 217 3006 illei
236 2935 252 2999 ι’
272 2936 307 3000 ἑο
327 2932 465 3000 ambo
478 2936 514 3016 jc
529 2934 587 3016 pr'c'
604 2933 708 3001 lecal
720 2935 785 3018 jon
800 2932 1041 3019 propbjdcapcb.
1065 2934 1183 2998 Kromd
1195 2933 1265 2998 tobo
1281 2934 1347 3000 &at
1354 2935 1418 3018 jim

146 3046 241 3124 aba,
263 3048 299 3113 ic
320 3046 433 3112 nmboa
461 3047 613 3113 scobodad
631 3047 694 3131 jett'
714 3069 747 3114 sc
774 3049 890 3113 abodtm
919 3070 941 3114 a
961 3045 1135 3129 brcpectotm
1158 3067 1203 3128 po
1224 3049 1308 3112 odora
1339 3045 1412 3112 broi-

142 3155 238 3227 breim
251 3141 379 3228 &eskino
401 3184 422 3226 a
438 3182 482 3244 po
503 3159 592 3227 ccccl
604 3160 721 3229 mccl
742 3159 945 3246 cbrojc'ndcb
958 3161 1048 3244 jcma
1056 3158 1247 3244 poddoap‘cb
1268 3160 1320 3225 oea
1336 3161 1411 3242 pla-

141 3275 198 3339 ccai
214 3276 265 3342 cla
288 3274 347 3340 acb
367 3276 504 3358 capella,
527 3297 549 3339 a
569 3275 603 3341 tc
623 3277 719 3360 napta
740 3297 761 3341 a
776 3275 871 3359 plotp
892 3295 932 3341 cc
947 3274 1094 3359 pravoop
1106 3274 1250 3342 occludat
1272 3296 1294 3340 o
1315 3293 1412 3341 anooa

505 3388 680 3472 cpmyilcae‘
701 3389 783 3473 maji
803 3389 869 3474 opti
890 3392 1031 3472 Μέσην.

223 3565 260 3630 In
285 3564 415 3628 nomine
437 3564 558 3629 domini
582 3582 682 3628 amen.
706 3563 772 3630 Nos
798 3563 936 3630 Ottakus
961 3565 1021 3646 (sic
1030 3564 1051 3647 1)
1077 3564 1128 3629 dei
1151 3563 1261 3645 gracia
1283 3563 1415 3631 Boomie

135 3693 189 3757 rex,
209 3678 274 3742 dux
290 3676 423 3741 Austrie
445 3682 478 3742 et
499 3677 596 3743 Stiria
610 3696 648 3746 ac
670 3677 811 3743 marchio
827 3678 979 3744 lloravic.
997 3677 1153 3744 Omnibus
1168 3678 1411 3759 imperpetuum.

136 3789 178 3853 dd
197 3790 383 3856 memoriam
412 3795 575 3871 gestorum
608 3790 765 3873 regalium
795 3791 950 3873 exemptis
981 3791 1234 3872 calumpniarum
1263 3810 1412 3873 quarum-

136 3900 202 3968 libet
233 3903 418 3985 schrupulis
451 3909 607 3985 perpetuo
638 3904 871 3969 obseruandum
911 3904 1058 3986 expedit,
1096 3909 1133 3968 ut
1172 3903 1283 3969 eadem
1322 3905 1412 3970 iuxta

135 4018 388 4082 consuetudinem
419 4018 626 4100 approbatam
653 4018 831 4100 antiquitus
854 4024 886 4082 et
918 4018 1082 4083 inductam
1105 4018 1335 4099 scripturarum
1358 4039 1411 4084 vo-

136 4128 246 4196 cabulis
276 4132 506 4213 mancipentur.
530 4131 615 4200 Hinc
638 4137 695 4212 est,
719 4132 804 4213 quod
827 4133 910 4197 sciro
934 4133 1078 4197 volumus
1102 4120 1269 4196 uniuersos
1292 4137 1324 4196 et
1347 4132 1411 4197 sin·

135 4242 223 4322 cnon,
252 4250 319 4310 tam
348 4250 492 4327 posteros
515 4265 609 4328 quam
638 4251 812 4328 presentes,
846 4246 932 4328 qnod
961 4244 1108 4310 fidelibus
1131 4246 1250 4310 nostris
1284 4245 1409 4311 ciuibus

136 4352 319 4435 Egrensibus
354 4359 514 4424 vniuersis
547 4378 655 4425 omnes
689 4359 853 4425 libertates
884 4364 917 4424 et
943 4360 1028 4442 jura,
1063 4359 1178 4441 quibus
1212 4359 1409 4440 temporibus

136 4465 234 4536 inclite
254 4472 490 4538 recordacionis
525 4473 752 4554 imperatorum
773 4490 948 4555 regumque
976 4473 1192 4538 Romanorum
1221 4475 1254 4538 et
1275 4478 1408 4539 actenus

133 4587 199 4646 sunt
208 4585 320 4664 ganisi,
336 4602 400 4666 que
422 4590 454 4649 et
469 4590 604 4666 possunt
616 4586 857 4652 racionabiliter
879 4586 1023 4666 edoceo,
1041 4585 1243 4652 inmutabilia
1260 4588 1406 4654 volumus

1218 4715 1251 4767 4*
