3098 5392
1280 446 1343 515 295

148 658 227 728 Orig·
244 672 322 727 perg.
340 654 512 710 vnarodnlm
525 669 648 711 museum
655 654 811 710 Peitslsem.
830 653 971 709 Suisutou
989 650 1079 722 pedeti
1091 651 1266 708 kralovslsou
1277 653 1344 707 udco

46 755 204 810 olamanom
224 753 298 823 Orig.
316 758 364 807 ten
381 750 428 821 byl
445 750 553 821 druhdy
570 751 711 807 varchisu
730 768 764 805 m.
782 749 939 819 Budejosic,
958 748 1066 804 odlsudl
1085 747 1156 804 zvld
1176 749 1299 804 archivii
1317 748 1342 802 J.

49 852 141 905 Erben
160 849 244 920 kopii
262 847 390 914 zhotovil
412 847 458 915 jei
476 863 506 902 sc
525 847 612 902 chosat
628 865 645 902 v
663 846 837 918 diplomatdli
855 830 981 901 &eskeho
999 861 1104 900 musea
1123 875 1157 886 -
1173 845 1273 911 Emlen
1290 844 1343 900 Re-

50 952 123 1015 gesta
134 943 216 1000 Ni.
226 949 282 999 186.
291 943 485 998 -Sobsahem
495 946 553 999 teto
563 944 666 1015 vysady
677 944 746 1000 suad
757 943 860 999 souusl
870 946 981 998 suesenl
991 941 1246 1010 obeeBudejovicke
1255 959 1282 995 ze
1294 943 1344 994 dae

53 1048 65 1093 l
81 1060 169 1108 apua
187 1041 229 1107 (ia
248 1040 393 1094 udaiamlo
408 1041 493 1094 coacti
503 1041 575 1094 Petri
586 1043 707 1108 apostoli)
719 1044 790 1095 1334
801 1039 875 1110 proti
888 1038 1031 1094 ruliteldm
1043 1040 1111 1109 pras
1123 1038 1198 1105 obce,
1210 1053 1227 1090 v
1239 1037 1344 1091 herem

52 1136 200 1204 ,chriam
216 1134 313 1204 judex,
339 1135 479 1204 missali,
506 1143 538 1192 10
555 1136 631 1193 ciues
650 1143 780 1208 exparte
799 1135 1000 1192 communitatis
1025 1133 1105 1191 electi
1130 1139 1159 1188 et
1177 1133 1244 1201 (ulii)
1268 1132 1343 1188 ciues

50 1232 268 1303 inBudywoys“
292 1230 426 1301 pllsahou
451 1246 482 1287 se
505 1231 640 1288 anomali:
668 1231 756 1302 „quod
776 1232 800 1288 ai
814 1232 879 1301 jura
902 1237 998 1289 uostm
1015 1230 1050 1288 ab
1069 1230 1181 1299 antiquo
1205 1227 1299 1285 habita
1316 1233 1345 1282 et
1383 1293 1385 1297 ¹

50 1329 124 1383 uobis
144 1345 163 1383 a
181 1327 356 1399 principibus
374 1327 441 1385 data
459 1332 487 1382 et
498 1326 615 1398 publicis
633 1327 822 1384 instrumentis
841 1328 1002 1384 confirmata
1014 1333 1041 1383 et
1052 1326 1141 1381 adhuc
1159 1322 1345 1380 confirmanda

50 1423 146 1493 aliquis
165 1423 253 1477 vellet
270 1421 420 1492 infringere
436 1422 481 1476 vel
498 1422 654 1493 aliqualiter
670 1422 781 1490 violare,
798 1423 843 1478 vel
855 1423 939 1478 eciam
952 1423 975 1479 si
988 1422 1087 1492 aliquis
1100 1437 1152 1478 nos
1164 1422 1207 1477 vel
1225 1421 1343 1491 aliquem

51 1535 80 1573 ex
97 1518 181 1575 nobis
201 1518 231 1571 in
249 1517 364 1572 ciuitate
386 1523 483 1574 nostra
499 1518 528 1572 in
546 1518 628 1573 rebus
646 1525 695 1573 aut
718 1518 843 1588 personis
861 1518 944 1573 vellet
968 1523 1064 1573 contra
1085 1516 1226 1585 iusticiam
1251 1531 1344 1586 aggra-

51 1629 121 1682 uare‚
147 1619 253 1668 extunc
271 1628 322 1667 nos
342 1612 442 1682 singuli
459 1619 488 1667 et
505 1612 682 1683 singulariter
699 1597 820 1670 uniuersi
844 1614 922 1670 iuxta
946 1613 1101 1684 potenciam
1119 1613 1217 1668 virium
1237 1618 1344 1668 nostra-

51 1726 105 1765 rum
125 1709 162 1765 ad
181 1709 237 1765 hoc
256 1715 431 1779 aggregatam
456 1715 538 1778 atque
562 1725 646 1780 posse
671 1724 752 1780 opem
771 1717 799 1764 et
822 1725 932 1780 operam
951 1709 1056 1766 adhoc
1080 1707 1147 1765 dare
1170 1708 1344 1779 promisimus

53 1812 77 1861 et
92 1806 296 1877 promittimus,
314 1811 343 1860 vt
355 1805 429 1862 dicta
440 1805 501 1861 iura
512 1810 607 1861 nostre
625 1806 744 1862 ciuitatis
761 1806 841 1862 illesa
858 1791 1019 1877 permanere
1037 1805 1157 1862 debeant
1175 1810 1203 1860 et
1220 1804 1345 1861 obtinere

51 1902 217 1973 iusingulis
235 1902 295 1958 suis
314 1900 435 1957 articulis
454 1901 498 1956 sui
515 1901 622 1957 roboris
640 1901 821 1958 firmitatem.“
849 1902 874 1956 Κ
893 1908 997 1959 tomuto
1017 1904 1130 1959 snesenl
1145 1901 1203 1972 palr
1221 1898 1342 1957 dolotili:

53 2000 92 2065 „Si
108 1999 193 2054 alicui
213 1997 250 2052 de
268 1997 374 2052 ciuitas
387 2003 415 2051 st
427 1996 523 2052 incolis
541 2001 636 2051 nostre
654 1996 782 2064 ciuitatis,
802 1996 875 2067 quod
889 1998 969 2064 absit,
988 2014 1039 2068 per
1050 2011 1240 2068 quamcunque
1257 1995 1342 2052 hosti-

54 2093 156 2150 litatem
176 2109 231 2151 seu
248 2093 370 2148 hostium
387 2093 490 2148 rabiem
509 2092 612 2163 aliquid
630 2093 807 2149 aduersitatis
827 2109 876 2149 seu
894 2094 1008 2164 periculi
1027 2109 1156 2150 excausa
1167 2093 1257 2148 minus
1269 2092 1344 2148 iusta

57 2194 213 2261 emergeret,
243 2194 345 2245 extunc
368 2187 469 2258 singuli
491 2204 558 2244 sera
580 2187 634 2243 fide
657 2195 782 2244 tenemur
802 2188 1017 2247 illisubsidium
1040 2205 1090 2261 pro
1115 2189 1217 2247 noscis
1240 2188 1343 2244 visibus

56 2295 176 2358 prestare
200 2287 286 2342 rebus
314 2287 418 2357 pariter
442 2291 471 2342 et
494 2285 629 2357 personis.
664 2285 783 2356 Insuper
806 2284 986 2355 adiungimus,
1013 2285 1119 2356 siquid
1138 2285 1224 2354 jurati
1248 2300 1342 2356 supra-

59 2384 146 2455 scripti
164 2400 217 2455 pro
237 2382 375 2438 communi
392 2382 464 2439 bono
483 2382 603 2438 ciuitatis
621 2389 715 2438 nostre
737 2381 858 2453 predicte
880 2381 994 2438 iecerint
1011 2382 1054 2437 val
1070 2381 1268 2448 ordinaueriut,
1291 2382 1343 2437 hoc
1441 2437 1443 2440 ,

59 2494 115 2544 ¹asse
131 2479 214 2536 debet
233 2487 262 2535 st
280 2484 325 2536 est
343 2479 378 2533 de
394 2480 477 2559 uerbo
495 2485 621 2540 nostrum
640 2479 759 2535 omnium
772 2485 854 2549 atque
868 2494 944 2535 mera
955 2479 1119 2535 voluntate.“
1139 2477 1223 2548 (Orig.
1241 2478 1342 2533 varch.

64 2590 93 2629 m
107 2575 264 2645 smejovic
282 2606 319 2617 -
337 2575 438 2644 Emlen
454 2575 574 2646 Regesta
591 2575 638 2631 IV.
656 2574 678 2630 d
698 2578 750 2644 ⁷1.)

600 2857 705 2940 *dos
731 2873 802 2941 sos.

474 3045 572 3125 1335,
595 3046 615 3114 l
639 3046 727 3115 zali.
750 3047 783 3115 V
798 3044 927 3114 Praze.

81 3214 141 3288 stt
160 3223 228 3291 Jaa
260 3222 448 3306 astcawaeje
479 3224 596 3304 opilari,
629 3223 662 3288 ie
693 3242 727 3288 se
754 3220 809 3286 mei
837 3218 967 3284 amisti
995 3216 1109 3282 Kolicd
1138 3215 1204 3280 aad
1225 3216 1342 3280 chem

80 3348 134 3398 aaa
156 3333 362 3419 Barlolomdja‘
375 3334 504 3418 adsela(
527 3334 579 3399 tra
595 3353 640 3417 po
655 3333 792 3400 diradcte
817 3333 876 3397 dot
888 3329 1043 3415 odbyvcta',
1066 3350 1087 3393 a
1101 3328 1134 3395 de
1142 3348 1186 3412 po
1201 3329 1255 3394 dos
1267 3327 1341 3411 jaloe

80 3446 166 3514 tatas
184 3447 288 3535 Ιεαὶάᾔ
308 3448 396 3515 mdia
417 3447 571 3514 soodedae
590 3447 628 3512 do
649 3450 750 3513 mesta
764 3444 941 3529 pe'a‘clcimti
962 3464 983 3509 c
1006 3442 1114 3510 aadlm
1136 3441 1294 3509 odcidaeti
1309 3463 1342 3508 se

532 3561 648 3628 aboiim
669 3562 682 3625 i
703 3560 754 3626 bea
775 3558 862 3626 neto.

160 3734 325 3806 iohannes
347 3736 400 3803 dei
422 3737 532 3819 gracia
554 3736 685 3804 Boemie
706 3754 762 3802 rex
784 3755 822 3802 ac
843 3732 1129 3816 Lucemburgensis
1152 3748 1266 3799 comes.
1290 3731 1341 3797 Ad

73 3851 288 3934 aduersorum,
311 3856 378 3918 tam
399 3850 601 3934 presencium
623 3869 717 3934 quam
738 3849 926 3929 futurorum,
951 3846 1101 3913 noticiam
1127 3847 1272 3913 volumus
1294 3851 1340 3936 te

70 3980 136 4032 noro
168 3965 370 4049 presencium
403 3965 581 4047 peruenire,
616 3965 699 4045 quod
733 3983 798 4038 nos,
824 3961 981 4041 affectum,
1014 3979 1107 4045 quem
1136 3960 1178 4025 ad
1207 3960 1340 4042 dilectos

63 4077 148 4146 nobis
171 4080 261 4146 ciues
277 4079 420 4145 ciuitatis
435 4083 545 4144 nostre
560 4076 693 4144 Colonia
706 4095 803 4160 super
818 4075 920 4142 Albea
942 4080 974 4141 ct
995 4074 1036 4139 ad
1059 4074 1223 4141 ciuitatem
1236 4073 1340 4156 ipsam

59 4199 165 4260 nostra
186 4192 271 4276 gerit
292 4190 485 4275 benignitas,
508 4191 673 4273 cupientes
687 4208 745 4281 per
760 4189 1018 4281 procuracionem
1033 4188 1182 4253 utilitatis
1196 4187 1340 4268 ipsorum

56 4306 226 4374 ostendere
247 4307 282 4371 in
298 4303 423 4387 ellectu,
447 4304 626 4385 statuimus,
650 4291 833 4370 ordinamus
857 4308 889 4368 et
911 4302 1109 4384 disponimus
1124 4302 1184 4366 hoe
1197 4303 1339 4383 presenti

49 4428 163 4490 nostro
186 4421 292 4487 edicto
316 4419 522 4501 perhenniter
543 4419 690 4499 valituro,
720 4423 756 4482 vt
776 4418 810 4482 in
832 4418 904 4499 ipsa
934 4416 1065 4481 ciuitate
1087 4415 1223 4498 singulis
1245 4415 1338 4480 annis

48 4538 84 4604 in
106 4536 192 4603 festo
214 4534 301 4601 beati
325 4532 542 4599 Bartholomei
573 4533 710 4614 apostoli
733 4532 875 4612 proxime
891 4549 974 4596 nunc
990 4533 1124 4595 uenturo
1145 4528 1337 4612 incipiendo,

46 4669 108 4734 per
128 4648 378 4731 quatuordecim
401 4646 471 4713 dies
494 4647 662 4713 continuos
685 4645 827 4711 nundine
849 4663 907 4711 seu
928 4645 1032 4710 forum
1054 4644 1191 4711 aunume
1212 4643 1246 4707 iu
1267 4660 1338 4724 pcr-
