3098 5392
667 435 743 489 Μ
1288 435 1352 502 601

59 643 236 723 minorato,
269 642 354 726 quod
389 645 585 710 constitutus
614 645 647 711 in
676 645 857 710 maiestatis
887 649 996 711 nostre
1026 644 1193 725 presencia
1217 643 1354 709 dilectus

60 755 155 823 nobis
180 754 410 839 christoforus,
442 762 539 823 natus
571 757 648 825 olim
678 757 834 838 Goczlini,
867 754 1027 840 quondam
1056 755 1178 840 judicis
1211 755 1355 822 ciuitatis

61 875 174 936 nostre
219 868 420 936 Coloniensis
464 889 562 953 snper
601 870 712 950 Albos,
752 869 858 937 fidelis
898 867 1024 949 noster,
1066 867 1159 934 nobis
1198 870 1355 951 exposuit

58 983 148 1066 quod
182 982 252 1064 ipse
276 983 437 1067 judicium
466 984 611 1050 eiusdem
642 983 786 1049 ciuitatis
816 983 933 1050 dilecto
974 981 1067 1048 nobis
1100 979 1234 1047 Nicolao
1267 980 1355 1048 dicto

59 1095 349 1179 Prukenmeyster,
391 1097 457 1163 ciui
494 1095 639 1163 eiusdem
677 1096 830 1176 ciuitatis,
868 1100 901 1161 et
938 1093 1109 1161 heredibus
1151 1113 1189 1160 ac
1229 1111 1355 1161 succes·

58 1208 190 1274 soribus
214 1210 281 1274 suis
304 1229 361 1291 pro
386 1212 484 1276 certis
506 1210 715 1300 pecuniarum
737 1211 871 1277 summis
890 1207 1132 1276 racionabiliter
1146 1206 1355 1286 vendidisset,

59 1321 251 1403 supplicans
283 1322 386 1402 nobis,
420 1327 455 1388 vt
485 1323 604 1390 dictam
634 1323 855 1390 vendicionem
884 1321 1075 1389 auctoritate
1103 1321 1194 1403 regia
1223 1320 1356 1387 Boemie

59 1434 252 1516 approbare,
283 1433 445 1502 ratificare
475 1442 508 1502 et
537 1435 725 1503 confirmare
750 1436 956 1518 dignaremur
985 1435 1138 1517 graciose.
1183 1431 1251 1499 Noe
1280 1451 1355 1499 vero

58 1565 179 1630 puram
213 1547 308 1614 iidem
341 1554 374 1615 et
406 1550 615 1617 deuocionem
649 1550 816 1630 sinceram,
850 1549 966 1631 quibus
1000 1547 1106 1614 dictus
1137 1544 1356 1614 christoforus

61 1660 159 1726 nobis
183 1666 216 1726 et
237 1680 336 1744 regno
365 1668 475 1728 nostro
505 1662 637 1728 Boemie
666 1661 889 1744 multipliciter
918 1661 1083 1742 hucusque
1111 1658 1303 1740 complacuit
1324 1663 1357 1723 et

61 1774 98 1839 in
115 1772 259 1839 futurum
275 1775 386 1840 vtilius
405 1775 525 1857 poterit
546 1775 755 1857 complacere,
776 1772 998 1840 fauorabiliter
1020 1772 1255 1855 perpendentes
1274 1771 1355 1836 etin

56 1905 197 1953 examen
219 1888 353 1970 proinde
375 1888 599 1954 meditacionis
627 1889 773 1971 graciose
802 1887 1008 1967 adducentes,
1031 1886 1137 1951 animo
1168 1883 1353 1965 deliberato,

55 2019 126 2066 non
149 2019 206 2081 per
228 2018 368 2066 errorem
391 2006 448 2066 aut
468 2000 658 2083 improuide,
682 1999 739 2066 sed
762 1999 802 2065 de
825 2005 911 2065 certa
937 2004 1048 2065 nostra
1071 1997 1221 2077 sciencia,
1244 2002 1353 2063 aucto·

56 2114 161 2178 ritate
183 2114 273 2195 regia
295 2113 428 2180 Boemie
452 2113 571 2181 dictam
598 2114 819 2179 vendicionem
848 2112 1071 2195 approbamus,
1101 2110 1298 2177 ratificamus
1322 2114 1355 2175 et

57 2224 125 2290 sub
153 2224 370 2307 infrascriptis
400 2226 641 2292 condicionibus
667 2226 867 2309 benignitate
889 2226 985 2291 solita
1008 2230 1041 2291 et
1062 2243 1100 2291 cx
1123 2226 1234 2291 innata
1262 2221 1355 2290 nobis

59 2337 198 2421 pietatis
229 2338 402 2405 clemencia
435 2339 614 2422 graciosins
639 2337 878 2405 confirmamus:
916 2356 954 2403 eo
986 2337 1091 2419 modo,
1129 2336 1214 2418 quod
1248 2336 1354 2403 dictus

55 2451 227 2532 Nicolaus,
250 2451 385 2517 heredes
409 2456 441 2516 et
463 2469 665 2518 successores
688 2451 739 2517 eui
759 2451 912 2531 uniuersi,
934 2448 1265 2533 prelatumjudicium
1280 2468 1352 2514 cum

61 2564 213 2632 omnibus
237 2565 306 2631 suis
328 2563 538 2646 prodentibus
561 2562 678 2630 abinde
699 2581 787 2630 more
810 2563 904 2629 solito
928 2563 969 2627 de
990 2562 1151 2628 uniuersis
1171 2562 1279 2628 causis
1301 2562 1356 2627 de·

57 2676 256 2758 riuantibus
290 2677 432 2759 exceptis
465 2675 568 2742 tribus
600 2677 705 2742 causis
739 2674 970 2755 criminalibus,
1006 2673 1131 2740 scilicet
1163 2673 1356 2755 homicidiis,

56 2809 186 2857 necnon
220 2791 353 2856 secretis
384 2790 456 2856 siue
485 2789 660 2856 mortiferis
690 2788 849 2855 incendiis
878 2794 977 2872 atque
1007 2788 1140 2871 stupris,
1172 2788 1207 2853 in
1237 2788 1355 2871 quibus

59 2903 157 2970 nobis
180 2909 236 2969 ant
259 2922 382 2969 camere
406 2909 515 2969 nostre
536 2904 637 2985 regali
660 2902 793 2969 Boemie
816 2901 896 2991 duos
923 2900 1072 2967 denarios
1104 2900 1198 2967 debet
1226 2920 1356 2984 presen-

63 3025 137 3084 tare
160 3023 192 3082 et
214 3019 349 3083 tercium
372 3017 540 3083 denarium
562 3036 619 3099 pro
643 3017 711 3082 suis
735 3015 845 3081 vsibus
864 3032 1049 3093 reseruare3
1076 3014 1154 3080 item
1175 3015 1355 3098 hospicium

62 3150 169 3209 sunm,
192 3129 277 3213 quod
301 3128 434 3195 Colonie
464 3128 632 3208 inhabitat,
655 3132 688 3193 et
711 3128 929 3210 depositurum
951 3129 1088 3193 allecum
1110 3133 1142 3193 et
1163 3129 1301 3210 piscium
1324 3134 1358 3194 et

63 3244 97 3308 in
133 3242 203 3309 foro
233 3242 413 3309 custodiam
442 3244 661 3308 nocturnalem
694 3261 817 3308 necnon
850 3247 1041 3323 prouentum
1075 3244 1193 3306 statere
1225 3240 1356 3323 plumbi,

63 3356 93 3422 si
111 3374 175 3436 qna
196 3355 241 3421 ibi
265 3356 336 3437 erit,
367 3357 524 3440 simulque
547 3356 657 3422 decem
680 3374 810 3422 scamna
831 3374 950 3437 panum
972 3360 1006 3420 et
1027 3354 1091 3420 duo
1113 3354 1265 3420 maccella
1287 3373 1356 3420 car·

61 3471 154 3534 nium
177 3469 211 3533 in
234 3470 376 3551 ciuitate,
399 3488 437 3536 ac
460 3471 562 3535 eciam
584 3488 681 3535 vnum
705 3470 876 3535 sertorium
899 3475 932 3533 et
953 3488 1050 3533 vnum
1071 3467 1306 3534 braseatorium
1321 3469 1355 3533 in

63 3581 218 3648 suburbio
251 3583 412 3661 ciuitatis;
449 3582 536 3663 item,
573 3588 662 3648 extra
693 3582 858 3648 ciuitatem
888 3586 1025 3665 quatuor
1054 3582 1164 3647 laneos
1197 3580 1237 3647 ab
1271 3581 1357 3647 omni

64 3713 193 3776 censue,
217 3695 349 3761 collecte
372 3696 541 3778 generalis,
565 3700 674 3760 eteure
697 3714 753 3760 seu
775 3695 874 3761 berne
893 3695 1027 3776 angaria
1041 3694 1159 3760 liberos
1176 3693 1357 3760 omnimode

61 3815 96 3875 et
120 3813 293 3890 exemptos,
317 3827 379 3873 vna
401 3826 473 3874 cnm
496 3808 619 3873 duabus
643 3808 777 3889 piscinis
801 3827 838 3874 ac
861 3807 985 3873 duobus
1008 3807 1201 3873 molendinis
1224 3807 1356 3873 invilla

62 3921 197 3988 Czitem
228 3922 356 3987 situatis
380 3928 413 3987 et
434 3923 630 4005 piscaturam
653 3923 686 3986 in
709 3922 810 3987 Albea
832 3921 872 3987 ab
895 3921 1060 3989 obstaculo
1091 3921 1181 3987 curio
1203 3922 1357 4002 Quantini

61 4037 138 4103 siue
161 4036 346 4116 molendini,
378 4036 462 4118 quod
490 4035 691 4117 Chrebern*)
715 4036 844 4116 dicitur,
879 4055 980 4118 vsque
1009 4035 1042 4100 in
1066 4035 1242 4116 Antiquam
1265 4034 1358 4101 Colo·

61 4151 164 4230 niam,
187 4147 241 4214 vbi
264 4149 362 4232 godes
386 4149 530 4216 eiusdem
552 4149 741 4215 hereditatis
765 4150 833 4214 suis
856 4148 1014 4214 limitibus
1036 4147 1298 4231 distinguuntur;
1326 4153 1358 4214 et

52 4262 221 4348 judicium
243 4263 277 4327 in
300 4262 442 4343 Antiqua
466 4260 599 4328 Colonia
621 4282 692 4327 eum
714 4262 887 4339 thaberna3
918 4260 1005 4341 item,
1029 4260 1092 4327 dno
1115 4259 1237 4342 rubeta,
1261 4280 1357 4326 vnum

57 4397 102 4444 ex
125 4375 192 4441 alia
213 4381 306 4458 parte
327 4375 427 4440 Albee
457 4375 579 4441 dictum
601 4375 732 4458 Hoynik
763 4381 796 4440 et
826 4374 914 4439 aliud
944 4393 982 4439 ex
1013 4375 1077 4439 ista
1106 4379 1197 4456 porte
1219 4374 1359 4440 Rodlant

169 4611 195 4678 *)
214 4607 275 4661 Nad
294 4612 341 4660 tim
360 4611 580 4676 poznamenrino:
599 4608 731 4675 linavary.
