3098 5392
206 407 270 470 922
590 442 592 447 ,
823 411 897 460 1399.

204 616 334 680 valeant
363 633 422 695 pro
452 616 613 680 communi
644 616 787 680 transitu
823 615 973 682 affuturis
1007 617 1206 699 temporibus
1240 618 1449 685 duraturum.
1470 658 1510 667 —

204 729 324 794 Datum
357 729 390 793 in
426 727 582 794 Rudissin
619 747 703 795 anno
738 729 861 795 domini
895 729 1066 796 millesimo
1104 732 1338 798 trecentesimo
1381 752 1510 817 serage

205 841 286 907 simo
320 846 444 923 quarto,
480 842 663 910 indiccione
693 843 843 924 secunda,
874 842 951 909 XVI
979 843 1135 910 kalendas
1165 843 1300 927 Maii,*)
1335 865 1507 930 regnorum

205 959 388 1021 nostrorum
404 974 487 1021 anno
513 955 636 1022 decimo
660 959 784 1037 octauo,
802 955 943 1040 'imperii
958 975 1034 1022 vero
1054 956 1187 1027 decimo.
1222 956 1293 1024 Nos
1322 978 1439 1028 eornm
1458 980 1510 1045 pe

206 1069 380 1135 ticionibus
404 1074 515 1151 utpote
545 1069 798 1137 racionabilibus
830 1075 927 1153 atque
958 1069 1054 1135 iustis
1085 1070 1260 1152 benignius
1291 1072 1447 1139 inclinati
1468 1109 1508 1120 -

205 1182 364 1265 prefatum
394 1184 602 1267 priuilegium
625 1219 666 1230 -
689 1183 864 1250 autoritate
890 1183 981 1265 regia
1011 1183 1144 1250 Boemie
1176 1183 1365 1266 graciosius
1398 1186 1508 1254 confir·

205 1316 339 1363 mamus.
370 1297 517 1380 Insuper,
549 1302 583 1362 vt
612 1296 728 1380 prelati
753 1297 843 1363 ciues
865 1303 899 1363 et
920 1297 1026 1363 incole
1056 1296 1201 1363 ciuitatis
1231 1300 1419 1383 prescripto
1441 1319 1507 1382 pre

205 1409 304 1476 iatam
336 1412 512 1494 ciuitatem,
546 1417 676 1494 pontem
711 1412 936 1495 prescriptum,
971 1413 1042 1478 vias
1074 1417 1106 1477 et
1132 1417 1254 1477 stratas
1290 1413 1440 1494 ipsorum
1472 1433 1505 1479 eo

214 1524 389 1591 sollicicius
413 1531 446 1591 et
469 1526 662 1607 diligencius
685 1524 861 1592 reformare
883 1531 916 1591 et
937 1524 1070 1592 reficere
1081 1522 1106 1607 ⁶)
1129 1525 1267 1607 possint,
1291 1545 1359 1610 quo
1387 1547 1424 1594 se
1445 1546 1505 1594 am-

208 1639 304 1720 pliori
334 1640 443 1721 gracia
474 1641 686 1722 cognouerint
719 1658 792 1706 esse
823 1645 1006 1722 prouentus,
1037 1639 1119 1724 ipsis
1149 1638 1191 1703 de
1213 1636 1379 1706 vberioris
1401 1646 1505 1707 nostre

205 1752 451 1834 magnificencie
480 1753 563 1818 dono
594 1753 677 1819 hauc
708 1754 849 1835 graciam
880 1752 1018 1821 fecimus
1041 1757 1075 1818 et
1094 1757 1208 1817 tenore
1229 1754 1442 1833 presencium
1462 1754 1502 1819 l-

206 1865 309 1932 cimus
333 1865 516 1948 specialem,
540 1869 575 1930 vt
590 1865 655 1947 ipsi
679 1866 719 1931 de
741 1872 848 1932 cetero
865 1884 903 1932 er
920 1884 956 1932 se
971 1872 1004 1932 et
1019 1884 1129 1933 eornm
1153 1866 1390 1933 communitate
1405 1869 1504 1937 virum

204 1980 376 2061 prouidum
397 1985 430 2046 et
445 1980 615 2046 honestum
637 1995 695 2061 pro
719 1979 828 2046 iudice
851 1980 997 2047 ciuitatis
1021 1997 1131 2047 eorum
1154 1979 1277 2060 eligere
1302 1986 1337 2046 et
1360 1987 1499 2048 statuere

206 2092 336 2158 valeant
358 2097 456 2175 atque
471 2093 607 2175 possint,
632 2094 687 2172 qui
704 2094 801 2161 huius
825 2094 958 2175 iudicio,
982 2094 1023 2158 ad
1039 2092 1125 2174 quod
1140 2092 1232 2181 prius
1256 2094 1401 2179 quilibet
1415 2095 1504 2177 burg·

207 2208 341 2287 grauius
358 2207 454 2272 castri
473 2204 668 2286 (lubitensis,
687 2208 743 2287 qui
758 2225 816 2290 pro
832 2212 977 2288 tempore
992 2206 1064 2290 luit,
1080 2204 1221 2273 iudicem
1235 2225 1295 2286 pro
1313 2226 1376 2273 sua
1398 2209 1504 2274 volun·

204 2325 272 2385 tate
295 2321 467 2385 instituere
491 2322 670 2400 consueuit,
693 2338 825 2403 preesse
840 2319 979 2401 debebit,
1004 2320 1157 2409 ipsosque
1178 2324 1272 2400 regat
1295 2327 1331 2385 et
1353 2320 1503 2404 gubernet

204 2452 242 2499 ac
265 2435 438 2517 unicuique
460 2435 621 2500 iustitiam
643 2434 743 2501 iaciat
765 2439 798 2500 et
818 2434 983 2501 ministret
1004 2433 1147 2499 debitam
1169 2437 1202 2497 et
1222 2439 1428 2516 consuetam,
1450 2436 1502 2501 im·

204 2546 398 2628 pedimentis
421 2547 638 2630 quorumlibet
660 2549 773 2631 procul
796 2549 903 2616 motis.
941 2548 1098 2633 Quodque
1128 2546 1232 2612 eciam
1263 2546 1387 2628 prefati
1420 2547 1502 2612 ciues

205 2665 237 2724 et
254 2661 360 2726 incole
374 2660 624 2727 necessitatibus
648 2680 758 2727 eorum
781 2680 819 2727 eo
836 2660 956 2727 sorcius
980 2660 1107 2741 possint
1129 2677 1311 2740 occurrere,
1336 2661 1421 2743 ipsis
1436 2678 1502 2743 pre

205 2773 351 2840 sentibus
375 2774 524 2840 similiter
547 2774 762 2855 indulgemus,
790 2773 876 2855 quod
898 2774 963 2855 ipsi
985 2772 1109 2854 absque
1138 2771 1376 2854 impedimento
1401 2775 1502 2840 cuius·

204 2888 283 2953 libet
306 2889 346 2954 de
369 2890 598 2955 communitate
620 2889 774 2970 ipsorum,
798 2891 833 2952 vt
855 2887 1065 2969 premittitur,
1099 2886 1260 2953 hominem
1285 2887 1427 2968 probum
1449 2906 1502 2969 pro

203 3002 323 3067 telonio
347 3002 379 3066 in
404 3002 481 3066 villa
503 2999 705 3082 Radisiort⁶l
731 3001 920 3083 colligendo,
944 2998 986 3064 ad
1009 2998 1095 3081 quod
1117 2998 1220 3065 eciam
1243 2997 1386 3082 dictns')
1410 3000 1502 3082 burg·

204 3115 336 3197 grauius
361 3113 546 3179 Cubitensis
571 3133 664 3179 suum
695 3114 904 3179 teloniarium
934 3113 1108 3180 instituere
1137 3113 1321 3192 consueuit,
1356 3113 1502 3181 similiter

204 3227 324 3309 eligere
347 3231 381 3292 et
403 3232 546 3292 statuere
568 3227 704 3308 possint,
728 3227 809 3308 ipsis
840 3228 968 3309 plenam
991 3225 1164 3292 tribuimus
1194 3230 1405 3307 potestatem.
1451 3227 1500 3293 Sic

203 3346 320 3421 tamen,
342 3340 428 3423 quod
450 3340 569 3422 prelati
592 3340 688 3406 iudex
711 3345 744 3405 et
765 3340 967 3420 teloniarius,
990 3341 1046 3423 qui
1061 3339 1103 3405 ad
1117 3339 1178 3405 hoc
1193 3338 1346 3420 deputati
1369 3340 1498 3417 fuerint,

203 3453 296 3518 nobis
320 3471 377 3519 seu
399 3458 510 3520 nostro
533 3455 662 3520 nomine
685 3453 880 3536 burggrauio
903 3458 1014 3520 nostro
1045 3453 1079 3518 in
1102 3449 1230 3532 dubim,
1262 3453 1321 3535 qui
1344 3472 1433 3520 nunc
1454 3458 1498 3518 est

205 3568 255 3632 vel
279 3586 336 3648 pro
359 3572 502 3650 tempore
532 3568 640 3647 fuerit,
675 3573 785 3633 nostro
819 3569 948 3633 nomine
981 3566 1075 3632 aunis
1111 3565 1249 3648 singulis
1287 3585 1380 3632 more
1410 3567 1500 3633 solito

204 3682 281 3746 dent
296 3687 328 3746 et
344 3682 532 3762 persoluant
548 3700 705 3747 summam
721 3683 792 3747 siue
807 3687 915 3746 taram
931 3682 972 3746 de
987 3680 1142 3762 predictis
1165 3679 1289 3746 iudicio
1306 3685 1340 3746 et
1353 3677 1499 3750 telonio⁸l

204 3797 358 3860 hactenus
392 3796 476 3860 solui
506 3802 539 3860 ct
568 3797 638 3860 dari
672 3801 867 3861 consuetam.
914 3795 1066 3862 Preterea
1096 3795 1257 3860 dictorum
1292 3795 1418 3860 ciuium
1449 3813 1499 3859 ne

204 3916 343 3974 suorum
364 3908 515 3974 fidelibus
547 3910 697 3975 seruiciis
728 3909 932 3992 exigentibus
955 3909 1037 3992 ipsis
1061 3913 1172 3974 tenore
1193 3908 1405 3990 presencium
1427 3907 1498 3974 libe

203 4024 304 4088 relius
329 4024 524 4089 indulsimus
556 4030 588 4089 et
609 4024 781 4106 benignius
812 4024 1028 4107 indulgemus,
1059 4027 1094 4088 vt
1115 4021 1179 4103 ipsi
1206 4023 1239 4087 in
1262 4021 1353 4087 dicta
1377 4041 1438 4088 sua
1459 4022 1498 4086 ci·

204 4138 306 4202 initote
321 4137 542 4203 Slalrenuerde
564 4137 701 4202 liberum
723 4137 828 4203 forum
852 4137 1065 4219 septimanalc
1087 4140 1280 4218 perpetuum
1305 4137 1436 4217 possint
1457 4135 1498 4201 ia·

203 4270 275 4315 cere
299 4257 332 4315 et
354 4252 551 4316 constituere
573 4251 719 4316 adinstar
741 4251 880 4316 aliarum
910 4251 1080 4317 ciuitatum
1109 4248 1202 4332 regni
1230 4249 1337 4316 nostri
1360 4248 1499 4325 Boemie,

205 4366 289 4444 qrnod
313 4385 332 4427 o
355 4366 472 4431 vicinis
496 4371 529 4430 et
551 4365 861 4430 circumsedentibus
884 4384 922 4431 ac
945 4365 1020 4430 aliis
1043 4362 1227 4431 hominibus
1251 4363 1396 4444 singulis
1411 4361 1497 4429 feriis

204 4520 461 4530 --.-..--

309 4601 334 4659 a)
358 4605 386 4651 ld
406 4599 499 4653 dubua
521 4605 594 4651 ittet.
