3098 5392
677 441 750 493 uro
1283 438 1364 503 1111

59 656 165 721 Mario
189 654 326 736 virginis
349 654 382 718 in
407 650 538 719 (ladano
569 652 610 718 de
632 653 705 733 ipsa
729 650 855 732 virgine
886 648 1057 715 benedicta
1087 647 1223 713 cottidie
1245 647 1360 715 solem·

57 770 166 850 pnitar
189 767 388 833 decantando
418 766 534 848 viginti
566 782 744 847 sexagenas
779 782 965 845 grossorum
1001 763 1209 844 pragensium
1244 779 1362 827 census

57 882 159 945 annui
183 887 216 946 ct
237 881 385 962 perpetui
409 880 442 943 in
465 878 558 944 bonis
581 878 693 942 liberis
718 876 910 959 vbicumque
927 876 959 941 in
976 893 1075 956 regno
1099 880 1210 942 nostro
1227 875 1360 942 Boemie

62 1013 250 1076 comparare
281 994 408 1075 possint
430 999 462 1057 et
485 992 625 1071 valeant,
655 1009 848 1055 consensum
880 994 1026 1055 nostrum
1054 989 1181 1070 regium
1206 987 1362 1054 adhibere

58 1126 184 1173 necnon
207 1106 337 1172 easdem
359 1106 476 1187 viginti
500 1122 678 1186 sexagenas
702 1122 819 1169 census
842 1122 899 1185 pro
923 1102 1034 1168 usibus
1060 1102 1219 1183 capellani
1243 1107 1276 1167 et
1291 1120 1360 1168 sco·

58 1222 177 1286 larium
201 1220 336 1284 eandem
368 1218 500 1284 missam
523 1236 581 1299 pro
604 1224 748 1298 ternpore
771 1217 1016 1282 decantancium
1044 1234 1102 1281 seu
1126 1216 1265 1280 aliarum
1289 1234 1361 1297 per·

58 1352 211 1399 sonarum
239 1333 333 1415 juxta
365 1333 508 1414 ipsorum
541 1331 790 1410 ordinacionem,
820 1331 937 1411 quibus
962 1330 1092 1395 easdem
1114 1328 1281 1396 donandas
1304 1328 1362 1394 du·

63 1449 181 1526 xerint,
205 1449 412 1528 incorporare
433 1483 476 1492 —
500 1445 715 1527 dignaremur.
747 1445 814 1510 Nos
838 1446 947 1526 igitur,
971 1446 1026 1525 qui
1057 1443 1191 1510 cordiali
1225 1442 1363 1524 quadarn

57 1559 235 1626 affeccicne
258 1561 403 1639 letamur,
428 1559 559 1640 quocies
582 1558 623 1623 ad
647 1559 701 1640 pia
726 1576 823 1638 opera
847 1563 879 1621 et
893 1564 1100 1640 augmentum
1125 1558 1230 1623 cultus
1254 1556 1361 1621 diuini

58 1674 284 1738 beniuolencie
316 1677 425 1738 nostre
447 1669 637 1737 beneficium
660 1671 847 1752 impendere
869 1670 1090 1752 deprecamur,
1115 1671 1283 1752 cupientes
1306 1668 1362 1734 bo·

58 1806 176 1851 norum
198 1785 383 1851 huiusmodi
407 1803 481 1850 csse
503 1785 689 1866 participes,
714 1821 752 1828 —
778 1784 819 1848 ad
842 1784 912 1865 hoc,
937 1790 970 1849 vt
993 1784 1111 1866 prelati
1135 1785 1295 1867 magister
1319 1784 1363 1849 ci·

60 1901 161 1975 nium,
187 1900 276 1964 ciues
300 1904 333 1963 et
356 1898 460 1962 incole
484 1898 629 1963 ciuitatis
647 1896 847 1963 Gadanensis
871 1917 928 1979 pro
952 1898 1193 1963 instauracione
1215 1896 1363 1978 predicte

56 2018 185 2078 mature
222 2013 322 2077 misse
352 2012 468 2093 viginti
492 2030 669 2094 sexagenas
702 2030 818 2077 census
849 2013 996 2093 perpetui
1020 2013 1053 2076 in
1075 2011 1169 2077 bonis
1194 2010 1361 2076 dumtaxat

57 2126 173 2191 liberis
196 2131 229 2189 et
251 2144 313 2190 non
337 2123 518 2189 feodalibus
542 2124 734 2204 ubicumque
757 2125 792 2189 in
815 2143 914 2206 regno
941 2130 1052 2191 nostro
1075 2125 1210 2191 Boemie
1233 2141 1360 2205 compa-

55 2258 133 2304 rare
167 2240 294 2320 possint
316 2245 349 2303 et
372 2239 509 2308 valeant,
542 2240 785 2304 consencientes
817 2238 988 2320 benignius
1019 2239 1191 2321 ipsumque
1220 2257 1361 2318 censum,

57 2358 239 2435 postquam,
264 2358 298 2415 vt
321 2353 529 2434 premittitur,
554 2358 757 2434 comparatus
788 2351 896 2432 fuerit,
927 2372 985 2434 pro
1009 2354 1120 2418 vsibus
1149 2353 1308 2434 capellani
1330 2359 1363 2417 et

56 2465 235 2530 scolarium
252 2464 387 2529 eandem
402 2466 537 2530 missam
561 2484 712 2530 successu
728 2467 884 2547 temporis
907 2466 1152 2532 decantancium
1169 2483 1206 2532 ac
1222 2466 1359 2532 aliarum

59 2597 282 2660 personarum,
301 2578 418 2660 quibus
434 2579 571 2643 eundem
587 2597 717 2644 censum
734 2579 918 2644 donandum
934 2579 1096 2660 duxerint,
1108 2579 1201 2661 juxta
1218 2579 1362 2661 ipsorum

57 2692 300 2757 ordinacionem
323 2697 357 2756 et
379 2691 629 2773 disposicionem
657 2692 934 2774 incorporauimus
949 2729 993 2737 —
1009 2699 1041 2757 et
1056 2693 1185 2758 vnimus
1200 2711 1258 2774 per
1273 2691 1361 2775 ipsos

55 2804 251 2884 habendum,
287 2804 461 2870 tenendum
486 2811 518 2870 et
540 2805 599 2870 sub
621 2806 773 2872 libertate
795 2807 1016 2872 ecclesiastica
1038 2807 1204 2888 perpetuis
1228 2808 1361 2872 inantea

56 2918 259 2999 temporibus
291 2917 425 3000 pacifice
455 2919 695 3001 possidendum,
719 2920 958 3002 impedimentis
990 2920 1207 3001 quorumlibet
1232 2921 1361 3002 penitus

56 3031 171 3114 procul
187 3032 293 3110 motis,
307 3032 371 3096 isto
383 3036 490 3096 tamen
509 3037 674 3113 signanter
690 3034 831 3114 prouiso,
848 3033 932 3115 quod
947 3034 999 3115 jus
1014 3038 1202 3115 patronatus
1221 3052 1278 3099 scu
1290 3052 1361 3115 pre·

56 3144 210 3211 scrutandi
236 3145 436 3225 capellanum
459 3145 635 3211 addictam
652 3146 793 3226 missam,
811 3147 941 3229 quocies
958 3148 1192 3227 capellanatum
1216 3147 1360 3213 eiusdem

58 3261 164 3325 misse
187 3277 302 3324 vacare
326 3260 507 3340 contigerit,
531 3278 654 3324 necnon
679 3260 783 3341 ipsius
803 3261 904 3325 misse
927 3260 1092 3326 ordinacio
1119 3266 1152 3327 et
1174 3261 1361 3342 disposicio,

59 3375 150 3438 sicut
171 3371 343 3454 prefertur,
366 3372 407 3436 ad
431 3373 534 3437 dictos
567 3373 759 3453 magistrum
791 3374 914 3439 ciuium
937 3380 970 3439 et
992 3375 1141 3440 consules
1167 3375 1293 3456 juratos
1317 3373 1361 3440 ci·

59 3487 176 3551 uitatis
202 3484 403 3550 Cadanensis
426 3505 483 3566 pro
506 3490 651 3567 tempore
674 3489 848 3552 existentes
872 3488 987 3552 debeat
1010 3490 1165 3570 perpetuo
1188 3487 1359 3570 pertinere.

55 3599 250 3665 Mandamus
267 3600 367 3681 igitur
383 3599 554 3679 nobilibus,
577 3600 844 3665 vrzeduiconibus
860 3609 892 3666 et
906 3600 1133 3681 beneficiariis,
1150 3607 1183 3667 et
1198 3603 1362 3684 signanter

53 3712 300 3795 prothonotario
324 3718 357 3778 et
381 3712 579 3780 vicenotario
602 3714 783 3778 tabularum
806 3721 892 3779 terre
915 3718 1005 3797 regni
1028 3716 1171 3796 Boemie,
1203 3716 1261 3797 qui
1285 3717 1362 3780 sunt

55 3846 116 3893 scu
140 3847 197 3908 pro
213 3832 357 3908 tempore
372 3827 502 3907 fuerint,
518 3826 653 3892 firmiter
669 3834 701 3891 et
717 3828 873 3908 districte,
892 3835 1048 3910 quatenus
1072 3829 1215 3910 prefatas
1238 3827 1354 3909 viginti

55 3959 236 4023 sexagenas
252 3959 368 4007 census
385 3942 542 4022 perpetui,
560 3947 730 4023 postquam
747 3961 804 4022 per
820 3944 981 4024 predictos
1005 3943 1094 4007 ciues
1117 3949 1150 4007 et
1166 3941 1288 4007 incolas
1312 3939 1356 4006 ci-

54 4055 172 4120 uitatis
196 4053 395 4120 Cadanensis
418 4055 451 4119 in
475 4055 577 4134 bonis,
603 4062 635 4118 vt
659 4057 869 4136 premittitur,
894 4056 1005 4121 liberis
1031 4061 1227 4138 comparate
1243 4053 1365 4119 fuerint

53 4168 153 4234 simul
177 4169 227 4233 vel
250 4169 393 4248 diuisim,
425 4170 599 4249 separatim
633 4169 684 4232 rel
708 4169 913 4248 coniunctim,
945 4169 1063 4234 tabulis
1087 4174 1173 4234 terre
1197 4172 1364 4234 annotent

52 4281 195 4347 fideliter
210 4288 243 4346 et
265 4282 454 4361 inscribant,
478 4282 553 4346 dum
570 4282 774 4362 presentibus
799 4301 895 4363 super
918 4283 977 4346 hoc
999 4281 1123 4347 fuerint
1143 4281 1361 4364 requisiti.-

52 4397 176 4462 Datum
201 4384 309 4478 Prage
332 4415 417 4460 anno
440 4396 560 4461 domini
590 4396 762 4460 millesimo
793 4388 1110 4479 quadringentesimo
1141 4395 1275 4476 decimo,
1306 4394 1360 4460 die

52 4509 249 4575 duodecima
280 4507 383 4586 Junii,
414 4528 586 4591 regnorum
619 4516 800 4575 nostrorum
834 4529 917 4575 anno
949 4511 1082 4575 Boemie
1114 4510 1359 4594 quadragesimo

51 4623 205 4706 septimo,
229 4622 449 4688 Romanorum
472 4642 548 4688 vero
572 4624 739 4687 tricesimo
765 4629 888 4704 quarto.
