3098 5392
135 421 196 488 108
752 419 828 470 caeo.

130 629 279 697 beniuole
300 628 475 709 diuidatur,
506 645 561 694 eos
589 645 724 710 quoque,
754 626 795 692 ad
817 645 898 711 quos
927 626 1073 710 predicta
1102 626 1180 694 villa
1209 645 1269 694 seu
1300 645 1418 694 succes·

129 746 220 810 sicne
233 743 429 808 hereditaria
444 760 502 807 seu
518 741 707 807 vendicicne
722 759 780 807 seu
794 741 1059 825 qualitercunque
1070 739 1295 825 [perueneth
1315 741 1418 807 eaden

125 857 209 940 juris
233 854 433 938 plenitudine
456 854 596 936 gaudere
618 855 765 920 uolumus
788 858 821 919 et
842 853 965 936 pariter
989 853 1148 920 libertate.
1193 855 1231 920 In
1253 855 1350 921 cuius
1379 873 1415 920 re

130 970 330 1036 euidenciam
352 974 385 1035 et
407 970 592 1035 caucionem
614 969 787 1035 cerciorem
814 967 877 1034 sibi
899 972 1065 1052 presentes
1088 967 1186 1035 scribi
1209 973 1242 1035 ei
1264 967 1338 1034 duri
1360 968 1418 1033 ius·

130 1086 231 1151 simus
254 1084 357 1151 nostri
380 1082 481 1164 sigilli
504 1084 688 1149 charactere
711 1082 919 1164 consignitas
950 1100 1023 1148 cum
1047 1082 1261 1149 cunctacione
1283 1083 1416 1148 testium

129 1199 184 1282 qui
207 1200 393 1278 intererant,
417 1197 679 1280 subscripturum,
702 1197 757 1280 qui
781 1201 872 1262 sunt:
896 1196 1045 1262 dominns
1067 1193 1418 1278 HeinmannusJunior

132 1312 280 1377 dominus
310 1312 452 1378 Schenco
475 1312 516 1378 de
537 1311 660 1391 Boram,
690 1311 875 1377 Remannus
902 1310 943 1376 de
975 1309 1212 1391 Luhtenburch,
1243 1309 1418 1375 Pribizlaur

131 1426 172 1490 de
186 1425 322 1509 Rathay,
339 1425 515 1490 Budinlaus
531 1424 572 1490 de
586 1423 749 1504 Sobituch,
766 1422 867 1490 Bleho
882 1423 924 1488 ‹le
938 1421 1134 1503 Hosboblicz,
1149 1421 1233 1503 Bun,
1249 1422 1418 1488 Mstezlau*

129 1537 245 1604 fratres
267 1538 307 1604 de
330 1536 455 1619 Chium,
485 1536 681 1619 Naschewoy
712 1536 752 1601 de
781 1535 935 1618 ruperim,
965 1533 1154 1601 Hrebissius
1179 1533 1221 1600 de
1243 1534 1418 1603 Pabieuicz

128 1652 194 1718 Leo
217 1652 258 1718 de
281 1650 473 1732 Creuouim
503 1650 624 1718 Bolech
646 1651 687 1716 de
708 1649 859 1731 Schema,
890 1650 1024 1715 Zesema
1054 1649 1095 1716 de
1125 1647 1228 1731 Olnm,
1264 1649 1418 1716 Bouzlaus

129 1765 169 1831 de
191 1764 391 1846 Jenissuuic,
421 1764 485 1830 Jan
507 1765 548 1830 de
569 1762 744 1846 flumenin,
774 1763 942 1831 Jeranlaus
964 1763 1006 1830 de
1027 1761 1242 1844 Zreschenan,
1275 1762 1416 1829 Albcrtns

129 1879 169 1945 de
191 1879 402 1960 Bohumilicz,
424 1879 618 1945 Domazlaus
641 1879 681 1945 de
700 1879 827 1945 Dlusin.
852 1879 968 1945 lictum
989 1882 1023 1944 et
1044 1876 1155 1944 danim
1176 1877 1212 1943 in
1233 1875 1413 1944 Sumerbnrc

129 2012 188 2076 per
197 2012 311 2060 manus
319 1993 443 2074 sifridi,
455 1993 572 2059 notarii
585 1997 617 2060 et
627 1994 763 2060 rectoris
773 1994 809 2059 in
817 1992 914 2073 Brea,
922 2011 1006 2059 auno
1014 1991 1136 2058 domini
1144 1987 1414 2063 MOCLXXXW,

128 2107 192 2174 XI⁰
212 2107 367 2174 kalendas
389 2108 537 2190 Augusti.

233 2261 355 2331 csgrnu
372 2278 424 2317 vc.
442 2261 469 2315 k.
489 2263 602 2316 statum
626 2259 738 2316 minu
758 2276 791 2315 ve
809 2259 900 2316 riuus
926 2290 960 2301 -
983 2259 1056 2332 nop.
1074 2258 1281 2331 vupromatarr
1298 2242 1413 2315 cunano

130 2374 233 2415 musea.
251 2389 285 2398 —
303 2357 404 2425 Emler,
422 2357 543 2428 Regeata
560 2357 594 2413 IL
616 2356 639 2413 b
659 2361 734 2412 1476.

687 2640 704 2681 *
729 2623 793 2708 (lle.
816 2641 869 2708 43.

393 2813 491 2897 1290,
514 2813 557 2883 19
579 2814 773 2885 terrenae.
795 2812 852 2884 Na
873 2810 1156 2884 Pouebraueen.

128 2971 213 3038 Krcil
242 2970 355 3039 Vdcluv
377 2971 417 3038 ΙΙ
427 2974 591 3058 pote-rmjc
611 2974 788 3039 mfflaaaba
809 2969 999 3058 Mnachy‘m
1024 2969 1148 3057 synadae
1167 2989 1213 3037 aa
1233 2970 1325 3053 clm
1344 2967 1418 3042 lod!

355 3107 399 3169 po
421 3084 511 3152 aicha
533 3084 645 3152 maheu
659 3106 706 3168 po
728 3084 812 3151 Labi
832 3084 920 3151 abab(
938 3080 1071 3167 bapecte'
1091 3081 1195 3149 wetti.

232 3242 300 3309 Nos
322 3242 550 3311 Wenczeslaus
581 3243 634 3308 dei
664 3243 775 3326 gracia
802 3262 860 3309 rer
890 3242 1023 3310 Bcemie
1047 3246 1082 3308 el
1101 3239 1246 3308 marchio
1268 3239 1418 3309 Morauie.

127 3356 333 3422 Innotescere
354 3361 466 3422 tenore
487 3357 691 3439 presencium
714 3357 860 3439 cupimus
887 3356 1059 3436 uniuersis,
1091 3354 1177 3439 quod
1205 3353 1250 3420 ad
1283 3359 1416 3420 nostran

128 3470 217 3534 ciues
239 3468 456 3537 Melniceusss
478 3471 668 3536 accedentes
690 3470 900 3552 presenciam,
930 3468 1138 3553 priuilegium
1159 3485 1179 3534 a
1200 3471 1296 3550 parre
1315 3472 1413 3534 nostro

128 3583 214 3646 clare
235 3583 389 3648 memorie
410 3583 492 3665 ipsis
515 3601 711 3662 concessum,
744 3601 808 3648 nou
830 3582 995 3664 abolitum,
1024 3601 1088 3649 nen
1110 3582 1334 3664 cancellatum,
1361 3597 1410 3647 non

128 3695 279 3761 abrasum
300 3716 359 3762 nec
381 3697 415 3761 in
438 3697 546 3779 aliqua
568 3702 660 3778 parte
683 3697 734 3760 sui
757 3696 911 3762 viciatum
940 3696 1060 3762 nostris
1086 3696 1274 3779 aspectibus
1296 3712 1410 3780 presen-

128 3814 247 3889 tarunt,
271 3808 453 3894 peten[te]s‚
477 3816 512 3875 vt
527 3809 607 3875 illud
622 3810 704 3891 ipsis
721 3808 909 3877 confirmare
930 3810 970 3876 de
992 3809 1192 3893 benignitate
1206 3811 1302 3895 regia
1315 3810 1412 3893 digra-

129 3940 245 4003 rernm,
269 3924 362 3989 cuius
386 3930 478 3989 tenor
501 3929 534 3988 et
556 3922 633 3987 erdo
657 3922 826 3988 verborum
847 3942 906 4005 per
927 3924 1035 3989 omnia
1056 3923 1120 3990 luit
1132 3924 1224 3989 talis:
1248 3922 1413 3991 Ottalrams

129 4039 187 4100 etc.
234 4036 424 4119 (Nasleduje
454 4039 547 4101 znenl
577 4037 655 4101 listu
683 4036 729 4100 kr.
760 4036 926 4120 Plemysla
952 4036 1095 4103 Otakara
1116 4036 1148 4102 11
1170 4037 1201 4102 d.
1225 4037 1362 4104 rPrare
1379 4034 1415 4103 ab

128 4149 290 4231 listopadu
316 4151 400 4216 1274
423 4151 448 4216 b.
462 4151 538 4232 22).
563 4151 630 4217 Nos
653 4169 728 4216 vero
751 4150 950 4232 benignitate
970 4151 1062 4234 regia
1084 4169 1195 4218 eorum
1209 4151 1418 4234 peticionibus

128 4262 255 4327 deuotis
289 4264 446 4344 inclinati,
481 4262 674 4345 prelibatum
703 4264 911 4346 priuilegium
942 4269 976 4329 ct
1003 4264 1084 4330 dicti
1111 4264 1281 4349 priuilegii
1312 4266 1418 4333 seriem

128 4375 361 4458 confirmamus,
392 4378 537 4443 volentes
568 4383 602 4442 vt
624 4379 730 4459 ipsum
760 4379 968 4462 priuilegium
993 4378 1154 4445 illibatum
1174 4385 1336 4463 perpetuo
1357 4400 1418 4465 pm

130 4495 265 4554 seueret.
310 4491 347 4556 In
378 4492 471 4557 cuius
500 4492 548 4557 rei
578 4493 798 4559 testimonium
827 4498 993 4575 presentes
1020 4491 1282 4562 confirmacionis
1303 4496 1418 4565 littam

130 4600 201 4667 ficri
224 4608 460 4671 claustrorum
483 4605 662 4688 sigillorum
684 4606 861 4672 munimine
882 4607 1038 4673 iussimus
1059 4608 1216 4675 roborari.
1252 4611 1375 4680 Datum
1394 4613 1418 4681 iu
