3098 5392
692 422 768 473 rara
1294 418 1359 485 673

64 628 218 712 pr'iburai
243 649 277 692 oe
304 624 438 702 nchldai,
469 626 551 709 maji
568 647 613 691 nu
642 625 712 692 obeo
744 626 927 709 epodnmcta',
948 625 1039 692 icero
1059 627 1114 691 mci
1127 626 1196 710 piola
1216 629 1296 693 aaut
1316 648 1361 692 au

571 741 723 822 apennini
741 742 851 806 mesto.

174 950 384 1018 Wenceslans
400 950 453 1017 dei
468 951 578 1033 gracia
592 950 725 1017 Boemie
747 968 814 1032 rex,
829 949 1151 1033 Brandenburgensis
1174 954 1208 1015 et
1221 949 1360 1018 Lusacie

65 1067 208 1133 marchio
235 1069 269 1132 et
289 1063 406 1131 Silesie
427 1063 501 1129 dux.
524 1063 644 1130 Notum
668 1063 805 1130 iacimus
828 1069 940 1131 tenore
961 1063 1165 1148 presencium
1186 1064 1359 1146 uniuersis,

66 1180 153 1263 quod
184 1178 406 1245 desiderantes
437 1176 596 1260 profectui
627 1176 770 1244 ciuitatis
793 1181 903 1244 nostre
924 1174 1105 1243 Pilsnensis
1128 1194 1206 1243 cura
1227 1177 1359 1260 benigni

65 1292 190 1359 iauoris
221 1290 390 1357 intendere
420 1290 477 1372 ita,
506 1294 541 1356 vt
562 1290 633 1356 eius
656 1290 746 1357 cines
769 1296 802 1356 et
822 1290 936 1372 incole,
958 1287 1069 1356 fideles
1091 1290 1204 1371 nostn,
1227 1290 1357 1356 celsitu-

67 1407 137 1473 dini
159 1404 263 1488 regali
284 1403 418 1470 Boemie
440 1421 478 1470 eo
500 1382 631 1486 quidem
652 1403 768 1469 melius
795 1403 919 1468 seruire
939 1400 1078 1483 valeant,
1101 1421 1163 1485 qno
1185 1401 1358 1486 benignius

65 1520 188 1586 inerint
209 1517 299 1601 regie
320 1516 527 1583 liberalitatis
551 1517 726 1583 clemencia
748 1516 915 1598 consolati,
950 1520 1144 1599 quapropter
1173 1516 1280 1583 animo
1303 1517 1358 1583 de·

63 1632 210 1712 liberato,
233 1648 311 1697 sono
323 1629 514 1713 principum,
529 1628 686 1696 baronum
697 1648 736 1697 ac
747 1647 915 1712 procerum
929 1626 1022 1711 regni
1037 1634 1070 1695 et
1085 1646 1201 1695 corone
1215 1629 1356 1711 Boemie,

62 1751 248 1811 nostrornm
269 1740 423 1824 bdelium,
453 1742 626 1810 accedente
657 1742 801 1824 consilio,
824 1743 1017 1809 anctoritate
1037 1743 1129 1824 regia
1150 1742 1292 1822 Boemie,
1317 1742 1357 1808 de

63 1862 153 1926 certa
176 1862 288 1924 nostra
311 1857 452 1923 sciencia
476 1861 509 1922 et
529 1857 619 1940 regie
635 1856 839 1924 celsitudinis
854 1857 964 1941 gnada
979 1856 1138 1938 singulari
1161 1854 1356 1939 supradictis

63 1971 202 2053 ciuibus,
225 1970 408 2052 heredibus,
432 1970 682 2052 successoribus,
702 1969 886 2053 posteritati
908 1976 941 2037 et
962 1969 1169 2036 miucrsitati
1191 1986 1302 2035 eorum
1323 1974 1356 2034 et

62 2086 169 2151 eidem
205 2085 332 2151 ciuitati
365 2084 528 2151 Pilsnensi
562 2102 686 2152 necnon
719 2083 1001 2164 inhabitatoribus,
1030 2082 1087 2166 qui
1116 2086 1192 2148 sunt
1225 2081 1275 2148 vel
1298 2100 1355 2165 pro

62 2205 208 2281 tempore
222 2195 352 2279 inerint,
371 2196 611 2280 infrascriptam
632 2197 774 2280 graciam
789 2215 847 2279 pro
869 2196 973 2278 nobis,
988 2195 1160 2262 heredibus
1176 2199 1209 2260 et
1228 2213 1355 2262 succes·

62 2311 190 2380 sonibus
212 2312 343 2391 nostris,
377 2310 508 2393 regibus
531 2310 673 2392 Boemie,
707 2311 852 2391 fecimus,
883 2310 1031 2376 dedimus
1062 2313 1095 2375 et
1126 2309 1354 2391 concessimus,

61 2427 209 2505 iacimus,
233 2423 346 2489 damus
369 2428 402 2489 et
424 2423 629 2491 concedimus
652 2424 686 2489 in
709 2428 900 2506 perpetuum
923 2424 1042 2489 virtute
1064 2422 1267 2506 presencium
1282 2441 1355 2505 gra·

62 2541 159 2619 cicae,
183 2537 345 2618 videlicet,
367 2537 454 2620 quod
469 2555 594 2603 exnunc
609 2538 741 2602 inantea
763 2554 872 2603 omnes
895 2540 929 2601 et
950 2535 1095 2618 singulos
1119 2535 1207 2602 cinea
1232 2552 1290 2601 seu
1304 2536 1353 2602 in·

61 2651 259 2718 habitatores
295 2649 382 2715 dicte
411 2649 555 2715 ciuitatis
584 2648 774 2731 Pilsnensis,
815 2667 1033 2733 quoscumque
1066 2649 1137 2716 sine
1166 2649 1353 2732 donacione,

60 2767 265 2844 testamento,
288 2762 496 2829 ordinacione
518 2781 577 2829 sen
600 2762 826 2845 disposicione,
848 2782 913 2829 non
929 2762 1140 2829 existentibus
1156 2762 1282 2829 scilicet
1295 2768 1353 2828 ant

61 2899 124 2946 non
148 2877 331 2944 extantibus
353 2878 521 2959 utriusque
544 2894 639 2942 sexus
654 2877 824 2960 legittimis
839 2876 1022 2958 heredibus,
1039 2876 1164 2942 ciuibus
1180 2881 1213 2942 et
1226 2876 1352 2955 incolis,

63 2994 119 3075 qui
142 2993 176 3058 in
199 2990 417 3057 solucionibus
441 2995 558 3071 steure,
574 2990 790 3071 exaccionum,
806 2991 1014 3072 lozungarnm
1030 2995 1064 3054 et
1078 2990 1215 3056 aliarum
1234 2990 1352 3057 contri·

59 3106 233 3172 bucionnm
255 3123 352 3171 onera
374 3122 446 3168 cum
468 3102 632 3169 antedicta
655 3103 788 3169 ciuitate
810 3104 980 3183 sustinent,
996 3102 1036 3167 ab
1051 3102 1111 3169 hac
1125 3103 1197 3168 lnce
1211 3103 1351 3185 migrare

59 3221 270 3301 contingeret,
294 3216 480 3284 huiusmodi
492 3217 687 3283 hereditates
702 3217 744 3283 ad
761 3216 985 3284 celsitudinem
998 3222 1139 3283 nostram
1151 3216 1350 3299 pertinentes

58 3334 146 3415 (sic),
178 3338 294 3398 extunc
324 3332 475 3397 uniuerse
505 3336 537 3396 et
568 3331 695 3413 singule
716 3330 947 3413 possessiones,
970 3331 1194 3413 proprietates,
1220 3329 1349 3412 allodia,

60 3447 142 3530 agri,
167 3464 292 3526 census,
315 3444 472 3526 redditus,
496 3445 619 3526 domus,
641 3445 725 3511 bona
746 3443 879 3510 mobilia
901 3449 934 3508 et
952 3443 1138 3524 immobilia,
1162 3444 1194 3508 in
1218 3443 1351 3526 quibus·

59 3578 186 3644 cunque
218 3558 315 3624 rebus
350 3557 538 3638 consistant,
573 3559 660 3623 intus
691 3563 724 3623 et
753 3562 844 3623 extra
866 3557 1032 3624 ciuitatem
1054 3557 1256 3622 Pilsnensem
1277 3574 1349 3639 pre·

58 3675 188 3754 dictam,
225 3677 282 3737 ant
315 3670 393 3736 alibi
426 3669 618 3751 ubicumque
647 3670 727 3736 talia
756 3671 819 3736 sita
852 3676 1037 3752 noscuntur,
1071 3688 1129 3753 pro
1166 3669 1349 3737 municione

57 3788 144 3853 dicte
167 3787 310 3853 ciuitatis
334 3787 527 3852 auctoritate
549 3792 660 3852 nostra
681 3786 783 3852 libere
805 3790 837 3851 et
854 3787 929 3870 jure
950 3784 1145 3852 hereditario
1173 3784 1347 3852 deuoluun-

57 3907 121 3979 tnr,
145 3898 266 3983 absque
288 3899 375 3965 omni
396 3902 599 3981 posterorum
615 3903 646 3964 et
662 3917 883 3965 successorum
906 3903 1087 3965 nostrorum
1110 3899 1346 3982 impedimento.

57 4013 266 4079 Presencinm
289 4012 348 4078 snb
370 4017 480 4078 nostre
501 4014 620 4096 regalis
643 4013 822 4079 maiestatis
846 4014 954 4095 sigillo
969 4013 1152 4080 testimonio
1171 4012 1345 4080 literarum.

55 4128 177 4192 Dntnm
199 4126 302 4208 Prage
324 4144 407 4192 anno
431 4125 551 4192 domini
573 4122 820 4207 MGCGLXXH,
843 4125 937 4191 ΧΙΠο
959 4125 1114 4192 kalendas
1143 4125 1345 4209 Nouembris,

54 4240 148 4322 regni
170 4257 245 4305 vero
268 4241 370 4307 nostri
393 4257 478 4306 anno
501 4237 632 4306 decimo.

161 4427 305 4483 Obaadeno
329 4445 346 4482 v
365 4428 431 4497 orig.
450 4428 617 4483 konfirmace
642 4428 719 4483 lrrile
736 4427 896 4483 Vladislava
920 4426 946 4482 d.
970 4443 1007 4483 na
1023 4427 1131 4482 Bndind
1149 4434 1190 4481 21.
1207 4428 1266 4483 adii
1279 4432 1346 4484 1514

52 4543 70 4580 v
89 4540 216 4580 museum
234 4542 269 4579 m.
287 4523 371 4579 Plane
389 4524 411 4579 i.
430 4529 472 4592 37,
491 4524 561 4578 lrdei
579 4531 638 4580 text
657 4526 755 4596 patrnd
775 4525 903 4595 pornien.
915 4555 949 4564 -
961 4523 1069 4590 Stmod,
1087 4524 1180 4580 Listii
1197 4524 1238 4581 lar.
1256 4527 1345 4583 mesta

51 4620 178 4679 Plaude
200 4626 257 4677 tlh.
1154 4696 1188 4746 48
