3150 5378
136 448 201 511 532
749 449 822 497 rssr.

236 653 328 706 liniha
346 654 468 724 pamdtni
486 655 574 708 mesta
592 639 676 709 Zatce
694 673 709 708 z
728 672 748 708 r.
769 659 835 708 1383
862 669 898 708 na
919 652 937 706 l.
955 654 997 706 bd
1018 651 1166 707 varchiru
1183 653 1275 719 xtebni
1299 654 1383 707 mdsla
1398 668 1423 704 ra

132 748 272 817 napisem:
300 747 435 814 „Karolns
466 749 617 820 imperator
643 757 769 805 munerat
796 749 935 804 ciuitatem
965 747 1122 816 Sscenscm,
1152 748 1229 819 quod
1262 749 1375 805 bernam
1401 749 1422 801 in

132 845 287 913 quantitate
317 845 436 899 ciuitatis
463 844 603 900 Lunensis
627 845 748 901 debeant
773 845 882 900 soluere
906 849 935 899 ct
960 843 1090 899 donare*
1117 874 1152 886 -
1178 843 1362 916 Schlesinger,
1383 844 1424 900 Ur·

132 938 319 995 kundenbuch
336 939 386 995 der
404 939 442 995 St
462 942 531 997 Saaz
549 940 572 996 d.
591 947 634 997 83.

700 1154 765 1237 dn.
788 1171 863 1238 soc

518 1307 616 1388 1357,
637 1309 682 1378 21
704 1311 855 1379 torena
877 1309 1059 1380 VPraze.

135 1460 228 1529 Cisor'
258 1467 360 1533 Κανά
388 1469 408 1532 1
414 1467 443 1531 V
459 1467 621 1549 pisandro
650 1469 828 1533 mddtarcbm
858 1450 1024 1552 Zotocdgim
1040 1466 1154 1549 prdoo,
1177 1465 1212 1533 dc
1232 1467 1350 1533 nsobocc
1369 1487 1427 1532 osso

135 1577 280 1655 berothai,
314 1581 396 1663 dtyr'c'
426 1601 445 1645 r
472 1581 555 1663 rcdy
588 1604 609 1646 a
642 1581 891 1657 solidassem,
914 1577 1336 1664 emendetkdpkolioy
1355 1581 1430 1646 mdlo

140 1714 160 1758 o
182 1693 249 1758 obcs'
265 1691 336 1777 jicb
357 1693 473 1778 ndjoka'
495 1695 589 1761 bend
607 1695 665 1761 neb
687 1694 796 1761 sbirlra
817 1716 850 1761 se
870 1695 1018 1778 cybirata'.
1048 1694 1180 1761 Bcomtcs'
1199 1694 1228 1760 a·
1249 1697 1335 1779 maji
1352 1694 1431 1760 berni

143 1803 291 1872 uklddctc‘
313 1808 363 1873 dle
380 1808 578 1875 mobocs‘tosti
591 1809 727 1893 jednobo
750 1808 886 1875 baddc‘bo
901 1810 1056 1890 ηιὲὲίαηα,
1071 1806 1362 1890 oyddnipotr'cbnd
1373 1806 1431 1873 sid

136 1922 350 2002 capraea-au·
371 1944 393 1987 o
411 1923 478 1987 obci
486 1927 582 2005 podty
596 1929 746 2006 nopotem
768 1922 919 1990 sblddota'.
938 1923 999 1988 Pr'c'
1019 1926 1083 1987 tom
1103 1919 1268 1987 murm
1289 1921 1430 2003 schamir

221 2033 322 2099 ddlcta'
342 2033 448 2100 obessi
468 2035 566 2118 dtuhy
588 2036 640 2101 ber
661 2036 814 2103 nalebcoe'
830 2036 963 2119 potr'eby
985 2057 1006 2100 a
1028 2035 1080 2101 bez
1101 2035 1223 2102 acoleo(
1242 2033 1345 2101 bruile.

235 2173 375 2242 Karolus
395 2181 529 2259 quartus
552 2177 667 2243 diuina
688 2178 820 2244 fauente
836 2177 1011 2244 clemencia
1024 2176 1245 2242 Romanorum
1259 2175 1427 2260 imperator

137 2306 265 2370 semper
286 2292 443 2371 augustus
466 2295 499 2357 et
521 2290 654 2358 Boemie
676 2310 742 2357 rer.
786 2291 907 2358 Notum
936 2291 1074 2357 tacimus
1095 2294 1209 2356 tenore
1232 2291 1426 2373 presencium

133 2402 306 2483 vniuersis,
339 2403 425 2483 quod
459 2423 517 2485 pro
551 2405 788 2485 melioracionc‚
817 2404 949 2471 comodo
972 2408 1005 2470 et
1032 2403 1179 2486 profectu
1209 2403 1425 2471 vnlnersitatis

65 2536 69 2541 ·
135 2516 257 2582 ciuium
280 2516 424 2581 ciuitatis
448 2521 558 2583 nostre
580 2517 740 2598 Sucensis,
763 2518 819 2600 qui
842 2535 927 2582 nunc
950 2521 1026 2582 sunt
1047 2515 1100 2582 uel
1123 2533 1182 2598 pro
1204 2516 1423 2598 temporefue

134 2629 209 2710 rint,
234 2629 407 2694 statuimus
423 2634 456 2695 et
471 2635 628 2712 perpetuo
644 2630 826 2696 sanccimus
849 2629 965 2711 edicto,
987 2634 1034 2710 ut,
1051 2627 1179 2710 quando
1195 2629 1250 2694 uel
1266 2630 1422 2713 quociens·

133 2760 270 2824 cumque
292 2742 326 2807 in
348 2743 422 2825 ipsa
445 2743 579 2809 ciuitate
601 2743 735 2810 Sacensi
758 2744 958 2824 exacciones‚
981 2741 1142 2823 collectas,
1174 2745 1315 2824 steuras,
1337 2761 1421 2826 anga-

131 2855 199 2921 rias
222 2872 280 2919 seu
302 2854 555 2936 qualescumque
578 2855 760 2922 soluciones
783 2856 864 2921 alias
888 2855 1010 2921 eisdem
1033 2853 1160 2921 ciuibus
1184 2856 1353 2939 continget
1374 2856 1420 2921 in·

132 2968 219 3052 poni,
244 2972 382 3050 quatuor
405 2986 544 3050 persone
565 2967 690 3051 ydonee
713 2973 745 3034 et
767 2968 850 3034 bone
872 2967 957 3033 fame
979 2967 1020 3033 de
1043 2966 1185 3033 scabinis
1207 2974 1243 3033 et
1265 2969 1381 3035 iuratis
1399 2969 1421 3030 ct

131 3084 271 3165 quatuor
294 3081 334 3147 de
357 3082 589 3147 communitate
608 3082 711 3163 ipsius
735 3082 890 3162 ciuitatis,
913 3080 1068 3147 hebentes
1091 3081 1329 3164 possessiones,
1351 3082 1420 3148 bona

133 3195 185 3260 uel
215 3213 277 3276 res,
309 3194 350 3259 de
374 3194 490 3275 quibus
517 3196 687 3277 paciantur
711 3199 743 3260 et
766 3192 922 3259 sufferant
944 3212 1042 3260 onera
1064 3193 1150 3260 dicte
1174 3194 1333 3276 ciuitatis,
1354 3189 1419 3274 eligi

133 3307 280 3388 debeant,
313 3308 369 3390 qni
401 3308 562 3388 collectas,
593 3308 748 3390 lonungas
780 3326 837 3372 seu
868 3307 1049 3374 soluciones
1072 3306 1154 3373 alias
1176 3308 1343 3391 quaslibet
1363 3323 1421 3390 per·

134 3422 257 3503 cipiant
280 3426 313 3486 et
335 3440 393 3502 pro
418 3421 614 3487 necessitate
636 3420 722 3487 dicte
745 3420 890 3487 ciuitatis
913 3419 1109 3486 distribuant
1131 3423 1165 3485 et
1186 3420 1423 3504 impendente

134 3535 189 3617 qui
213 3535 254 3600 de
275 3535 438 3617 perceptis
461 3540 494 3600 et
516 3534 699 3601 distributis
723 3534 869 3600 omnibus
893 3533 1098 3600 rniuersitati
1121 3533 1270 3601 ciuitatis
1290 3535 1421 3618 prffictc

135 3649 263 3730 plenam
293 3653 326 3713 et
356 3648 476 3715 iustam
495 3648 658 3713 racionem
681 3647 816 3713 reddere
837 3651 1009 3712 teneantur
1039 3651 1072 3712 ct
1093 3645 1243 3728 debeant,
1265 3648 1421 3732 quociens·

137 3780 274 3845 cumque
303 3762 455 3844 requisiti
484 3761 607 3828 fuerint
637 3780 734 3843 super
764 3780 811 3827 eo.
834 3761 949 3827 Eciam
971 3760 1085 3826 talium
1108 3760 1313 3827 solucionum
1335 3763 1422 3844 inpo-

134 3875 225 3956 sicio‚
255 3892 457 3958 quocumque
486 3875 711 3942 denominetur
741 3874 880 3956 nomine,
911 3873 1007 3940 debet
1028 3872 1098 3940 fieri
1120 3875 1213 3940 iuxta
1234 3875 1424 3957 possibiliu-

133 3992 199 4052 tem
230 3988 350 4054 ciuium
381 3988 581 4071 singulorum
609 3988 694 4054 dicte
717 3988 862 4054 ciuitatis
886 3988 957 4054 sine
980 3987 1062 4053 dolo.
1085 3985 1275 4053 inhibemus
1298 3987 1425 4054 nichilo

134 4102 241 4166 minus
275 4104 308 4165 et
342 4101 557 4166 omnimodam
590 4105 783 4183 potestatem
816 4100 989 4166 adimimus
1027 4098 1189 4165 uniuersis
1223 4103 1258 4164 et
1297 4099 1427 4184 singulis

135 4213 286 4294 scabinis,
323 4214 378 4295 qui
412 4213 531 4279 tuturis
565 4212 763 4295 temporibus
798 4213 893 4278 electi
914 4211 1038 4277 fuerint
1065 4210 1101 4277 in
1130 4209 1259 4294 prefata
1289 4213 1429 4291 ciuitate,

135 4344 177 4392 ne
199 4344 348 4408 umquam
372 4327 541 4393 occasione
563 4344 766 4408 quacumque
786 4343 871 4391 noua
890 4325 1081 4391 contrahant
1101 4322 1212 4389 debita
1227 4324 1281 4391 uel
1297 4324 1431 4409 dampna

135 4440 246 4523 aliqua
269 4440 302 4505 in
326 4439 528 4506 Christianos
549 4440 602 4505 uel
616 4439 733 4505 Iudeos
757 4440 828 4505 sine
850 4438 984 4521 speciali
1007 4436 1152 4520 licencia,
1168 4435 1298 4505 indulto
1314 4444 1349 4506 et
1363 4458 1434 4507 con·

137 4571 235 4619 sensu
269 4558 389 4633 nostro,
424 4553 579 4619 heredum
613 4558 646 4618 et
679 4570 902 4619 successorum
930 4556 1123 4632 nostrorum,
1152 4567 1270 4634 regum
1290 4550 1434 4634 Boemie,

136 4666 187 4734 uel
210 4667 316 4732 locum
337 4671 483 4733 nostmm
505 4667 689 4732 tenencium
711 4668 744 4730 et
766 4665 989 4731 vniuersitatis
1011 4662 1117 4731 tocius
1138 4662 1265 4747 prefate
1288 4665 1438 4734 ciuitatis
