3098 5392
133 410 175 474 96
755 413 830 466 1279.

130 618 345 684 certificando.
390 619 480 700 item,
504 621 695 702 quicumque
717 622 861 689 extranei
883 621 1008 687 nobiles
1031 639 1089 687 seu
1111 622 1357 703 ministeriales,
1381 640 1436 686 aa·

128 733 201 798 salli
225 752 282 798 seu
305 732 361 798 alii
384 733 546 799 inferioris
570 739 683 813 status,
706 735 771 800 ciui
793 737 910 817 pignus
938 735 1170 815 licenclauerit,
1199 734 1290 803 idem
1313 738 1435 818 pignus

126 846 247 929 absque
268 848 404 912 licencia
423 847 545 929 judicis
568 849 688 929 poterit
710 867 875 930 occupare.
922 849 1014 930 Item,
1037 867 1148 915 omnes
1171 866 1271 917 cause
1293 850 1329 915 in
1351 850 1432 916 ciui-

128 964 194 1024 tate
210 965 318 1025 exorte
333 960 374 1024 ad
386 961 528 1043 judicem
544 963 689 1027 ciuitatis
706 967 853 1043 spectant
871 960 1089 1044 diiudicanda,
1112 962 1178 1028 nisi
1194 961 1280 1028 forte
1294 961 1433 1045 quedam

131 1076 214 1139 inter
237 1073 371 1154 nobiles,
395 1075 623 1141 ministeriales
646 1079 678 1140 et
700 1075 783 1140 tales
805 1081 974 1142 extraneos
997 1093 1095 1141 cause
1117 1075 1307 1158 specialiter
1328 1076 1431 1141 uenti·

129 1188 244 1252 lentur.
279 1185 370 1267 Item,
393 1186 520 1253 edificia
542 1189 584 1254 ad
606 1189 822 1270 indigenciam
844 1190 966 1256 ciuium
989 1189 1174 1270 spectanoia
1197 1188 1231 1255 in
1246 1188 1432 1255 nemoribus

130 1302 251 1366 nostris
273 1305 429 1381 resecent,
454 1319 533 1383 quos
555 1301 717 1368 forestarii
740 1303 872 1369 minime
894 1301 1100 1368 infestabunt
1124 1302 1216 1383 Item,
1239 1304 1436 1385 quicumque

130 1433 228 1496 super
250 1418 384 1480 stratam
406 1416 639 1496 prouincialem
660 1434 733 1481 cum
755 1434 850 1483 curru
874 1435 932 1482 suo
955 1417 1089 1495 venerit,
1112 1416 1220 1482 nullus
1240 1415 1436 1490 forestarius

131 1529 234 1610 ipsius
256 1529 395 1610 pignora
417 1527 581 1594 detinebit.
627 1529 717 1609 Item,
741 1531 932 1611 quicumque
961 1530 1121 1611 lignorum
1151 1529 1346 1611 congeriem,
1374 1539 1428 1610 qni

129 1641 248 1706 dicitur
277 1640 348 1723 flor,
371 1660 391 1706 a
413 1660 542 1707 nemore
565 1642 701 1722 duxerit,
725 1643 888 1724 persoluat
910 1661 965 1708 sex
988 1642 1138 1708 denarios
1160 1641 1248 1707 ultra
1266 1641 1421 1723 quodlibet

128 1754 371 1821 firmamentum.
417 1755 508 1835 Item,
541 1753 686 1837 hospites
719 1774 784 1821 non
816 1760 965 1821 tenentur
1002 1773 1126 1837 pannem
1149 1754 1296 1820 incidere
1327 1772 1414 1836 neque

131 1873 243 1951 potum
265 1870 299 1934 in
320 1871 480 1935 mensuris
502 1871 684 1951 propinare,
706 1869 771 1935 nisi
793 1868 876 1935 forte
891 1868 976 1951 apud
987 1869 1107 1952 Egram
1123 1867 1325 1933 dominorum
1340 1869 1410 1934 curie

130 1983 339 2048 celebrentur.
378 1983 468 2062 Item,
491 1983 608 2064 hospes
631 1983 671 2049 ab
693 1983 821 2065 hospite
843 2001 906 2048 non
927 1983 1035 2048 minus
1058 1999 1155 2064 quam
1177 1986 1306 2048 centum
1327 1982 1407 2064 pelles

130 2097 343 2180 asperiolinas
367 2101 399 2161 et
421 2096 555 2162 totidem
581 2096 729 2178 vulpinas
760 2101 793 2162 et
820 2097 982 2177 leporinas
1012 2096 1066 2161 uel
1094 2095 1178 2161 alies
1209 2113 1406 2177 quascumque

129 2211 263 2277 totidem
286 2212 318 2276 in
342 2226 474 2276 numero
497 2209 619 2291 pariter
641 2215 673 2276 ot
694 2209 840 2291 quartale
862 2211 942 2275 corii
971 2227 1077 2274 emere
1107 2213 1280 2290 presumat
1324 2208 1363 2272 lit
1385 2207 1407 2271 si

128 2327 201 2408 quis
224 2326 257 2390 in
281 2325 341 2390 hoo
358 2330 579 2406 transgressor
595 2324 747 2404 extit-erit,
770 2324 896 2389 ciuitati
917 2323 1086 2389 dimidium
1100 2322 1259 2389 talentum
1273 2320 1408 2388 retribuet

128 2444 161 2506 et
182 2438 336 2504 exsoluat.
382 2437 432 2501 En
452 2434 624 2501 affluencia
646 2452 774 2516 quoque
796 2436 904 2516 gracie
925 2435 1076 2517 specialis
1098 2435 1285 2503 memoratis
1306 2434 1407 2502 nosris

128 2550 255 2618 ciuibus
278 2551 455 2617 liberaliter
477 2549 689 2630 indulgemus
721 2554 757 2615 ut
779 2549 895 2631 vbiqne
917 2567 975 2631 per
996 2555 1100 2615 terras
1123 2553 1157 2614 et
1178 2548 1344 2616 dismietrrs
1362 2549 1408 2614 im·

129 2666 212 2751 perii
230 2666 333 2730 nostri
356 2684 429 2730 curn
451 2666 518 2730 suis
534 2663 750 2730 mercimoniis
766 2664 1053 2746 quibuscumquae
1068 2644 1409 2730 cuiuslibetexaccione

128 2779 270 2845 thelonei
294 2779 365 2844 siue
385 2782 473 2843 mute
496 2777 589 2844 liberi
611 2781 779 2842 transeant
793 2782 825 2842 ct
841 2779 996 2842 inmunes.
1021 2775 1172 2842 Preteree
1187 2773 1408 2842 infeodaeiona

128 2894 358 2973 imperatorum
381 2895 414 2955 et
434 2908 547 2969 rerum
570 2891 784 2955 Romanorum
806 2909 843 2955 ac
855 2891 992 2956 aliorum
1006 2888 1223 2971 quorumlibet
1243 2890 1424 2975 principun

129 3006 210 3087 ipsis
233 3003 336 3068 iactas
358 3007 446 3067 ratas
469 3008 615 3068 tenentes
638 3009 671 3068 et
692 3008 811 3085 gratas,
838 3005 927 3086 ipsas
950 3003 990 3069 de
1010 3002 1211 3085 benignitate
1238 3004 1330 3085 regia
1349 3020 1410 3069 cou-

128 3118 302 3196 firmamus,
336 3117 527 3181 innouamus
562 3121 594 3181 et
628 3119 787 3196 presentis
821 3117 943 3182 decreti
974 3116 1151 3183 manunine
1184 3116 1408 3181 communimus

129 3231 218 3295 Nulli
252 3247 327 3310 ergo
362 3229 490 3293 omnino
523 3230 687 3294 hominum
717 3230 814 3295 liceat
842 3230 924 3295 hanc
954 3231 1104 3312 paginam
1128 3234 1240 3297 nostre
1262 3227 1408 3295 confirma·

130 3344 242 3415 aionis,
278 3342 495 3407 concessionis
526 3347 558 3407 ct
588 3344 810 3409 innouacionis
841 3341 1018 3423 infringere
1046 3342 1099 3408 uel
1128 3341 1234 3409 eidem
1262 3344 1297 3410 in
1318 3343 1407 3424 aliquo

129 3475 212 3520 ausu
233 3455 404 3519 temerario
428 3457 596 3521 contraire.
621 3457 712 3537 Quod
736 3460 791 3539 qui
814 3457 936 3538 fecerit,
959 3475 1091 3540 manem
1113 3461 1225 3522 nostre
1247 3453 1407 3522 maiestatis

129 3568 285 3634 ‹rffenaam
307 3586 342 3632 se
365 3570 493 3633 nouerit
513 3571 725 3638 incursurum.
770 3573 807 3637 In
831 3573 922 3638 cuius
945 3573 992 3637 rei
1017 3571 1239 3638 testimonium
1268 3575 1303 3636 et
1329 3568 1407 3636 robur

129 3685 285 3764 perpetuo
314 3681 488 3746 ualiturum
515 3701 648 3763 presens
678 3687 833 3768 seriptum
862 3686 978 3750 exinde
1007 3683 1166 3750 conscribi
1192 3688 1226 3751 et
1247 3680 1406 3751 maiestatis

128 3800 239 3860 nostre
266 3794 372 3875 sigillo
395 3795 548 3861 iussimus
576 3800 773 3864 communiri.
820 3800 938 3864 Datum
960 3796 1096 3863 Wienne
1117 3794 1187 3863 VII.
1218 3797 1293 3863 idus
1323 3792 1406 3868 lunii,

129 3909 309 3974 indiccione
332 3910 478 3990 septima,
502 3929 585 3975 anno
609 3912 730 3977 domini
752 3912 923 3978 millesimo
946 3911 1166 3977 ducentesimo
1188 3910 1406 3994 septuagesimo

128 4042 222 4099 nono,
244 4024 336 4104 regni
359 4042 435 4088 vero
458 4026 559 4089 nostri
583 4043 666 4090 anno
690 4023 756 4090 VI⁰.

231 4223 303 4292 Orig.
322 4237 397 4290 perg.
416 4221 559 4274 varchivu
577 4238 610 4274 m.
631 4221 735 4276 Chebu.
771 4222 788 4276 S
807 4223 906 4277 velkou
933 4223 1075 4278 voskovon
1093 4219 1184 4291 pedeti
1202 4221 1368 4277 krtlovslron
1382 4232 1410 4273 ns

128 4318 272 4372 heribanno}
298 4319 370 4371 ilute
399 4316 482 4371 sidio
509 4317 672 4371 zoveienou.
708 4318 752 4373 Na
776 4319 820 4372 lici
845 4318 934 4388 pedeti
959 4317 1019 4372 sedi
1036 4316 1097 4371 lrrrtl
1115 4333 1153 4373 na
1170 4318 1254 4372 trunb
1274 4314 1410 4383 sodznrky

128 4415 314 4481 dirstojenstvi
326 4413 521 4479 kralovskeho,
534 4413 625 4466 kolern
638 4414 710 4482 majo
725 4414 857 4483 legendu:
879 4412 1085 4479 „trvncatvs
1096 4442 1101 4454 ·
1111 4412 1175 4467 DEI
1185 4443 1191 4454 -
1203 4412 1341 4470 GRncln
1351 4410 1414 4468 410-

129 4509 315 4564 MANORVM
327 4540 331 4549 ·
343 4509 417 4563 REX
429 4538 433 4548 ·
445 4507 589 4562 SEMPER
599 4537 604 4548 ·
616 4508 826 4563 AVGVSTVS“.
845 4507 889 4564 Na
906 4510 976 4564 rubn
994 4508 1084 4579 pedeti
1097 4510 1163 4563 neni
1173 4508 1303 4566 §cirintho
1315 4510 1418 4567 kenne·

130 4607 218 4675 sigila.
236 4605 280 4660 No
297 4606 369 4660 rubu
385 4605 480 4674 listiny
498 4604 541 4659 dte
559 4621 590 4659 sc
608 4605 698 4660 rukou
724 4605 773 4660 XV
792 4605 868 4660 stol:
898 4605 1049 4671 „Rndolfus
1068 4604 1130 4671 bnt,
1153 4603 1324 4677 bestetnnge
1344 4622 1420 4664 rnser
