3098 5392
131 423 193 490 106
751 419 826 477 1108.

128 631 229 708 nouit,
263 647 388 708 census,
422 634 556 713 stayros,
584 628 756 694 iuuamina
784 631 818 694 et
846 626 955 692 omnia
983 624 1048 692 alia
1068 624 1219 693 seruicia
1249 624 1325 691 siue
1350 624 1427 689 iura

128 749 246 823 nostra,
283 761 366 826 quae
398 743 439 808 de
476 741 735 825 possessionibus
772 740 889 807 habore
927 745 960 806 et
994 739 1162 823 percipere
1193 738 1427 807 consueuimus

128 856 332 938 supradietis,
362 856 516 937 hospitali
547 855 712 939 praedicto
742 860 776 920 et
800 852 979 920 rectoribus
1002 853 1072 919 suis
1095 851 1293 919 conferimus
1316 856 1351 917 et
1372 850 1428 915 do

127 988 241 1033 namus
275 974 341 1034 tam
371 967 548 1034 liberaliter
581 986 677 1052 quam
705 967 842 1034 libenter
871 971 1026 1049 perpetuo
1065 965 1168 1033 libers
1199 964 1427 1049 possidendos,

129 1082 359 1148 transferentes
382 1080 511 1147 eosdem
534 1099 650 1147 census
673 1100 746 1147 eum
768 1079 916 1147 omnibus
939 1077 1136 1162 supradietis
1153 1076 1285 1160 juribus
1305 1077 1427 1144 nostris

130 1214 168 1261 ex
191 1200 279 1261 certa
301 1200 410 1260 nostra
440 1195 576 1260 scientia
598 1195 631 1260 in
655 1199 846 1276 potestatem
869 1199 902 1259 et
923 1193 1101 1259 dominium
1129 1191 1304 1275 hospitalis
1333 1209 1427 1273 prae

130 1308 208 1373 dicti
231 1309 265 1374 in
288 1307 436 1374 Clatouia
459 1312 492 1374 et
512 1314 669 1375 rectorem
690 1309 795 1391 ipsius
818 1307 912 1390 pleno
935 1308 1015 1388 iure,
1043 1311 1076 1373 ct
1097 1306 1305 1374 donationem
1336 1322 1427 1387 prae·

130 1422 208 1487 dicti
239 1420 379 1488 Conradi
409 1421 449 1487 de
479 1421 633 1505 praelatis
662 1421 902 1488 racionabiliter
931 1418 1191 1504 possessionibus
1220 1418 1343 1485 iactam
1373 1437 1430 1501 po·

130 1540 246 1601 testate
268 1540 379 1601 nostra
401 1535 492 1617 regia
515 1533 749 1616 confirmantes,
772 1553 792 1601 a
814 1534 936 1601 ciuium
950 1551 1077 1618 quoque
1099 1531 1252 1599 oneribus
1275 1535 1310 1597 et
1332 1549 1427 1597 uexa-

130 1648 273 1714 tionibus
296 1667 333 1714 ae
357 1648 501 1713 seruitiis
524 1646 729 1741 quibuslibet,
759 1665 843 1729 quae
872 1665 945 1713 cum
973 1646 1048 1711 aliis
1079 1643 1206 1712 ciuibus
1232 1644 1323 1711 idam
1346 1643 1424 1710 Con·

130 1762 228 1828 radus
244 1761 391 1828 debonis
413 1760 561 1841 faciebat,
584 1761 780 1844 praemissos
802 1760 912 1827 laneos
928 1764 962 1826 ot
974 1760 1059 1826 bona
1074 1759 1239 1842 praedicta
1255 1758 1422 1842 ipsumque

130 1874 290 1956 hospitale
312 1878 507 1940 structores
530 1874 601 1940 eius
624 1873 765 1956 gratiose
795 1872 964 1939 eximimus
994 1877 1028 1938 at
1055 1872 1220 1938 reddimus
1250 1870 1420 1952 absolutos,

130 1987 276 2053 fauentes
299 1987 347 2053 ais
370 1987 411 2053 de
433 1988 570 2054 aliorum
591 1985 735 2054 fidelium
757 1986 1012 2070 promotionibus
1035 1991 1069 2052 et
1085 1983 1253 2053 beneficiis
1268 1985 1310 2051 de
1325 1985 1421 2070 pleni·

130 2100 207 2166 tude
230 2101 354 2183 gratiae
376 2100 535 2181 specialis.
559 2099 588 2164 V
624 2104 731 2165 autem
753 2098 833 2165 haee
854 2103 966 2165 nostra
987 2096 1126 2179 collatio,
1148 2097 1282 2164 donatio
1306 2103 1340 2165 et
1354 2116 1422 2164 con-

132 2232 245 2279 sensus
282 2219 455 2296 perpetuae
491 2213 589 2280 robur
626 2212 792 2279 obtineant
826 2211 989 2279 firmitatis
1026 2230 1180 2295 praesens
1216 2210 1423 2295 priuilegium

132 2326 236 2392 eidem
258 2327 410 2408 hospitali
433 2333 466 2393 et
487 2327 665 2393 rectoribus
689 2328 758 2393 suis
777 2325 849 2393 dari
863 2326 1089 2393 mandauimus
1104 2326 1288 2408 sigillorum
1302 2331 1424 2392 nostro·

131 2452 201 2505 rum
223 2441 397 2507 autoritate
418 2440 611 2506 roboratum.
657 2441 776 2506 Datum
807 2440 932 2522 Pragao
960 2458 1158 2523 parmenus
1179 2439 1331 2522 magistri
1352 2437 1424 2503 We

129 2553 226 2633 balal,
249 2554 461 2635 protonotarii
489 2554 581 2637 regni
610 2554 713 2619 nostri
739 2571 823 2619 anno
846 2553 968 2619 domini
990 2550 1288 2635 MOCLXXXVIII,
1311 2556 1424 2618 octauo

128 2666 202 2730 idns
226 2666 384 2746 Octobris,
407 2667 585 2735 indictione
607 2667 756 2734 secunda.

233 2818 317 2873 Liber
333 2819 537 2890 priuilegiorum
556 2837 657 2877 aurens
672 2821 741 2876 ludu
753 2820 967 2877 esmovnieksno
986 2820 1149 2876 sdsrvsnou
1166 2819 1293 2875 bsdsdon
1311 2817 1425 2874 vPrfle

132 2931 168 2970 na
186 2915 202 2969 l.
223 2921 281 2972 102.
318 2915 342 2969 V
360 2919 451 2970 tonse
468 2916 601 2986 rukopise
626 2933 663 2972 na
680 2917 697 2971 l.
717 2922 767 2972 109
785 2936 809 2974 a.
827 2919 933 2986 supstn
953 2916 985 2984 ja
1001 2917 1134 2972 sdnovaoi
1150 2915 1199 2973 list
1216 2913 1346 2973 mddtaua
1362 2915 1425 2970 Kla-

130 3009 423 3066 torskthoKunrataz
433 3011 583 3067 Pomulrua
593 3028 614 3069 ιτ
623 3012 769 3081 maiani
778 3015 824 3067 snt
832 3013 926 3067 teleto:
939 3011 1014 3082 „Ego
1024 3010 1426 3067 Conraduadictusdel’omuk

131 3107 199 3161 ciuis
218 3107 402 3164 Glatouiensis
430 3114 524 3162 notum
553 3123 616 3164 esse
642 3108 723 3179 cupio
747 3124 799 3179 per
816 3114 980 3179 praesentes
998 3114 1055 3165 tam
1072 3107 1269 3180 praesentibus
1287 3124 1371 3178 quam
1388 3108 1425 3162 in·

131 3204 209 3269 turis,
236 3203 309 3274 qnod
328 3219 378 3274 ego
398 3203 432 3259 ad
450 3203 561 3259 laudem
580 3212 608 3259 et
626 3205 758 3261 honorem
787 3204 832 3259 dei
860 3204 1056 3276 omnipotentis
1082 3211 1110 3260 et
1134 3210 1290 3276 perpetuas
1313 3203 1424 3274 virginis

131 3299 237 3354 blariae
271 3300 300 3354 in
326 3300 516 3356 remissionem
543 3307 716 3370 peccatorum
744 3317 866 3358 meorum
894 3308 923 3357 et
951 3301 1111 3359 censuimus
1136 3298 1264 3373 coniugis
1291 3316 1372 3356 meae
1397 3317 1427 3357 aa

132 3396 250 3449 omnium
269 3400 425 3451 nostrorum
438 3395 683 3466 praedeeessorum
699 3413 743 3452 ms
762 3398 852 3467 obligo
871 3404 899 3452 et
917 3397 1047 3468 promitto
1059 3397 1199 3468 hospitale
1210 3396 1425 3453 construendum

132 3492 203 3545 cirea
227 3492 442 3547 Glattoniensem
466 3493 614 3559 ciuitatem,
642 3493 670 3547 in
687 3510 742 3564 qno
767 3509 905 3564 pauperes
927 3500 954 3549 et
971 3492 1078 3549 debiles
1104 3497 1286 3550 assumantur
1302 3500 1332 3548 st
1349 3494 1378 3548 in
1396 3508 1424 3548 sc

133 3588 254 3656 quolibet
272 3588 317 3643 die
335 3587 494 3643 reficiantur
512 3594 540 3643 et
558 3587 612 3644 alia
630 3589 833 3646 misericordiae
851 3606 938 3660 opera
952 3589 1156 3659 impendantur.
1190 3589 1329 3645 Promitto
1347 3590 1423 3644 etiam

133 3684 221 3737 eidem
239 3684 369 3754 hospitali
389 3684 423 3738 de
441 3685 521 3740 bonis
540 3701 556 3740 a
574 3683 626 3740 deo
642 3685 707 3738 mihi
720 3684 827 3740 collatis
846 3685 943 3740 dotare
959 3685 989 3740 iu
1007 3684 1080 3740 buno
1097 3683 1222 3741 modum:
1240 3685 1348 3740 curiam
1366 3689 1422 3740 aab

133 3779 280 3844 siccitatem,
307 3779 503 3850 prosator-ium,
530 3785 669 3835 trecentas
698 3796 773 3846 ones,
800 3779 895 3835 docem
922 3787 950 3835 et
976 3780 1042 3836 VIII
1065 3781 1162 3849 boues,
1185 3780 1342 3851 v1equos,
1366 3778 1424 3833 vul

133 3891 238 3940 sarteas,
256 3875 382 3929 lralneum
401 3875 429 3929 in
448 3875 567 3943 ciuitate,
586 3876 729 3931 macellum
748 3876 856 3944 ibidem,
875 3877 984 3931 hortum
997 3883 1063 3933 ante
1074 3877 1222 3943 ciuitatem,
1240 3876 1421 3933 molendinum

133 3973 160 4025 in
178 3971 375 4025 Tlnozunowielr
388 3987 447 4024 esim
461 3971 569 4025 duoluis
588 3973 675 4027 laneis
694 3971 795 4026 ibidem
809 3979 836 4025 et
848 3970 919 4028 duos
937 3972 1034 4027 laneos
1046 3972 1074 4026 in
1085 3972 1211 4028 Tochnik
1223 3988 1287 4028 cum
1303 3972 1423 4028 omnibus

134 4068 312 4121 uestiuulilurs
332 4074 359 4120 et
376 4067 548 4135 hyemalibus
575 4067 708 4122 dictorum
736 4068 877 4121 laneorum
902 4074 931 4121 et
955 4084 1015 4121 cunm
1040 4067 1156 4136 singulis
1183 4068 1283 4138 pratis,
1310 4067 1424 4138 pascuis

135 4164 212 4217 silnis
232 4162 319 4216 eidem
338 4162 468 4230 hospitali
488 4163 663 4230 assignando.
690 4163 822 4217 Promitto
842 4162 923 4217 etiam
942 4170 971 4217 et
989 4178 1078 4217 ironico
1096 4162 1288 4232 inpraesenti
1305 4164 1424 4219 ordinem

133 4260 246 4313 fratrum
275 4258 466 4312 stelliferas-nm
494 4259 640 4328 hospitalis
664 4259 811 4327 Progensis
836 4259 870 4313 ad
896 4259 995 4329 pedem
1019 4259 1112 4329 pontis
1133 4275 1277 4315 assumam
1295 4276 1355 4316 uua
1370 4275 1425 4315 auu

134 4354 293 4423 supradicto
310 4355 425 4422 continge
443 4370 504 4408 nrea
523 4362 550 4407 et
569 4354 656 4407 eidem
682 4354 772 4408 ordini
790 4354 882 4409 iacere
901 4354 1110 4424 professionem.
1132 4354 1168 4409 Et
1186 4371 1223 4409 ne
1243 4356 1329 4411 alicui
1347 4372 1428 4427 super

134 4452 185 4504 boe
210 4450 321 4503 dubium
346 4451 449 4506 oriatur·
473 4457 647 4520 praesentem
672 4451 824 4505 elrartulam
852 4451 940 4519 sigillo
967 4451 1088 4508 siccitatis
1110 4457 1224 4508 nostrae
1243 4453 1429 4509 Clatouisnsis

136 4547 216 4600 dictis
248 4546 386 4600 stelliferis
413 4547 477 4601 dedi
504 4547 667 4601 roboratam.
703 4547 779 4601 Haec
809 4554 902 4602 autom
929 4549 1021 4603 omnia
1050 4553 1112 4602 acta
1138 4552 1204 4602 sunt
1231 4550 1431 4618 praesentibus

56 4676 59 4683 -
135 4643 253 4698 testibus
271 4643 407 4697 Hartwico
422 4642 524 4710 judice,
552 4645 683 4698 ll'ernero
708 4645 780 4699 dicto
806 4645 944 4711 Misserio,
971 4644 1106 4714 Ginsrigo‚
1132 4643 1272 4700 Merklino
1301 4638 1432 4714 Besold'o,
