3150 5378
733 442 807 493 1278.
1383 442 1426 505 69

131 654 209 719 Beln
232 659 267 719 et
290 652 477 733 Ohotebors,
500 652 541 718 ad
563 670 644 736 quas
666 670 776 719 omnes
794 656 919 718 montes
941 650 1066 717 inuenti
1088 651 1122 715 in
1144 649 1247 715 laneis
1270 651 1424 732 ipsorum,

131 767 215 849 qnod
237 768 419 850 vulgariter
440 767 559 833 dicitur
573 765 708 848 hueben,
725 767 782 849 qni
803 767 852 832 eis
875 770 952 831 sunt
968 763 1155 844 mensurati,
1182 782 1255 829 cnm
1276 782 1426 830 mensura

133 886 161 944 et
182 881 273 945 omni
296 880 368 946 iure
391 898 450 947 sno
472 879 686 963 pertinebunt
711 875 788 967 [60].
812 878 902 961 Item,
919 879 975 961 qui
992 881 1239 961 presumptuose
1259 876 1427 944 tabernam

133 993 274 1075 aliquam
305 991 480 1058 intrauerit
501 993 631 1059 racione
655 992 734 1074 rire,
766 997 799 1057 et
824 992 853 1058 si
875 991 995 1057 ibidem
1016 990 1156 1058 mouerit
1176 991 1318 1073 aliquam
1340 992 1427 1058 inso-

133 1107 278 1186 lenciam,
308 1111 483 1190 antequam
515 1112 641 1190 portato
672 1105 735 1173 sibi
761 1110 841 1189 potu
873 1106 972 1172 semel
1005 1104 1132 1186 biberit,
1167 1105 1335 1171 conuictus
1367 1123 1426 1187 pro

135 1221 302 1287 innasione
324 1220 438 1287 domus
460 1219 665 1286 indicabitur.
708 1218 743 1286 Si
764 1225 872 1286 antem
893 1219 1018 1285 intrans
1039 1216 1197 1299 requisito
1227 1223 1306 1301 potu
1328 1217 1427 1283 semel

135 1331 258 1415 biberit,
289 1338 324 1399 et
344 1338 458 1416 postea
483 1334 625 1401 insolens
647 1332 756 1414 fuerit,
771 1349 835 1399 non
850 1331 1047 1399 indicabitur
1061 1350 1119 1414 pro
1135 1332 1287 1398 inuasere
1302 1332 1424 1398 domus.

136 1445 206 1532 [61].
237 1447 333 1529 Item,
363 1447 545 1529 statuimus,
573 1451 612 1512 ut
639 1446 680 1512 de
701 1444 849 1512 omnibns
879 1446 966 1529 agris
999 1446 1203 1526 mensuratis,
1236 1444 1426 1527 pertinenti-

135 1558 188 1625 bus
220 1560 265 1626 ad
291 1567 435 1627 nostram
461 1561 636 1641 ciuitatem,
667 1560 708 1626 de
734 1560 877 1643 quolibet
909 1560 1002 1627 laneo
1032 1561 1125 1629 nobis
1159 1559 1295 1625 dimidia
1319 1574 1426 1622 marca

137 1675 202 1754 puri
233 1675 363 1756 argenti
386 1694 444 1757 pro
467 1693 566 1742 censu
587 1674 799 1760 persoluetur.
830 1673 888 1741 Hii
910 1692 986 1741 vero
1009 1679 1085 1741 sunt
1105 1675 1187 1758 agri,
1208 1673 1264 1756 qui
1287 1672 1329 1738 ad
1351 1690 1425 1738 ean·

139 1786 203 1853 dam
224 1792 372 1853 noemam
387 1791 550 1870 pertinent
567 1790 743 1871 ciuitatem,
764 1787 1148 1870 videlicetShenkeldorf,
1159 1785 1425 1866 Hruechenetein,

139 1901 220 1966 ouda
249 1901 422 1968 Wemheri
455 1901 584 1985 ibidem,
615 1903 706 1969 curia
734 1901 907 1969 Hammoni
936 1901 1020 1984 Rufi,
1043 1902 1134 1968 curia
1155 1899 1302 1967 Heinrici
1324 1898 1424 1964 Bihn·

140 2015 236 2096 aehen,
260 2015 352 2080 curia
375 2015 524 2098 Pabonis,
553 2034 635 2082 rnus
665 2018 777 2083 laneus
799 2015 987 2097 Eccohardi,
1016 2017 1099 2082 alter
1128 2014 1282 2081 dimidius
1311 2013 1424 2078 laneus

142 2127 264 2194 rimoldi
300 2128 506 2210 Ganehower,
538 2136 676 2212 quatuor
708 2130 793 2198 lanei
827 2130 996 2197 Wemheri
1029 2130 1122 2210 Etch,
1157 2129 1247 2195 curia
1281 2126 1423 2193 Conradi

143 2240 214 2322 tlbi,
246 2242 320 2323 agri
346 2240 467 2308 domini
490 2241 670 2309 Eberhardi
698 2243 835 2325 antiqui,
858 2244 949 2309 curia
971 2242 1113 2308 Cnnradi
1135 2240 1269 2308 Herstul
1291 2245 1325 2306 et
1345 2240 1423 2305 villa

143 2356 259 2421 nomine
281 2354 407 2439 Poywa,
430 2356 521 2422 curia
541 2354 712 2423 Wernhcri
732 2357 768 2423 in
789 2355 934 2422 Wezzela
954 2361 987 2422 et
1016 2356 1107 2423 curia
1129 2355 1266 2422 Beronis
1292 2352 1421 2433 ibidem,

144 2467 337 2535 dobelsztorl
358 2488 430 2534 cnm
451 2469 540 2552 agris
564 2469 706 2551 Claricii,
736 2470 862 2536 scilicet
890 2474 1005 2552 quarto
1034 2468 1169 2535 dimidio
1190 2469 1283 2534 laneo
1313 2472 1346 2533 et
1374 2467 1423 2532 di·

143 2581 228 2648 uidio
251 2582 404 2663 quartali,
427 2587 461 2647 et
486 2583 575 2649 curie
595 2581 746 2648 Vlmanni
768 2588 802 2649 et
821 2583 935 2649 relicte
956 2582 1130 2664 Wilhclmi,
1153 2588 1187 2648 et
1207 2600 1289 2648 rnus
1310 2581 1423 2647 laneus

145 2691 297 2775 lesshers,
322 2701 355 2760 et
376 2696 466 2761 curia
487 2695 637 2762 Reinoldi
659 2696 693 2761 in
717 2694 957 2779 Gemmgestorf.
981 2695 1041 2761 Isti
1063 2702 1097 2762 et
1111 2714 1221 2762 omnes
1243 2696 1313 2778 agri
1335 2712 1423 2761 men-

145 2811 230 2875 surati
254 2815 289 2874 et
311 2827 376 2875 non
397 2811 575 2876 mensurati
597 2810 638 2875 ad
660 2815 803 2877 nostram
825 2810 992 2877 ciuitatem
1013 2810 1210 2892 pertinentes
1225 2809 1260 2876 in
1275 2808 1423 2876 omnibus

144 2923 274 2990 collectis
297 2928 331 2990 et
352 2924 426 2989 aliis
456 2925 605 2991 seruitiis
639 2925 860 2992 communibus
894 2926 1038 2991 seruient
1070 2944 1142 2990 cum
1164 2923 1306 2989 ciuitate.
1342 2920 1421 3006 [62].

142 3034 268 3121 Insuper
290 3056 401 3103 omnes
424 3038 605 3121 piscaturas
628 3041 799 3106 statuimus
822 3040 950 3121 liberas,
974 3046 1006 3106 et
1020 3039 1211 3122 quicumque
1233 3055 1288 3102 eas
1310 3035 1424 3101 iecerit

141 3154 310 3232 censuales,
343 3153 449 3217 soluat
477 3154 540 3218 tria
562 3154 691 3220 talenta.
727 3153 806 3237 [63].
838 3154 988 3220 Preterea
1011 3170 1120 3220 omnes
1142 3152 1206 3217 alie
1226 3149 1423 3217 hereditates

139 3267 199 3332 sine
220 3269 256 3332 in
289 3267 423 3332 ciuitate
453 3268 524 3333 eiua¹
558 3272 648 3333 entra
682 3269 856 3350 ciuitatem,
890 3287 971 3352 quas
1001 3268 1169 3350 possident
1200 3266 1300 3332 iidem
1333 3264 1422 3330 ciues

138 3381 240 3459 nostri,
275 3380 311 3443 in
346 3378 502 3460 domibus,
537 3381 731 3447 molendinis
767 3385 799 3446 et
827 3382 970 3450 macellis
1002 3381 1146 3448 carnium
1169 3380 1240 3446 siue
1261 3378 1365 3462 panis,
1388 3377 1421 3441 in

137 3493 296 3573 apothecis
332 3493 515 3558 institorum
547 3500 581 3558 et
614 3495 646 3558 in
669 3494 759 3575 ortis,
782 3493 882 3559 libere
911 3495 977 3560 sint
998 3493 1038 3560 ab
1061 3495 1146 3560 omni
1170 3512 1277 3572 censu,
1300 3495 1422 3573 preter-

138 3622 223 3686 quam
247 3625 323 3672 cum
345 3605 500 3672 incumbit
522 3606 698 3673 necessitas
729 3607 855 3673 ciuitati
878 3608 1054 3690 generalie3
1077 3613 1153 3673 tunc
1177 3606 1352 3673 secundum
1373 3610 1421 3670 te·

139 3721 296 3785 racionem
320 3719 497 3785 iuratorum
527 3719 644 3786 debent
673 3719 845 3786 subuenire
875 3721 1002 3786 ciuitati
1024 3722 1057 3786 iu
1081 3722 1214 3787 collecta
1236 3725 1269 3785 et
1290 3720 1324 3785 in
1346 3719 1421 3784 aliis

142 3835 281 3900 semiciis
317 3840 481 3916 oportune.
513 3831 591 3917 [64].
629 3833 718 3913 Item,
753 3834 781 3898 si
810 3833 883 3915 quis
917 3834 957 3898 de
978 3833 1136 3899 militibus
1158 3839 1215 3899 aut
1237 3833 1277 3897 de
1298 3831 1421 3897 familia

142 3952 240 4011 nostra
264 3947 448 4027 excesserit,
472 3965 573 4029 usque
595 3945 636 4010 ad
651 3951 794 4011 nostram
808 3947 1008 4027 presenciam
1023 3946 1215 4027 detineatur,
1239 3947 1315 4028 quia
1330 3946 1420 4010 saluo

144 4056 203 4124 iure
217 4060 335 4126 iudicis
358 4060 460 4125 nostri
475 4061 557 4125 tales
572 4059 793 4141 personaliter,
809 4058 1025 4124 mediantibus
1048 4060 1163 4124 innatis
1178 4061 1308 4140 nostrie,
1330 4060 1421 4124 uolu-

144 4189 204 4237 mus
236 4175 387 4240 iudicare.
424 4174 467 4239 Et
499 4176 527 4239 ei
557 4173 657 4256 judex
686 4174 740 4239 uel
764 4174 865 4255 jurati
892 4175 995 4239 nostri
1018 4181 1074 4241 aut
1096 4174 1213 4257 aliquis
1236 4173 1277 4238 de
1298 4172 1421 4238 familie

146 4287 392 4355 nostraoliensua
408 4294 465 4353 aut
478 4289 566 4354 lesus
583 4289 633 4353 sel
649 4289 775 4353 occisus
797 4287 905 4368 fuerit,
922 4289 1013 4354 saluo
1036 4289 1106 4353 iure
1128 4288 1256 4366 iudicis,
1279 4286 1421 4352 median-

146 4397 221 4463 thus
248 4403 373 4479 iuratis,
408 4403 622 4484 personaliter
644 4403 828 4468 huiusmodi
852 4421 982 4468 causam
1011 4403 1074 4467 rite
1097 4402 1243 4466 volumus
1265 4400 1418 4466 iudicare.

149 4507 215 4594 [til
244 4514 331 4597 Itam,
358 4517 514 4596 volumus,
545 4521 580 4581 ut
614 4517 721 4581 nullus
752 4516 892 4598 aliquam
925 4516 1136 4581 hereditatem
1164 4516 1262 4581 alicui
1285 4514 1421 4580 ecclesie

149 4625 275 4695 conterat
296 4648 354 4712 pro
377 4630 483 4695 anime
505 4647 563 4694 sue
578 4628 729 4707 remedio,
750 4628 807 4694 sed
829 4628 933 4695 solum
954 4630 995 4695 de
1016 4630 1172 4712 promptis
1195 4635 1228 4696 et
1248 4628 1420 4696 mobilibus
