3098 5392
651 449 726 501 rutr.
1285 454 1347 518 237

56 660 85 724 in
106 657 219 724 eadem
242 675 370 741 semper
392 658 548 724 hactenus
578 657 759 725 obseruatis
789 659 823 724 in
845 657 932 725 diem
953 659 1070 725 Martis
1101 661 1276 728 cuiuslibet
1298 681 1349 728 se·

52 772 194 854 ptimane
226 775 384 855 perpetuo
416 771 614 838 transierant
646 777 680 838 et
707 776 920 855 transponant
952 791 990 839 ac
1012 776 1155 856 presenti
1185 776 1270 841 serie
1301 777 1350 844 sic

50 885 250 969 transposita
265 890 298 951 et
311 887 472 953 translata
486 885 527 952 ab
541 886 714 968 vniuorsis,
731 887 786 970 qui
802 887 973 969 voluerint,
990 887 1031 953 de
1048 891 1155 955 cetero
1167 888 1268 955 libere
1287 889 1350 956 fre·

49 998 244 1080 quentanda
269 998 320 1065 lid
330 999 548 1065 insistendum
559 1018 685 1084 quoque
699 1000 912 1082 malignorum
929 999 1115 1082 insultibus,
1138 1001 1194 1083 qui
1210 1003 1349 1084 plerum-

48 1131 112 1195 que
141 1131 181 1178 ex
204 1112 397 1180 dilectorum
430 1112 523 1181 nobis
546 1113 667 1181 ciuium
691 1112 898 1198 capcionibue
933 1114 1029 1181 simul
1060 1120 1092 1181 et
1122 1115 1349 1183 exactionibus

47 1225 226 1292 eorundem
245 1225 287 1291 ad
301 1225 541 1308 persistendum
556 1227 685 1293 diucius
700 1227 735 1292 iu
751 1228 820 1294 suis
834 1225 1002 1294 maleficiis
1018 1227 1139 1295 sorcius
1155 1229 1348 1312 animantur,

48 1339 132 1423 ipsis
155 1338 284 1406 ciuibus
307 1339 368 1407 sub
390 1340 621 1408 obseruatione
643 1345 800 1424 perpetua
821 1341 970 1407 districte
989 1342 1186 1425 precipimus
1209 1347 1243 1408 et
1260 1361 1349 1408 man-

48 1454 175 1535 damus,
199 1458 243 1535 vt,
267 1456 297 1520 si
320 1455 392 1537 quis
415 1473 525 1522 eorum
548 1473 607 1538 per
627 1456 719 1538 regni
741 1456 844 1522 nostri
874 1456 1027 1538 profugos
1057 1456 1110 1521 uel
1132 1474 1349 1538 quoscumque

48 1565 213 1634 maleficos
237 1572 270 1633 et
284 1566 443 1650 predones
466 1568 619 1651 deinceps
642 1568 825 1651 captiuatos
848 1568 955 1650 fuerit,
978 1574 1014 1634 rt
1037 1587 1097 1635 sua
1122 1575 1350 1653 extorqueatur

48 1682 190 1764 pecunia
223 1679 408 1762 abeodem,
438 1680 538 1764 judex
569 1683 680 1748 statim
714 1686 747 1746 et
764 1681 876 1765 jurati,
900 1683 955 1765 qui
985 1683 1018 1747 in
1041 1682 1188 1764 predicta
1217 1685 1351 1750 ciuitate

48 1800 162 1860 nosha
193 1813 251 1876 pro
274 1799 418 1877 ternpore
447 1793 569 1861 fuerint
602 1794 781 1876 constituti,
815 1800 967 1877 percepta
995 1795 1180 1861 huiusmodi
1214 1798 1351 1863 veritate

51 1909 99 1974 sic
121 1907 295 1974 recludant
316 1907 376 1973 sub
398 1890 489 1974 firma
512 1906 660 1975 custodia
682 1908 772 1974 rxori
795 1909 923 1974 cuidam
945 1909 1054 1974 taliter
1077 1908 1232 1991 captiuati
1259 1915 1291 1975 et
1312 1911 1351 1976 li-

50 2020 136 2086 beris
161 2021 271 2086 omnia
292 2019 376 2087 bona
398 2039 467 2101 sua,
500 2020 586 2102 quod
608 2020 649 2087 de
671 2021 752 2103 ipsis
775 2022 859 2086 vltra
885 2022 990 2087 victus
1020 2022 1204 2088 necessaria
1226 2024 1350 2089 nullum

53 2152 148 2216 posse
170 2133 324 2199 maritum
346 2138 403 2199 aut
424 2138 549 2215 patrem
571 2132 710 2199 habeant
733 2153 804 2199 eum
827 2135 891 2199 vlla
913 2136 1051 2217 pecunia
1072 2134 1261 2201 redimendi.
1306 2136 1351 2201 Et

56 2248 177 2329 siquis
201 2246 454 2330 propinquorum
483 2248 642 2330 premisso
671 2247 766 2313 modo
788 2247 912 2313 detenti
941 2268 998 2331 pro
1021 2249 1125 2330 ipsius
1155 2249 1350 2316 liberatione

57 2362 162 2428 uotiua
184 2361 284 2426 vllam
306 2364 416 2426 contra
432 2359 626 2443 premissum
648 2358 834 2434 mandatum
853 2366 999 2426 nostrum
1015 2363 1247 2445 presumpserit
1262 2363 1350 2429 euhi-

59 2475 126 2542 bere
149 2474 331 2563 pecuniam,
365 2479 536 2556 postquam
568 2473 609 2539 de
631 2473 817 2540 huiusmodi
849 2479 942 2540 reatu
966 2474 1132 2542 conuictus
1167 2476 1266 2543 fuerit
1298 2479 1350 2543 uel

64 2589 231 2669 confessus,
256 2593 368 2654 nostre
390 2588 596 2654 adiudicatus
618 2587 775 2653 habeatur
797 2587 906 2670 gracie
927 2588 1024 2654 rebus
1047 2589 1194 2656 omnibus
1224 2595 1258 2655 et
1279 2610 1351 2672 per-

64 2720 139 2767 sona
185 2703 347 2768 Detentus
370 2707 477 2768 tamen
501 2702 647 2785 quilibet,
677 2708 847 2785 postquam
877 2703 948 2768 sine
970 2704 1223 2769 commutacione
1250 2704 1351 2786 precii

66 2813 194 2882 lbertati
217 2815 319 2882 fuerit
341 2817 478 2898 pristine
499 2819 680 2897 restitutus,
703 2817 796 2882 bonis
818 2818 885 2883 suis
901 2822 1010 2882 utatur
1033 2817 1133 2883 libere
1155 2818 1244 2882 uelut
1265 2821 1348 2883 ant.

68 2930 271 2995 lduertentes
294 2930 406 3009 eciam,
429 2930 516 3010 quod
538 2930 700 2995 hominum
725 2930 924 3010 quorundam
946 2930 1111 3015 temeritas
1134 2929 1269 3011 prodiga
1285 2931 1351 2995 vite

68 3061 112 3108 sue
131 3043 295 3126 reperitur
317 3044 351 3108 in
366 3041 524 3108 effusione
538 3044 669 3108 humani
686 3044 854 3125 sanguinis
876 3045 972 3109 nimis
989 3062 1098 3125 prona,
1122 3042 1270 3108 districte
1292 3044 1350 3108 im-

69 3162 244 3239 perpetuum
267 3155 463 3237 precipimus
494 3155 670 3235 obserueri,
701 3173 741 3220 ne
764 3157 836 3237 quis
867 3157 901 3220 in
924 3155 1048 3237 prefate
1077 3156 1210 3220 ciuitate
1240 3162 1351 3221 nostra

70 3287 113 3349 pro
133 3270 308 3337 homicidio
331 3274 388 3334 aut
411 3269 666 3351 quibuscumque
689 3269 969 3335 vulneracionibus
992 3270 1185 3351 perpetretis
1209 3269 1351 3334 duellum

72 3381 206 3469 deinceps
229 3384 374 3450 indicere
400 3383 519 3449 audeat
541 3384 594 3449 uel
617 3383 718 3448 eciam
749 3383 902 3463 duellare,
926 3402 1056 3449 causam
1087 3402 1178 3448 suam
1201 3402 1351 3464 prosecu-

72 3501 145 3565 turus
188 3501 280 3564 iuxta
312 3497 448 3563 formam
484 3497 801 3580 Meideburgensium
839 3498 961 3580 jurium
999 3497 1154 3562 hactenus
1189 3498 1349 3561 usitatam.

73 3607 169 3680 lullus
193 3613 297 3680 eciam
332 3613 397 3678 iam
419 3610 506 3678 dicte
527 3611 672 3677 ciuitatis
703 3616 813 3677 nostre
835 3611 957 3676 ciuium
985 3611 1152 3693 proprium
1173 3612 1351 3692 genitorem

75 3727 113 3790 uel
131 3729 232 3794 eciam
255 3726 446 3810 genitricem
467 3726 502 3791 in
525 3724 712 3804 vendendis,
737 3724 927 3806 obligandis,
951 3724 1171 3806 permutandis
1199 3725 1250 3789 uel
1273 3744 1349 3806 quo·

14 3898 18 3923 2
75 3857 191 3923 cunque
223 3839 319 3907 modo
350 3839 511 3905 voluerint
543 3838 724 3904 alienandis
754 3837 1000 3919 hereditatibus,
1036 3856 1098 3919 que
1131 3838 1268 3903 adeum
1298 3839 1350 3903 uel

11 3998 15 4039 :
74 3969 125 4020 ean
147 3955 356 4022 successione
377 3952 536 4036 legittima
558 3957 635 4018 sunt
656 3971 675 4017 a
699 3952 950 4034 quibuscumque
973 3952 1041 4018 suis
1064 3950 1216 4017 deuolute
1236 3969 1350 4035 proge-

10 4096 12 4115 =
72 4067 225 4151 nitoribus,
248 4067 453 4150 aliquatenus
476 4066 517 4133 de
536 4071 642 4132 cetero
665 4067 772 4131 valeat
795 4066 845 4131 uel
869 4065 985 4131 debeat
1014 4065 1180 4147 impedire,
1211 4064 1288 4146 quin
1310 4063 1351 4130 de

71 4182 106 4247 eis
130 4185 165 4250 in
188 4187 258 4250 toto
289 4182 342 4247 uel
374 4181 407 4246 in
430 4183 522 4264 parte
545 4199 671 4262 semper
705 4185 737 4246 et
760 4180 849 4245 licite
871 4179 991 4245 faciant
1024 4184 1057 4244 et
1078 4178 1185 4244 faeere
1213 4179 1352 4260 valeant,

67 4297 207 4382 qnoqnid
231 4315 344 4363 eorum
366 4295 525 4361 voluntati
547 4294 706 4378 placuerit
739 4298 771 4359 et
793 4294 841 4359 eis
863 4292 978 4358 melius
1002 4292 1165 4357 videbitur
1192 4292 1352 4374 expedire.

65 4406 209 4478 Volumus
233 4415 393 4493 preterea,
416 4408 503 4491 quod
526 4409 555 4474 si
578 4408 651 4489 quis
674 4407 891 4489 predictorum
912 4411 1094 4472 nostrorum
1111 4406 1231 4471 ciuium
1252 4405 1353 4471 alium

59 4543 149 4608 super
183 4525 260 4591 vllis
296 4521 619 4589 reconciliationibus
654 4526 744 4586 erma
773 4520 948 4603 judiciaria
982 4538 1134 4601 scampna
1169 4519 1266 4586 iactis
1300 4521 1353 4584 uel

56 4641 156 4706 eciam
179 4656 281 4720 super
304 4635 560 4718 quibuscumque
582 4634 741 4701 mercibus
764 4634 892 4699 duxerit
907 4633 1142 4715 impetendum,
1168 4634 1253 4698 hunc
1275 4633 1352 4698 sim-
