3098 5392
138 416 201 482 140
758 414 833 466 reos.

135 626 310 693 secundum
340 623 605 690 consuetudinem
634 627 744 689 nostro
773 621 895 688 iudicio
921 638 959 686 ac
982 637 1107 686 camere
1136 635 1338 684 reseruemus.
1371 618 1398 684 Ir

135 739 227 805 cuius
249 739 297 804 rei
319 738 539 804 testimouium
563 742 621 803 etc.

236 909 362 979 Rukopis
388 909 508 964 Praisire
535 907 660 979 kspiton
686 906 890 974 „Formuiarius
909 905 1026 961 Joennis
1045 903 1187 960 Pnimdu‘
1208 905 1275 974 sign.
1293 903 1316 958 J.
1330 911 1357 959 id
1371 919 1395 957 rs

132 1005 151 1058 l.
170 1009 221 1058 sot
239 1024 256 1057 a
272 1021 306 1059 za
324 1005 463 1074 uspisem:
484 1002 655 1072 „Episcopus
668 1003 741 1057 locat
753 1000 925 1072 episcopalia
933 1002 1008 1056 bona
1018 999 1267 1057 condicionaliter:⁴
1281 999 1361 1055 -Jar
1370 999 1394 1053 ii'

132 1101 179 1170 hyl
202 1101 351 1170 Pradskim
375 1099 522 1168 biskupem
547 1096 583 1152 od
607 1115 627 1151 r.
655 1103 835 1153 reor-1343.
861 1128 893 1136 -
918 1094 1048 1166 Pslacky,
1072 1083 1148 1152 Uber
1167 1094 1395 1150 Formelbdcharii„

134 1202 181 1253 str.
195 1201 261 1264 2093
279 1195 350 1250 lrdei
368 1194 434 1250 take
448 1195 515 1262 jsou
527 1193 694 1263 uverejneny
712 1209 750 1248 ns
768 1198 816 1248 str.
830 1197 880 1248 208
900 1209 917 1247 a
934 1197 986 1248 210
1003 1192 1121 1248 termule
1135 1190 1232 1261 jiuych
1249 1191 1316 1246 drou
1330 1190 1395 1245 scih·

133 1292 228 1347 dacich
246 1293 324 1347 iistis
343 1290 484 1346 mtstedek
502 1290 694 1361 biskupslrych
706 1308 721 1344 z
733 1292 794 1345 cese
813 1288 886 1359 doby
904 1306 922 1345 a
938 1291 1057 1345 stomie
1074 1288 1209 1359 rukopise
1231 1285 1395 1356 zachormtdc

714 1553 779 1638 de.
808 1571 858 1637 ro.

613 1741 763 1832 [Kolem
785 1762 818 1812 r.
840 1741 952 1832 1303.]

133 1917 277 2003 Prudskd
307 1917 418 2002 melae
448 1919 517 1985 Jan
538 1919 560 1983 I
563 1918 593 1981 V
611 1939 628 1984 a
643 1919 762 1984 Draiic
791 1918 967 2002 osaoboaspc
1002 1917 1151 2001 rycdtdo‘e
1180 1940 1201 1984 a
1227 1917 1344 2001 kostelp
1364 1915 1397 1979 di·

132 2030 305 2115 stupeatur
326 2028 483 2098 mistcdko
505 2010 655 2118 [Cessero
679 2029 829 2119 Breuci]
858 2031 899 2096 od
915 2031 1047 2113 placent
1065 2030 1167 2097 otrodo
1187 2053 1233 2098 aa
1252 2031 1328 2118 dtpr'i
1344 2030 1398 2101 tta,

132 2143 194 2225 uby
225 2144 354 2227 acprots'
383 2149 470 2210 tomo
491 2141 651 2220 mistedlco,
675 2145 729 2227 jai
761 2143 868 2227 cpa'dp
896 2142 1143 2230 aepr'dtdslcy'rai
1174 2145 1267 2212 celica
1292 2141 1398 2226 atrpdo

412 2256 506 2323 lidmr'
526 2259 606 2322 nord
624 2256 742 2322 osods'li
763 2278 785 2322 o
807 2256 978 2323 hrodberti
998 2257 1142 2341 ορονηιῖἰ.

235 2431 301 2525 Nos
325 2431 489 2498 Johannes
524 2431 576 2496 dei
607 2432 717 2514 gracia
739 2431 912 2515 Pragensis
944 2431 1116 2516 episcopus
1146 2439 1258 2500 uotum
1280 2451 1343 2500 esse
1358 2446 1396 2494 ro

129 2544 235 2609 iumus
259 2545 419 2610 vniuersis
443 2549 608 2626 presentes
632 2544 743 2609 literas
765 2545 972 2628 inspecturis,
998 2545 1084 2631 quod
1106 2564 1165 2612 nos
1189 2548 1328 2613 volentes
1344 2560 1396 2610 cou-

131 2656 291 2724 dicionem
313 2663 456 2724 nostram
478 2664 511 2724 et
533 2658 706 2740 Prsgensis
729 2658 866 2725 ecclesie
891 2658 998 2726 iacere
1019 2660 1195 2741 meliorem,
1226 2659 1395 2727 auerterat

130 2770 242 2852 eciam,
276 2771 361 2856 quod
391 2790 549 2855 pauperes
579 2790 599 2836 a
627 2772 739 2839 multis
768 2774 937 2840 retroactis
966 2774 1165 2857 temporibus
1199 2792 1258 2857 per
1287 2771 1396 2839 insum

132 2884 335 2951 inimicorum
357 2885 511 2951 hactenus
534 2885 753 2952 diuersimode
776 2887 842 2952 sint
860 2888 1017 2969 oppressi,
1039 2886 1158 2954 futuris
1174 2888 1335 2971 cupientes
1346 2899 1396 2967 pre

131 3017 246 3065 cauere
268 2999 432 3083 periculis,
457 2999 583 3065 ciuibus
606 3000 665 3066 de.
681 3051 706 3081 .,
737 3001 855 3083 oppido
885 2999 1006 3067 forensi
1036 3002 1243 3085 episcopatus
1272 3000 1396 3079 nestit

130 3112 211 3178 testo
233 3113 319 3180 beati
343 3112 475 3195 Georgii
498 3112 642 3194 proxime
664 3113 818 3195 preterito
845 3131 903 3195 per
925 3117 1064 3194 quatuor
1091 3131 1251 3181 annorum
1282 3111 1397 3198 spacium

130 3227 163 3291 in
186 3227 270 3293 hunc
293 3226 422 3293 modum
445 3225 593 3291 dedimus
616 3225 809 3306 libertatem,
831 3224 984 3293 videlicet
1004 3226 1090 3311 quod
1112 3225 1146 3292 d.
1158 3227 1261 3310 judex
1282 3232 1314 3293 et
1331 3225 1361 3290 B.
1374 3220 1397 3286 G.

125 3341 226 3422 jurati
250 3340 395 3406 ciuitatis
418 3340 522 3421 ipsius
545 3340 762 3422 promiserunt
783 3340 886 3420 nobis,
910 3339 1045 3407 eandem
1060 3341 1228 3408 ciuitatem
1243 3338 1399 3408 iufraideu

129 3458 254 3535 tempus
276 3452 369 3519 bonis
392 3451 574 3517 hominibus
597 3452 703 3517 locare
731 3459 764 3518 et
785 3452 889 3535 ipsam
912 3453 1037 3535 plancis
1067 3453 1269 3521 circumdare
1296 3472 1330 3520 sc
1353 3450 1399 3517 ios·

130 3571 209 3647 sato,
233 3566 373 3650 propriis
397 3564 578 3645 sumptibus
601 3564 765 3646 operarios
785 3565 929 3632 eiusdem
943 3565 1050 3649 operis
1066 3565 1293 3647 conducendo;
1313 3579 1401 3633 sudu

130 3679 232 3746 eciam
267 3681 352 3764 (sic),
390 3679 476 3760 quod
510 3696 568 3744 nos
599 3696 654 3743 eos
692 3678 725 3744 iu
762 3685 895 3746 vectura
930 3677 1161 3763 ballistarum)
1192 3686 1227 3746 et
1256 3677 1403 3746 effossione

129 3793 241 3860 fossati
265 3811 423 3878 pauperes
446 3791 591 3859 eiusdem
614 3791 768 3858 circuitus
787 3792 890 3858 nostri
912 3794 1069 3874 volumus,
1100 3792 1311 3879 inquantum
1335 3794 1405 3875 pote

129 3907 229 3972 rimus
260 3914 292 3975 et
322 3926 503 3991 possumus,
526 3906 691 3988 adiuuare,
722 3905 844 3990 absque
875 3906 998 3973 eisdem
1019 3907 1144 3973 nullum
1177 3926 1311 3975 censum
1340 3903 1407 3973 rue

128 4022 257 4088 eosdem
270 4027 407 4105 quatuor
430 4039 530 4086 anuos
547 4020 712 4103 exigendo,
729 4027 863 4103 excepta
878 4021 1011 4088 collecta
1026 4022 1170 4104 generali
1185 4021 1309 4089 domimi
1323 4014 1409 4087 rossi

128 4135 225 4215 repis,
256 4154 351 4217 quom
378 4154 437 4200 nec
461 4134 540 4216 ipsis
563 4153 623 4199 nec
645 4133 719 4198 aliis
743 4134 870 4199 ciuibus
893 4153 951 4200 seu
973 4134 1170 4217 pauperibus
1192 4126 1412 4219 quibuslibeti

127 4248 332 4331 episcopatus
367 4248 469 4312 nostri
500 4246 643 4312 valemus
673 4264 732 4312 nec
765 4265 936 4329 possumus
970 4247 1146 4331 indulgere.
1192 4247 1310 4316 Adhuc
1341 4246 1414 4315 idm

122 4362 221 4445 judex
245 4358 302 4447 [et]
321 4361 423 4444 jurati
447 4379 519 4427 cum
542 4359 668 4424 ciuibus
692 4360 829 4443 predicti
856 4360 945 4442 opidi
977 4378 1178 4443 quecumque
1207 4367 1355 4447 tempore
1381 4358 1419 4429 sd

128 4477 215 4557 ipsos
240 4475 272 4539 iu
286 4526 313 4539 ..
339 4475 531 4555 venerimus,
556 4475 653 4540 semei
676 4475 710 4539 iu
737 4493 820 4540 auno
843 4475 877 4540 iu
899 4473 1055 4557 predictis
1077 4480 1218 4558 quatuor
1239 4477 1348 4559 aunis,
1367 4492 1420 4543 uos

127 4596 160 4655 et
183 4593 325 4654 uestram
347 4586 504 4654 familiam
526 4587 560 4651 in
582 4588 727 4669 prandio,
751 4606 839 4669 cena,
862 4588 1109 4670 pernoctacioue
1130 4593 1165 4657 et
1186 4590 1309 4674 pabulo
1331 4608 1424 4677 equo·
