3098 5392
554 410 630 463 oo.
1171 412 1237 481 ere

113 622 241 687 rpetuum
260 616 402 673 mercium
418 616 594 688 inponentes.
631 615 720 688 Super
742 615 871 673 omnibus
895 621 986 673 autem
1002 614 1134 674 limitibus
1153 623 1237 688 etque

113 713 146 767 lle
154 713 296 785 Pnyeuics
314 714 387 770 circa
405 713 543 769 ciuitatem
553 712 675 768 Kutuem
694 713 793 784 posite,
806 719 863 769 tam
875 726 911 768 ex
922 717 1002 784 parte
1013 712 1134 769 ciuitatis
1145 713 1236 784 ipsius

113 814 170 865 erte
188 809 309 866 ciuitatis
330 810 473 867 czaslauie
491 825 524 865 ao
542 825 669 880 agrorum
694 806 767 866 dicte
789 808 853 865 ville
877 814 907 863 et
928 806 1041 877 montis,
1065 808 1114 879 qui
1135 807 1237 865 dicitnr

123 907 223 975 quibus
242 907 350 977 questio
368 908 535 969 vertebatur.
561 906 656 962 taliter
678 904 847 973 ordinemus,
870 903 943 976 quod
960 903 1072 973 limites,
1095 903 1144 975 qui
1159 920 1235 961 nunc

118 1002 218 1072 quibus
236 1007 354 1069 constet,
381 999 416 1056 ad
441 1016 558 1071 presens
574 1000 700 1057 inuiolsti
718 1007 746 1057 et
762 999 836 1056 illesi
854 1005 1049 1072 pemenesut3
1067 1004 1105 1068 et,
1121 1015 1159 1057 ne
1176 1000 1236 1056 ullo

113 1113 163 1169 per
179 1098 251 1169 ipsis
267 1096 399 1154 limitibus
418 1096 517 1168 aliquis
536 1095 684 1152 dubietatis
703 1095 849 1168 scrupulus
866 1096 957 1168 possit
974 1096 1048 1165 oriri,
1066 1096 1192 1153 volumus
1206 1102 1236 1153 et

116 1193 224 1264 utrique
242 1193 322 1265 perti,
340 1198 379 1262 et,
396 1208 457 1249 cum
475 1193 531 1249 isto
549 1200 673 1264 tempore
686 1199 800 1265 propter
811 1192 891 1250 niues
908 1200 937 1249 et
952 1192 1055 1265 glecies
1065 1193 1122 1264 ipsi
1131 1192 1234 1250 limites

113 1305 162 1345 nes
180 1289 322 1346 commode
339 1288 472 1360 distingui
488 1305 578 1360 neque
596 1288 717 1345 discerni
734 1294 861 1360 possunt,
888 1288 940 1345 sed
957 1296 1022 1360 poet
1037 1288 1154 1358 Paecbs,
1171 1305 1233 1345 cum
1319 1344 1323 1349 .

113 1392 232 1440 inunum
244 1385 399 1454 aduenerit,
417 1391 447 1441 et
462 1402 515 1456 per
532 1402 584 1441 nos
602 1401 698 1442 omues
716 1390 765 1442 aut
781 1384 980 1457 perdominum
991 1384 1160 1456 Pregeusern
1170 1402 1235 1458 pre·

113 1480 177 1536 erint
192 1481 327 1552 requisiti,
346 1488 413 1538 tunc
430 1481 612 1538 communiter
627 1481 771 1552 vtriusque
787 1481 877 1553 partie
893 1480 1025 1554 expensis
1037 1480 1176 1539 educens
1186 1480 1235 1538 de-

113 1583 170 1634 stos
188 1578 261 1633 viros
279 1577 421 1633 dominum
434 1575 616 1634 Bertboldum
631 1576 765 1633 Pirchnsr
783 1582 812 1633 et
828 1576 1016 1635 Wilmannnm
1032 1581 1062 1633 et
1086 1577 1233 1636 Nicolaum

113 1675 117 1729 i
134 1680 201 1730 tunc
219 1674 344 1746 predicte
361 1674 523 1731 limitationi
540 1673 724 1730 iuterfuerunt
741 1679 771 1729 et
786 1673 899 1730 luerunt
918 1672 1025 1732 scabini
1041 1673 1146 1731 Montis
1163 1680 1232 1731 tem·

113 1771 195 1826 :ionis
213 1771 312 1841 ipsius,
330 1776 359 1826 et
376 1770 509 1827 Jecobum
527 1770 666 1827 commum
682 1771 797 1841 Montis,
812 1771 963 1827 Henlinum
979 1771 1089 1840 Album,
1106 1770 1233 1828 Hencsli-

113 1885 128 1935 .·‚
145 1867 302 1924 Johsnnem
313 1866 397 1935 Lewl,
409 1868 484 1924 ciues
495 1868 610 1936 Montis,
623 1881 696 1923 nunc
708 1867 835 1924 scsbinos
846 1866 957 1936 ibidem,
973 1873 1003 1922 vt
1013 1866 1071 1940 ipsi
1081 1867 1124 1925 vel
1136 1884 1232 1924 eorum

126 1963 175 2033 qui
185 1970 252 2019 tunc
263 1963 360 2019 haberi
377 1970 517 2034 poterunt,
536 1970 565 2019 et
581 1963 680 2034 quibus
693 1962 790 2018 melius
803 1968 874 2019 mete
887 1968 915 2019 et
923 1962 1025 2020 limites
1042 1970 1109 2021 sunt
1120 1964 1231 2035 cogniti,

113 2058 166 2127 liis,
185 2059 210 2115 si
227 2075 299 2130 quos
316 2057 352 2115 ed
368 2059 421 2115 boc
439 2064 520 2130 aptos
537 2075 600 2115 esse
612 2058 752 2127 sciuerint,
769 2074 824 2115 rna
835 2059 979 2116 nobiscnm
990 2058 1129 2132 predictae
1141 2067 1232 2117 metas

113 2171 135 2211 rs
153 2154 334 2226 conspiciant,
353 2161 381 2211 et
398 2155 423 2209 si
440 2171 488 2211 ees
507 2155 581 2211 iuste
598 2161 681 2225 etque
699 2155 752 2211 rite
768 2155 876 2227 positas
889 2170 952 2212 esse
963 2156 1136 2228 reperierint,
1151 2157 1232 2228 ipsas

113 2292 118 2320 ,
135 2251 267 2307 roborent
285 2257 313 2307 et
330 2252 495 2324 approbent,
513 2252 667 2308 sinentem
685 2252 763 2323 ipsas
779 2252 810 2308 in
826 2253 920 2324 eliquo
934 2252 1042 2309 dirum
1059 2252 1122 2310 siue
1137 2253 1231 2311 minus

113 2348 200 2405 ierint
216 2364 265 2404 eae
282 2349 313 2405 in
330 2348 427 2403 melius
445 2353 473 2404 et
490 2347 525 2403 ed
544 2347 666 2405 debitum
684 2355 713 2404 et
730 2347 886 2405 ordinatum
898 2348 1009 2405 modum
1019 2350 1133 2421 possint
1143 2356 1172 2407 et
1182 2348 1232 2405 de-

113 2450 183 2501 >stra
199 2445 317 2502 licencia
332 2444 495 2512 reformare3
522 2450 639 2515 utraqrm
663 2460 729 2517 pars
752 2460 847 2501 eorum
864 2445 1035 2502 ordinacioni
1052 2446 1114 2503 siue
1130 2446 1230 2503 limite-

113 2541 221 2597 abiliter
244 2547 274 2596 et
295 2541 325 2596 iu
342 2546 507 2612 perpetuum
533 2556 632 2610 parcre
655 2539 770 2596 firmiter
792 2546 948 2597 teneantur.
965 2541 1093 2613 Insuper,
1110 2541 1177 2612 quis
1194 2541 1230 2597 ab

113 2643 157 2692 rte
181 2653 235 2707 pro
263 2636 427 2693 defensione
450 2636 524 2706 juris
551 2636 594 2691 sui
620 2651 757 2707 expense,
787 2635 909 2707 dampna
935 2641 965 2692 et
992 2637 1131 2694 interesse
1155 2634 1231 2692 fecta

113 2732 236 2803 predicta
253 2733 346 2788 omnia
363 2748 507 2788 censemus
526 2739 555 2788 et
570 2733 787 2804 pronunciamus
799 2746 861 2787 esse
873 2731 1056 2802 equanimiter
1066 2728 1231 2787 deducenda

113 2828 196 2883 rcium
213 2829 293 2884 elteri
310 2829 346 2884 sd
365 2829 584 2885 satisfaccionem
601 2830 726 2901 ipsorum
743 2829 799 2884 vllo
816 2843 944 2899 umquem
955 2834 1079 2899 tempore
1091 2832 1231 2883 teneetm.

113 2931 135 2980 et
147 2925 257 2995 singulo
275 2942 360 2997 supra
371 2926 508 2997 premissa
520 2933 548 2980 et
563 2926 721 2997 singillatim
733 2924 874 2996 quodhbct
887 2924 1045 2981 eorumdem
1056 2923 1229 2991 mandamus,

113 3027 129 3075 t
145 3022 318 3091 integraliter
334 3022 403 3085 fieri,
422 3022 564 3077 obseruari
581 3022 749 3092 precipimus
761 3022 812 3077 sub
824 3037 898 3093 pena
913 3021 943 3076 iu
955 3019 1153 3092 compromisso
1165 3036 1231 3075 con-

113 3118 190 3188 igulis
209 3118 332 3174 articulis
350 3118 425 3173 leudi
444 3119 504 3172 siue
522 3118 636 3186 arbitrii,
661 3119 685 3174 si
699 3119 896 3174 contrafactum
914 3117 1005 3185 fuerit,
1024 3114 1229 3173 committendo.

113 3231 154 3283 ue,
181 3215 312 3285 quociens
337 3213 535 3269 contrafactum
553 3214 643 3280 fuerit,
666 3214 809 3285 persoluta
825 3219 950 3270 nostram
968 3212 1229 3284 pronunciacionem

115 3329 175 3368 mus
194 3314 292 3368 robore
311 3317 447 3382 perpetuo
466 3327 637 3382 permanere,
659 3312 738 3366 saluo
756 3327 867 3383 semper
883 3317 911 3367 et
927 3315 1073 3368 reseruata
1086 3308 1167 3366 nobis
1185 3325 1228 3365 ar-

138 3409 224 3465 eciam
246 3414 387 3480 potestate
408 3407 566 3464 declarandi
584 3415 611 3464 et
628 3406 829 3479 interpretandi
847 3415 875 3465 et
892 3407 1048 3479 corrigendi
1065 3422 1151 3479 super
1165 3421 1229 3478 pre·

111 3522 191 3576 mque
207 3513 234 3560 ct
247 3505 475 3575 quandocumque
490 3505 574 3560 fuerit
586 3511 759 3575 oportunum.
772 3506 870 3560 Actum
884 3512 912 3560 et
923 3506 1019 3561 datum
1031 3521 1113 3573 anno,
1126 3519 1229 3572 mense,

113 3618 163 3669 mc,
181 3601 353 3672 pontificatu,
377 3603 447 3657 bora
465 3608 493 3656 et
509 3602 579 3669 loco,
606 3602 705 3671 quibus
730 3618 815 3672 supra
837 3602 1014 3672 presentibus
1032 3599 1182 3657 venerabili
1199 3605 1229 3654 et

112 3714 134 3753 ὀ
152 3697 239 3753 iretre
250 3698 341 3766 Petro,
360 3699 459 3754 abbate
474 3699 546 3755 Aule
558 3698 651 3768 Regio,
664 3705 692 3753 et
701 3699 835 3767 Cristano,
853 3699 984 3754 celerario
1001 3697 1103 3753 ibidem
1123 3695 1229 3753 ordinis

113 3809 130 3859 r,
144 3809 175 3849 ao
188 3793 315 3850 honestis
334 3800 362 3849 et
379 3793 505 3850 discretis
518 3794 592 3861 viris,
611 3793 729 3849 dominis
739 3794 868 3849 iohanne
886 3802 1008 3863 cantore,
1025 3794 1152 3867 Symone,
1166 3810 1230 3865 per·

113 3888 156 3944 rio
179 3889 284 3944 domini
302 3890 437 3960 prepositi
454 3890 611 3960 Pragcnsis,
635 3889 779 3959 Michaele,
803 3890 920 3947 riccario
940 3890 1057 3948 ecclesie
1073 3891 1229 3961 Wrssegra-

113 3985 158 4040 bia
174 3995 311 4057 perpetuo
329 3988 444 4044 siccatio
462 3988 490 4042 in
509 3987 655 4056 Hermens,
673 3987 867 4058 Wratywogio,
885 3988 1012 4045 ministro
1030 3986 1146 4044 ecclesie
1161 3986 1229 4043 Pre-

113 4082 191 4137 ›tario
202 4082 311 4153 publico
330 4089 358 4137 et
375 4083 517 4154 capellano
534 4082 637 4138 domini
648 4083 799 4151 Predborii,
812 4083 910 4140 decani
921 4085 1078 4156 Prageneis,
1095 4090 1124 4141 et
1140 4084 1229 4143 Fran-

115 4179 291 4248 prolocutore
315 4178 388 4233 dicto
407 4179 441 4233 de
458 4179 616 4249 Mieoholup
636 4187 663 4234 et
682 4180 743 4235 eliis
764 4197 846 4249 quom
870 4181 996 4250 pluribus
1021 4181 1141 4239 testibus
1159 4180 1228 4237 fide·

113 4275 227 4331 remissa
244 4277 348 4331 vocatis
367 4276 524 4347 specialiter
543 4283 571 4332 et
586 4276 715 4345 rogetis.⁸
746 4276 829 4346 (Orig.
848 4278 1020 4334 nottislreho
1038 4281 1126 4350 spisu,
1144 4278 1226 4349 ktery

113 4372 232 4428 sdizlaus
249 4373 320 4428 Galli
332 4372 366 4428 de
380 4373 639 4443 Wissehorniewicz,
658 4373 774 4429 clericus
784 4373 930 4443 Pragensis
944 4374 1080 4446 dyocesis,
1097 4373 1224 4445 publicus

113 4469 245 4539 imperiali
264 4469 415 4536 noterium,
439 4487 456 4521 r
474 4470 585 4525 archivu
604 4469 755 4525 Orlioslsem
771 4469 810 4524 N⁰
827 4473 880 4539 36.)
899 4501 933 4512 -
960 4471 1037 4526 Srov.
1054 4470 1156 4538 Emler,
1172 4469 1226 4525 Re·

127 4571 189 4634 610,
206 4570 255 4619 611
275 4581 293 4620 a
311 4571 370 4621 636.
382 4596 415 4607 -
427 4565 560 4621 Κοιιεόιιὲ
579 4583 595 4622 o
613 4571 688 4621 idere
703 4567 796 4622 ubiuili
809 4566 923 4623 Hornloi
942 4564 1120 4625 skltiterem
1131 4567 1224 4623 Sedle-

113 4664 212 4730 topado
232 4666 300 4715 1339
316 4668 376 4718 toto
394 4665 561 4720 narovutni:
588 4662 661 4731 ,Nos
679 4663 838 4720 Thomlinus
853 4663 951 4736 judex,
966 4663 1101 4725 Nimbus
1118 4665 1154 4727 dc
1170 4664 1225 4736 Bo·
