<?xml version="1.0" encoding="UTF-8"?>
<!DOCTYPE html PUBLIC "-//W3C//DTD XHTML 1.0 Transitional//EN"
    "http://www.w3.org/TR/xhtml1/DTD/xhtml1-transitional.dtd">
<html xmlns="http://www.w3.org/1999/xhtml" xml:lang="en" lang="en">
 <head>
  <title>
</title>
<meta http-equiv="Content-Type" content="text/html;charset=utf-8" />
  <meta name='ocr-system' content='tesseract 3.04.00' />
  <meta name='ocr-capabilities' content='ocr_page ocr_carea ocr_par ocr_line ocrx_word'/>
</head>
<body>
  <div class='ocr_page' id='page_1' title='image "./sbrkapramenprva01kingoog/sbrkapramenprva01kingoog_0934.png"; bbox 0 0 3098 5392; ppageno 0'>
   <div class='ocr_carea' id='block_1_1' title="bbox 749 453 1433 522">
    <p class='ocr_par' dir='ltr' id='par_1_1' title="bbox 749 453 1433 522">
     <span class='ocr_line' id='line_1_1' title="bbox 749 453 1433 522; baseline 0.006 -15"><span class='ocrx_word' id='word_1_1' title='bbox 749 453 827 509; x_wconf 80' lang='lat' dir='ltr'>tuat.</span> <span class='ocrx_word' id='word_1_2' title='bbox 1369 454 1433 522; x_wconf 84' lang='grc'>889</span> 
     </span>
    </p>
   </div>
   <div class='ocr_carea' id='block_1_2' title="bbox 129 661 1434 3010">
    <p class='ocr_par' dir='ltr' id='par_1_2' title="bbox 129 661 1434 3010">
     <span class='ocr_line' id='line_1_2' title="bbox 131 661 1433 747; baseline 0.002 -19"><span class='ocrx_word' id='word_1_3' title='bbox 131 663 304 745; x_wconf 79' lang='lat' dir='ltr'>percipere</span> <span class='ocrx_word' id='word_1_4' title='bbox 326 662 457 729; x_wconf 84' lang='lat' dir='ltr'>valeant</span> <span class='ocrx_word' id='word_1_5' title='bbox 478 667 511 729; x_wconf 89' lang='lat' dir='ltr'>st</span> <span class='ocrx_word' id='word_1_6' title='bbox 532 661 651 729; x_wconf 87' lang='lat' dir='ltr'>leuare.</span> <span class='ocrx_word' id='word_1_7' title='bbox 697 661 842 746; x_wconf 81' lang='lat' dir='ltr'>Cumque</span> <span class='ocrx_word' id='word_1_8' title='bbox 864 668 996 747; x_wconf 90' lang='lat' dir='ltr'>propter</span> <span class='ocrx_word' id='word_1_9' title='bbox 1018 662 1259 729; x_wconf 82' lang='lat' dir='ltr'>multitudinem</span> <span class='ocrx_word' id='word_1_10' title='bbox 1282 682 1433 730; x_wconf 88' lang='lat' dir='ltr'>curruum</span> 
     </span>
     <span class='ocr_line' id='line_1_3' title="bbox 132 774 1434 858; baseline 0.002 -18"><span class='ocrx_word' id='word_1_11' title='bbox 132 781 192 840; x_wconf 86' lang='lat' dir='ltr'>aut</span> <span class='ocrx_word' id='word_1_12' title='bbox 215 780 346 858; x_wconf 89' lang='lat' dir='ltr'>propter</span> <span class='ocrx_word' id='word_1_13' title='bbox 368 774 503 842; x_wconf 79' lang='lat' dir='ltr'>hostiles</span> <span class='ocrx_word' id='word_1_14' title='bbox 526 775 674 858; x_wconf 85' lang='lat' dir='ltr'>insidias,</span> <span class='ocrx_word' id='word_1_15' title='bbox 698 794 739 842; x_wconf 88' lang='lat' dir='ltr'>ns</span> <span class='ocrx_word' id='word_1_16' title='bbox 755 775 882 842; x_wconf 88' lang='lat' dir='ltr'>ciuitati</span> <span class='ocrx_word' id='word_1_17' title='bbox 905 775 1052 843; x_wconf 90' lang='lat' dir='ltr'>oriantur</span> <span class='ocrx_word' id='word_1_18' title='bbox 1074 775 1227 858; x_wconf 81' lang='lat' dir='ltr'>pericula,</span> <span class='ocrx_word' id='word_1_19' title='bbox 1250 777 1321 844; x_wconf 83' lang='lat' dir='ltr'>lora</span> <span class='ocrx_word' id='word_1_20' title='bbox 1344 781 1434 844; x_wconf 82' lang='lat' dir='ltr'>extre</span> 
     </span>
     <span class='ocr_line' id='line_1_4' title="bbox 131 888 1433 973; baseline 0.002 -18"><span class='ocrx_word' id='word_1_21' title='bbox 131 907 193 955; x_wconf 90' lang='lat' dir='ltr'>seu</span> <span class='ocrx_word' id='word_1_22' title='bbox 214 895 290 955; x_wconf 91' lang='lat' dir='ltr'>ante</span> <span class='ocrx_word' id='word_1_23' title='bbox 313 888 480 956; x_wconf 78' lang='lat' dir='ltr'>ciuitatem</span> <span class='ocrx_word' id='word_1_24' title='bbox 501 894 593 955; x_wconf 87' lang='lat' dir='ltr'>tenta</span> <span class='ocrx_word' id='word_1_25' title='bbox 615 888 747 970; x_wconf 83' lang='lat' dir='ltr'>fuerint,</span> <span class='ocrx_word' id='word_1_26' title='bbox 771 889 857 973; x_wconf 91' lang='lat' dir='ltr'>quod</span> <span class='ocrx_word' id='word_1_27' title='bbox 880 889 969 956; x_wconf 90' lang='lat' dir='ltr'>ciues</span> <span class='ocrx_word' id='word_1_28' title='bbox 992 888 1093 956; x_wconf 93' lang='lat' dir='ltr'>iidem</span> <span class='ocrx_word' id='word_1_29' title='bbox 1115 888 1237 956; x_wconf 83' lang='lat' dir='ltr'>ibidem</span> <span class='ocrx_word' id='word_1_30' title='bbox 1255 890 1335 957; x_wconf 83' lang='lat' dir='ltr'>loris</span> <span class='ocrx_word' id='word_1_31' title='bbox 1353 890 1433 957; x_wconf 90' lang='lat' dir='ltr'>ciui·</span> 
     </span>
     <span class='ocr_line' id='line_1_5' title="bbox 130 1001 1433 1088; baseline 0.002 -20"><span class='ocrx_word' id='word_1_32' title='bbox 130 1008 235 1069; x_wconf 82' lang='lat' dir='ltr'>tatem</span> <span class='ocrx_word' id='word_1_33' title='bbox 263 1002 449 1088; x_wconf 87' lang='lat' dir='ltr'>theloneum</span> <span class='ocrx_word' id='word_1_34' title='bbox 479 1002 610 1086; x_wconf 77' lang='lat' dir='ltr'>exigere</span> <span class='ocrx_word' id='word_1_35' title='bbox 639 1003 735 1070; x_wconf 91' lang='lat' dir='ltr'>modo</span> <span class='ocrx_word' id='word_1_36' title='bbox 750 1001 894 1073; x_wconf 75' lang='lat' dir='ltr'>&#39;valeant</span> <span class='ocrx_word' id='word_1_37' title='bbox 916 1003 1147 1086; x_wconf 86' lang='lat' dir='ltr'>suprascripto,</span> <span class='ocrx_word' id='word_1_38' title='bbox 1172 1003 1321 1086; x_wconf 88' lang='lat' dir='ltr'>quodque</span> <span class='ocrx_word' id='word_1_39' title='bbox 1344 1002 1433 1070; x_wconf 90' lang='lat' dir='ltr'>ciues</span> 
     </span>
     <span class='ocr_line' id='line_1_6' title="bbox 133 1116 1433 1200; baseline 0.002 -19"><span class='ocrx_word' id='word_1_40' title='bbox 133 1116 274 1197; x_wconf 85' lang='lat' dir='ltr'>pretaoti</span> <span class='ocrx_word' id='word_1_41' title='bbox 308 1135 418 1183; x_wconf 88' lang='lat' dir='ltr'>omnes</span> <span class='ocrx_word' id='word_1_42' title='bbox 451 1117 596 1183; x_wconf 84' lang='lat' dir='ltr'>aduenas</span> <span class='ocrx_word' id='word_1_43' title='bbox 630 1134 687 1183; x_wconf 90' lang='lat' dir='ltr'>seu</span> <span class='ocrx_word' id='word_1_44' title='bbox 717 1122 922 1197; x_wconf 85' lang='lat' dir='ltr'>mercatores,</span> <span class='ocrx_word' id='word_1_45' title='bbox 958 1117 1015 1200; x_wconf 88' lang='lat' dir='ltr'>qui</span> <span class='ocrx_word' id='word_1_46' title='bbox 1044 1134 1103 1199; x_wconf 91' lang='lat' dir='ltr'>per</span> <span class='ocrx_word' id='word_1_47' title='bbox 1132 1116 1238 1198; x_wconf 88' lang='lat' dir='ltr'>ipsam</span> <span class='ocrx_word' id='word_1_48' title='bbox 1267 1116 1433 1183; x_wconf 75' lang='lat' dir='ltr'>ciuitatem</span> 
     </span>
     <span class='ocr_line' id='line_1_7' title="bbox 129 1229 1433 1318; baseline -0.001 -22"><span class='ocrx_word' id='word_1_49' title='bbox 129 1247 269 1312; x_wconf 83' lang='lat' dir='ltr'>pergere</span> <span class='ocrx_word' id='word_1_50' title='bbox 297 1229 424 1312; x_wconf 84' lang='lat' dir='ltr'>debent,</span> <span class='ocrx_word' id='word_1_51' title='bbox 455 1234 600 1297; x_wconf 77' lang='lat' dir='ltr'>astrata</span> <span class='ocrx_word' id='word_1_52' title='bbox 632 1248 689 1296; x_wconf 93' lang='lat' dir='ltr'>sen</span> <span class='ocrx_word' id='word_1_53' title='bbox 711 1248 732 1295; x_wconf 92' lang='lat' dir='ltr'>a</span> <span class='ocrx_word' id='word_1_54' title='bbox 755 1231 891 1296; x_wconf 76' lang='lat' dir='ltr'>ciuitate</span> <span class='ocrx_word' id='word_1_55' title='bbox 919 1247 978 1318; x_wconf 88' lang='lat' dir='ltr'>per</span> <span class='ocrx_word' id='word_1_56' title='bbox 1001 1229 1099 1295; x_wconf 91' lang='lat' dir='ltr'>deuia</span> <span class='ocrx_word' id='word_1_57' title='bbox 1122 1229 1243 1296; x_wconf 90' lang='lat' dir='ltr'>circum</span> <span class='ocrx_word' id='word_1_58' title='bbox 1267 1229 1433 1296; x_wconf 84' lang='lat' dir='ltr'>ciuitatem</span> 
     </span>
     <span class='ocr_line' id='line_1_8' title="bbox 130 1341 1433 1424; baseline 0.001 -17"><span class='ocrx_word' id='word_1_59' title='bbox 130 1348 266 1424; x_wconf 90' lang='lat' dir='ltr'>propter</span> <span class='ocrx_word' id='word_1_60' title='bbox 295 1344 483 1409; x_wconf 89' lang='lat' dir='ltr'>suasionem</span> <span class='ocrx_word' id='word_1_61' title='bbox 513 1343 689 1411; x_wconf 73' lang='lat' dir='ltr'>solutionis</span> <span class='ocrx_word' id='word_1_62' title='bbox 719 1343 861 1409; x_wconf 88' lang='lat' dir='ltr'>thelonei</span> <span class='ocrx_word' id='word_1_63' title='bbox 889 1362 961 1409; x_wconf 88' lang='lat' dir='ltr'>cum</span> <span class='ocrx_word' id='word_1_64' title='bbox 983 1341 1132 1409; x_wconf 89' lang='lat' dir='ltr'>curribus</span> <span class='ocrx_word' id='word_1_65' title='bbox 1161 1342 1361 1410; x_wconf 79' lang='lat' dir='ltr'>declinantes</span> <span class='ocrx_word' id='word_1_66' title='bbox 1382 1360 1433 1408; x_wconf 87' lang='lat' dir='ltr'>ar·</span> 
     </span>
     <span class='ocr_line' id='line_1_9' title="bbox 136 1454 1433 1539; baseline 0.002 -19"><span class='ocrx_word' id='word_1_67' title='bbox 136 1454 377 1522; x_wconf 83' lang='lat' dir='ltr'>restaciouibus</span> <span class='ocrx_word' id='word_1_68' title='bbox 407 1462 441 1522; x_wconf 93' lang='lat' dir='ltr'>et</span> <span class='ocrx_word' id='word_1_69' title='bbox 462 1457 538 1523; x_wconf 90' lang='lat' dir='ltr'>aliis</span> <span class='ocrx_word' id='word_1_70' title='bbox 561 1456 856 1524; x_wconf 77' lang='lat' dir='ltr'>consuetudinariis</span> <span class='ocrx_word' id='word_1_71' title='bbox 879 1456 1150 1539; x_wconf 87' lang='lat' dir='ltr'>occupacionibus</span> <span class='ocrx_word' id='word_1_72' title='bbox 1172 1456 1214 1522; x_wconf 88' lang='lat' dir='ltr'>ad</span> <span class='ocrx_word' id='word_1_73' title='bbox 1236 1455 1433 1523; x_wconf 81' lang='lat' dir='ltr'>solucionem</span> 
     </span>
     <span class='ocr_line' id='line_1_10' title="bbox 132 1567 1433 1652; baseline 0 -19"><span class='ocrx_word' id='word_1_74' title='bbox 132 1567 322 1635; x_wconf 89' lang='lat' dir='ltr'>huiusmodi</span> <span class='ocrx_word' id='word_1_75' title='bbox 356 1569 500 1635; x_wconf 89' lang='lat' dir='ltr'>thelonei</span> <span class='ocrx_word' id='word_1_76' title='bbox 533 1587 644 1637; x_wconf 88' lang='lat' dir='ltr'>arcere</span> <span class='ocrx_word' id='word_1_77' title='bbox 675 1571 806 1636; x_wconf 84' lang='lat' dir='ltr'>valeant</span> <span class='ocrx_word' id='word_1_78' title='bbox 837 1574 934 1652; x_wconf 86' lang='lat' dir='ltr'>atque</span> <span class='ocrx_word' id='word_1_79' title='bbox 963 1569 1100 1652; x_wconf 86' lang='lat' dir='ltr'>possint,</span> <span class='ocrx_word' id='word_1_80' title='bbox 1130 1567 1179 1635; x_wconf 89' lang='lat' dir='ltr'>sio</span> <span class='ocrx_word' id='word_1_81' title='bbox 1200 1573 1317 1650; x_wconf 79' lang='lat' dir='ltr'>tamen,</span> <span class='ocrx_word' id='word_1_82' title='bbox 1348 1568 1433 1651; x_wconf 89' lang='lat' dir='ltr'>quod</span> 
     </span>
     <span class='ocr_line' id='line_1_11' title="bbox 132 1680 1433 1764; baseline 0.002 -19"><span class='ocrx_word' id='word_1_83' title='bbox 132 1680 321 1748; x_wconf 88' lang='lat' dir='ltr'>huiusmodi</span> <span class='ocrx_word' id='word_1_84' title='bbox 350 1683 507 1764; x_wconf 88' lang='lat' dir='ltr'>peccunia</span> <span class='ocrx_word' id='word_1_85' title='bbox 528 1700 592 1749; x_wconf 92' lang='lat' dir='ltr'>non</span> <span class='ocrx_word' id='word_1_86' title='bbox 622 1682 657 1747; x_wconf 91' lang='lat' dir='ltr'>in</span> <span class='ocrx_word' id='word_1_87' title='bbox 679 1682 836 1764; x_wconf 88' lang='lat' dir='ltr'>priuatos,</span> <span class='ocrx_word' id='word_1_88' title='bbox 866 1682 924 1747; x_wconf 91' lang='lat' dir='ltr'>sed</span> <span class='ocrx_word' id='word_1_89' title='bbox 947 1682 1091 1749; x_wconf 87' lang='lat' dir='ltr'>notorius</span> <span class='ocrx_word' id='word_1_90' title='bbox 1121 1681 1267 1764; x_wconf 83' lang='lat' dir='ltr'>predicte</span> <span class='ocrx_word' id='word_1_91' title='bbox 1288 1681 1433 1748; x_wconf 75' lang='lat' dir='ltr'>ciuitatis</span> 
     </span>
     <span class='ocr_line' id='line_1_12' title="bbox 133 1794 1434 1878; baseline 0.002 -19"><span class='ocrx_word' id='word_1_92' title='bbox 133 1812 214 1859; x_wconf 76' lang='lat' dir='ltr'>rsus</span> <span class='ocrx_word' id='word_1_93' title='bbox 245 1795 349 1876; x_wconf 85' lang='lat' dir='ltr'>modo,</span> <span class='ocrx_word' id='word_1_94' title='bbox 380 1814 443 1878; x_wconf 88' lang='lat' dir='ltr'>quo</span> <span class='ocrx_word' id='word_1_95' title='bbox 476 1813 575 1878; x_wconf 88' lang='lat' dir='ltr'>snpra</span> <span class='ocrx_word' id='word_1_96' title='bbox 604 1794 767 1877; x_wconf 80' lang='lat' dir='ltr'>scribitur,</span> <span class='ocrx_word' id='word_1_97' title='bbox 798 1801 1007 1862; x_wconf 87' lang='lat' dir='ltr'>conuertatnr</span> <span class='ocrx_word' id='word_1_98' title='bbox 1028 1795 1233 1877; x_wconf 87' lang='lat' dir='ltr'>presentibus</span> <span class='ocrx_word' id='word_1_99' title='bbox 1258 1794 1300 1860; x_wconf 89' lang='lat' dir='ltr'>ad</span> <span class='ocrx_word' id='word_1_100' title='bbox 1322 1795 1434 1862; x_wconf 87' lang='lat' dir='ltr'>decem</span> 
     </span>
     <span class='ocr_line' id='line_1_13' title="bbox 132 1907 1433 1975; baseline 0.002 -3"><span class='ocrx_word' id='word_1_101' title='bbox 132 1925 237 1973; x_wconf 92' lang='lat' dir='ltr'>annos</span> <span class='ocrx_word' id='word_1_102' title='bbox 277 1908 446 1975; x_wconf 88' lang='lat' dir='ltr'>continuos</span> <span class='ocrx_word' id='word_1_103' title='bbox 481 1908 703 1975; x_wconf 86' lang='lat' dir='ltr'>tantummodo</span> <span class='ocrx_word' id='word_1_104' title='bbox 736 1909 897 1975; x_wconf 84' lang='lat' dir='ltr'>valituris.</span> <span class='ocrx_word' id='word_1_105' title='bbox 943 1909 1161 1975; x_wconf 86' lang='lat' dir='ltr'>Resernamus</span> <span class='ocrx_word' id='word_1_106' title='bbox 1197 1913 1307 1974; x_wconf 92' lang='lat' dir='ltr'>autem</span> <span class='ocrx_word' id='word_1_107' title='bbox 1339 1907 1433 1975; x_wconf 87' lang='lat' dir='ltr'>nobis</span> 
     </span>
     <span class='ocr_line' id='line_1_14' title="bbox 135 2020 1432 2104; baseline 0.001 -18"><span class='ocrx_word' id='word_1_108' title='bbox 135 2020 225 2087; x_wconf 89' lang='lat' dir='ltr'>dicto</span> <span class='ocrx_word' id='word_1_109' title='bbox 260 2021 397 2088; x_wconf 85' lang='lat' dir='ltr'>durante</span> <span class='ocrx_word' id='word_1_110' title='bbox 435 2021 591 2088; x_wconf 89' lang='lat' dir='ltr'>decennio</span> <span class='ocrx_word' id='word_1_111' title='bbox 628 2021 788 2104; x_wconf 87' lang='lat' dir='ltr'>prelatum</span> <span class='ocrx_word' id='word_1_112' title='bbox 825 2021 1010 2088; x_wconf 88' lang='lat' dir='ltr'>theloneum</span> <span class='ocrx_word' id='word_1_113' title='bbox 1042 2021 1218 2088; x_wconf 89' lang='lat' dir='ltr'>reuocandi</span> <span class='ocrx_word' id='word_1_114' title='bbox 1254 2022 1432 2103; x_wconf 87' lang='lat' dir='ltr'>plenariam</span> 
     </span>
     <span class='ocr_line' id='line_1_15' title="bbox 130 2133 1432 2218; baseline 0.002 -19"><span class='ocrx_word' id='word_1_115' title='bbox 130 2139 337 2216; x_wconf 86' lang='lat' dir='ltr'>potestatem.</span> <span class='ocrx_word' id='word_1_116' title='bbox 381 2135 426 2201; x_wconf 87' lang='lat' dir='ltr'>Et</span> <span class='ocrx_word' id='word_1_117' title='bbox 455 2135 607 2202; x_wconf 83' lang='lat' dir='ltr'>similiter</span> <span class='ocrx_word' id='word_1_118' title='bbox 636 2136 670 2201; x_wconf 94' lang='lat' dir='ltr'>in</span> <span class='ocrx_word' id='word_1_119' title='bbox 700 2153 774 2200; x_wconf 92' lang='lat' dir='ltr'>enm</span> <span class='ocrx_word' id='word_1_120' title='bbox 805 2139 967 2216; x_wconf 80' lang='lat' dir='ltr'>euentum,</span> <span class='ocrx_word' id='word_1_121' title='bbox 996 2154 1059 2218; x_wconf 88' lang='lat' dir='ltr'>quo</span> <span class='ocrx_word' id='word_1_122' title='bbox 1086 2133 1244 2217; x_wconf 84' lang='lat' dir='ltr'>prolatam</span> <span class='ocrx_word' id='word_1_123' title='bbox 1265 2135 1432 2203; x_wconf 84' lang='lat' dir='ltr'>ciuitatem</span> 
     </span>
     <span class='ocr_line' id='line_1_16' title="bbox 133 2249 1432 2333; baseline 0.001 -19"><span class='ocrx_word' id='word_1_124' title='bbox 133 2253 280 2315; x_wconf 86' lang='lat' dir='ltr'>nostram</span> <span class='ocrx_word' id='word_1_125' title='bbox 302 2267 342 2316; x_wconf 83' lang='lat' dir='ltr'>ex</span> <span class='ocrx_word' id='word_1_126' title='bbox 364 2249 550 2316; x_wconf 92' lang='lat' dir='ltr'>huiusmodi</span> <span class='ocrx_word' id='word_1_127' title='bbox 572 2250 762 2332; x_wconf 88' lang='lat' dir='ltr'>recepcione</span> <span class='ocrx_word' id='word_1_128' title='bbox 784 2251 927 2317; x_wconf 82' lang='lat' dir='ltr'>thelonei</span> <span class='ocrx_word' id='word_1_129' title='bbox 949 2250 1080 2333; x_wconf 71' lang='lat' dir='ltr'>gruum</span> <span class='ocrx_word' id='word_1_130' title='bbox 1097 2250 1207 2317; x_wconf 78' lang='lat' dir='ltr'>forsan</span> <span class='ocrx_word' id='word_1_131' title='bbox 1222 2251 1432 2333; x_wconf 81' lang='lat' dir='ltr'>contingeret,</span> 
     </span>
     <span class='ocr_line' id='line_1_17' title="bbox 132 2362 1433 2446; baseline 0.002 -19"><span class='ocrx_word' id='word_1_132' title='bbox 132 2366 253 2428; x_wconf 87' lang='lat' dir='ltr'>extunc</span> <span class='ocrx_word' id='word_1_133' title='bbox 283 2362 422 2444; x_wconf 90' lang='lat' dir='ltr'>predicti</span> <span class='ocrx_word' id='word_1_134' title='bbox 452 2363 542 2429; x_wconf 91' lang='lat' dir='ltr'>ciues</span> <span class='ocrx_word' id='word_1_135' title='bbox 572 2365 680 2446; x_wconf 91' lang='lat' dir='ltr'>ipsum</span> <span class='ocrx_word' id='word_1_136' title='bbox 709 2363 895 2430; x_wconf 91' lang='lat' dir='ltr'>theloneum</span> <span class='ocrx_word' id='word_1_137' title='bbox 925 2363 1067 2446; x_wconf 90' lang='lat' dir='ltr'>poterint</span> <span class='ocrx_word' id='word_1_138' title='bbox 1098 2363 1217 2430; x_wconf 87' lang='lat' dir='ltr'>nostris</span> <span class='ocrx_word' id='word_1_139' title='bbox 1239 2363 1433 2430; x_wconf 85' lang='lat' dir='ltr'>auctoritate</span> 
     </span>
     <span class='ocr_line' id='line_1_18' title="bbox 132 2475 1433 2559; baseline 0.002 -18"><span class='ocrx_word' id='word_1_140' title='bbox 132 2481 167 2541; x_wconf 90' lang='lat' dir='ltr'>et</span> <span class='ocrx_word' id='word_1_141' title='bbox 190 2476 321 2542; x_wconf 92' lang='lat' dir='ltr'>nomine</span> <span class='ocrx_word' id='word_1_142' title='bbox 342 2475 522 2557; x_wconf 89' lang='lat' dir='ltr'>prohibere.</span> <span class='ocrx_word' id='word_1_143' title='bbox 562 2477 769 2543; x_wconf 89' lang='lat' dir='ltr'>Presenoium</span> <span class='ocrx_word' id='word_1_144' title='bbox 794 2476 853 2542; x_wconf 93' lang='lat' dir='ltr'>sub</span> <span class='ocrx_word' id='word_1_145' title='bbox 876 2477 966 2559; x_wconf 82' lang='lat' dir='ltr'>regie</span> <span class='ocrx_word' id='word_1_146' title='bbox 988 2480 1098 2543; x_wconf 88' lang='lat' dir='ltr'>nostre</span> <span class='ocrx_word' id='word_1_147' title='bbox 1120 2476 1301 2542; x_wconf 88' lang='lat' dir='ltr'>maiestatis</span> <span class='ocrx_word' id='word_1_148' title='bbox 1325 2476 1433 2559; x_wconf 83' lang='lat' dir='ltr'>sigillo</span> 
     </span>
     <span class='ocr_line' id='line_1_19' title="bbox 130 2586 1432 2671; baseline 0.002 -18"><span class='ocrx_word' id='word_1_149' title='bbox 130 2587 321 2654; x_wconf 89' lang='lat' dir='ltr'>testimonio</span> <span class='ocrx_word' id='word_1_150' title='bbox 342 2586 533 2653; x_wconf 89' lang='lat' dir='ltr'>litterarum.</span> <span class='ocrx_word' id='word_1_151' title='bbox 579 2588 699 2654; x_wconf 90' lang='lat' dir='ltr'>Datum</span> <span class='ocrx_word' id='word_1_152' title='bbox 722 2588 827 2671; x_wconf 85' lang='lat' dir='ltr'>Prage</span> <span class='ocrx_word' id='word_1_153' title='bbox 856 2607 941 2655; x_wconf 90' lang='lat' dir='ltr'>anno</span> <span class='ocrx_word' id='word_1_154' title='bbox 963 2589 1085 2656; x_wconf 92' lang='lat' dir='ltr'>domini</span> <span class='ocrx_word' id='word_1_155' title='bbox 1114 2589 1286 2656; x_wconf 90' lang='lat' dir='ltr'>millesimo</span> <span class='ocrx_word' id='word_1_156' title='bbox 1308 2595 1432 2657; x_wconf 80' lang='lat' dir='ltr'>trecen</span> 
     </span>
     <span class='ocr_line' id='line_1_20' title="bbox 131 2700 1434 2786; baseline 0.002 -19"><span class='ocrx_word' id='word_1_157' title='bbox 131 2701 251 2767; x_wconf 87' lang='lat' dir='ltr'>tesimo</span> <span class='ocrx_word' id='word_1_158' title='bbox 283 2701 492 2783; x_wconf 79' lang='lat' dir='ltr'>nonagesimo</span> <span class='ocrx_word' id='word_1_159' title='bbox 524 2705 624 2782; x_wconf 81' lang='lat' dir='ltr'>serto,</span> <span class='ocrx_word' id='word_1_160' title='bbox 655 2701 709 2769; x_wconf 84' lang='lat' dir='ltr'>dic</span> <span class='ocrx_word' id='word_1_161' title='bbox 728 2702 883 2768; x_wconf 85' lang='lat' dir='ltr'>vicesima</span> <span class='ocrx_word' id='word_1_162' title='bbox 908 2702 1012 2784; x_wconf 87' lang='lat' dir='ltr'>prima</span> <span class='ocrx_word' id='word_1_163' title='bbox 1034 2700 1233 2784; x_wconf 86' lang='lat' dir='ltr'>Decembris,</span> <span class='ocrx_word' id='word_1_164' title='bbox 1262 2720 1434 2786; x_wconf 80' lang='lat' dir='ltr'>regnorum</span> 
     </span>
     <span class='ocr_line' id='line_1_21' title="bbox 132 2813 1432 2898; baseline 0.005 -20"><span class='ocrx_word' id='word_1_165' title='bbox 132 2820 321 2880; x_wconf 88' lang='lat' dir='ltr'>nostrorum</span> <span class='ocrx_word' id='word_1_166' title='bbox 343 2832 428 2881; x_wconf 90' lang='lat' dir='ltr'>anno</span> <span class='ocrx_word' id='word_1_167' title='bbox 450 2813 584 2881; x_wconf 92' lang='lat' dir='ltr'>Boemie</span> <span class='ocrx_word' id='word_1_168' title='bbox 605 2815 769 2882; x_wconf 87' lang='lat' dir='ltr'>tricesimo</span> <span class='ocrx_word' id='word_1_169' title='bbox 792 2821 916 2898; x_wconf 86' lang='lat' dir='ltr'>quarto,</span> <span class='ocrx_word' id='word_1_170' title='bbox 939 2816 1156 2882; x_wconf 86' lang='lat' dir='ltr'>Romanorum</span> <span class='ocrx_word' id='word_1_171' title='bbox 1178 2834 1254 2881; x_wconf 88' lang='lat' dir='ltr'>vero</span> <span class='ocrx_word' id='word_1_172' title='bbox 1278 2816 1432 2884; x_wconf 86' lang='lat' dir='ltr'>vicesimo</span> 
     </span>
     <span class='ocr_line' id='line_1_22' title="bbox 131 2945 248 3010; baseline -0.026 -18"><span class='ocrx_word' id='word_1_173' title='bbox 131 2945 248 3010; x_wconf 89' lang='lat' dir='ltr'>pmmo.</span> 
     </span>
    </p>
   </div>
   <div class='ocr_carea' id='block_1_3' title="bbox 130 3102 1431 3282">
    <p class='ocr_par' dir='ltr' id='par_1_3' title="bbox 130 3102 1431 3282">
     <span class='ocr_line' id='line_1_23' title="bbox 237 3102 1431 3189; baseline 0.003 -20"><span class='ocrx_word' id='word_1_174' title='bbox 237 3114 364 3170; x_wconf 82' lang='lat' dir='ltr'>Pambtnt</span> <span class='ocrx_word' id='word_1_175' title='bbox 385 3115 472 3172; x_wconf 86' lang='lat' dir='ltr'>kniba</span> <span class='ocrx_word' id='word_1_176' title='bbox 495 3133 530 3170; x_wconf 92' lang='lat' dir='ltr'>m.</span> <span class='ocrx_word' id='word_1_177' title='bbox 549 3102 633 3171; x_wconf 70' lang='lat' dir='ltr'>Zatce</span> <span class='ocrx_word' id='word_1_178' title='bbox 657 3135 672 3171; x_wconf 84' lang='lat' dir='ltr'>z</span> <span class='ocrx_word' id='word_1_179' title='bbox 697 3134 719 3171; x_wconf 90' lang='lat' dir='ltr'>r.</span> <span class='ocrx_word' id='word_1_180' title='bbox 740 3123 806 3172; x_wconf 84' lang='grc'>1383</span> <span class='ocrx_word' id='word_1_181' title='bbox 834 3132 871 3171; x_wconf 90' lang='lat' dir='ltr'>na</span> <span class='ocrx_word' id='word_1_182' title='bbox 889 3117 906 3170; x_wconf 91' lang='lat' dir='ltr'>l.</span> <span class='ocrx_word' id='word_1_183' title='bbox 925 3122 957 3170; x_wconf 83' lang='lat'>21</span> <span class='ocrx_word' id='word_1_184' title='bbox 977 3137 994 3170; x_wconf 81' lang='lat' dir='ltr'><em>a</em></span> <span class='ocrx_word' id='word_1_185' title='bbox 1021 3133 1055 3172; x_wconf 84' lang='lat' dir='ltr'>za</span> <span class='ocrx_word' id='word_1_186' title='bbox 1075 3119 1215 3189; x_wconf 80' lang='lat' dir='ltr'>utpisem:</span> <span class='ocrx_word' id='word_1_187' title='bbox 1244 3116 1349 3189; x_wconf 81' lang='lat' dir='ltr'>„Super</span> <span class='ocrx_word' id='word_1_188' title='bbox 1371 3119 1431 3173; x_wconf 86' lang='lat' dir='ltr'>the·</span> 
     </span>
     <span class='ocr_line' id='line_1_24' title="bbox 130 3211 1067 3282; baseline 0.002 -17"><span class='ocrx_word' id='word_1_189' title='bbox 130 3212 242 3266; x_wconf 86' lang='lat' dir='ltr'>loneo.“</span> <span class='ocrx_word' id='word_1_190' title='bbox 260 3242 294 3252; x_wconf 89' lang='lat'>—</span> <span class='ocrx_word' id='word_1_191' title='bbox 312 3211 496 3282; x_wconf 75' lang='lat' dir='ltr'>Schlesingcr,</span> <span class='ocrx_word' id='word_1_192' title='bbox 513 3212 740 3268; x_wconf 83' lang='lat' dir='ltr'>Urlrnndenbnch</span> <span class='ocrx_word' id='word_1_193' title='bbox 759 3213 809 3266; x_wconf 87' lang='lat' dir='ltr'>der</span> <span class='ocrx_word' id='word_1_194' title='bbox 827 3212 865 3267; x_wconf 80' lang='lat' dir='ltr'>St</span> <span class='ocrx_word' id='word_1_195' title='bbox 883 3211 953 3267; x_wconf 80' lang='lat' dir='ltr'>Scan</span> <span class='ocrx_word' id='word_1_196' title='bbox 971 3212 993 3267; x_wconf 76' lang='lat' dir='ltr'>d.</span> <span class='ocrx_word' id='word_1_197' title='bbox 1008 3220 1067 3267; x_wconf 76' lang='lat'>242.</span> 
     </span>
    </p>
   </div>
   <div class='ocr_carea' id='block_1_4' title="bbox 516 3443 1049 3733">
    <p class='ocr_par' dir='ltr' id='par_1_4' title="bbox 516 3443 1049 3754">
     <span class='ocr_line' id='line_1_25' title="bbox 698 3443 864 3528; baseline -0.018 -1"><span class='ocrx_word' id='word_1_198' title='bbox 698 3443 763 3527; x_wconf 82' lang='lat' dir='ltr'>bn.</span> <span class='ocrx_word' id='word_1_199' title='bbox 791 3463 864 3528; x_wconf 80' lang='lat'>694.</span> 
     </span>
     <span class='ocr_line' id='line_1_26' title="bbox 516 3650 1049 3733; baseline 0.006 -16"><span class='ocrx_word' id='word_1_200' title='bbox 516 3651 613 3733; x_wconf 71' lang='lat'>1397,</span> <span class='ocrx_word' id='word_1_201' title='bbox 638 3651 681 3717; x_wconf 80' lang='lat'>21</span> <span class='ocrx_word' id='word_1_202' title='bbox 704 3652 838 3720; x_wconf 90' lang='lat' dir='ltr'>dnora.</span> <span class='ocrx_word' id='word_1_203' title='bbox 862 3652 895 3720; x_wconf 83' lang='lat' dir='ltr'>V</span> <span class='ocrx_word' id='word_1_204' title='bbox 918 3650 1049 3722; x_wconf 88' lang='lat' dir='ltr'>Praze.</span> 
     </span>
    </p>
   </div>
   <div class='ocr_carea' id='block_1_5' title="bbox 128 3840 1437 4388">
    <p class='ocr_par' dir='ltr' id='par_1_5' title="bbox 128 3840 1437 4388">
     <span class='ocr_line' id='line_1_27' title="bbox 132 3840 1431 3929; baseline 0.003 -21"><span class='ocrx_word' id='word_1_205' title='bbox 132 3841 223 3908; x_wconf 79' lang='lat' dir='ltr'>Kru‘l</span> <span class='ocrx_word' id='word_1_206' title='bbox 243 3840 359 3908; x_wconf 74' lang='lat' dir='ltr'>Vdclcc</span> <span class='ocrx_word' id='word_1_207' title='bbox 369 3843 547 3926; x_wconf 77' lang='lat' dir='ltr'>IVcopsoo</span> <span class='ocrx_word' id='word_1_208' title='bbox 560 3842 725 3909; x_wconf 77' lang='lat' dir='ltr'>Purkcrtc</span> <span class='ocrx_word' id='word_1_209' title='bbox 736 3844 882 3911; x_wconf 80' lang='lat' dir='ltr'>Strnodu</span> <span class='ocrx_word' id='word_1_210' title='bbox 895 3866 912 3910; x_wconf 73' lang='lat' dir='ltr'>a</span> <span class='ocrx_word' id='word_1_211' title='bbox 923 3847 1066 3928; x_wconf 83' lang='lat' dir='ltr'>Janovic,</span> <span class='ocrx_word' id='word_1_212' title='bbox 1078 3846 1194 3912; x_wconf 73' lang='lat' dir='ltr'>martra</span> <span class='ocrx_word' id='word_1_213' title='bbox 1206 3844 1335 3929; x_wconf 66' lang='lat' dir='ltr'>domm</span> <span class='ocrx_word' id='word_1_214' title='bbox 1345 3867 1367 3911; x_wconf 88' lang='lat' dir='ltr'>c</span> <span class='ocrx_word' id='word_1_215' title='bbox 1376 3867 1431 3912; x_wconf 86' lang='lat' dir='ltr'>ra·</span> 
     </span>
     <span class='ocr_line' id='line_1_28' title="bbox 131 3956 1431 4045; baseline 0.003 -23"><span class='ocrx_word' id='word_1_216' title='bbox 131 3956 206 4022; x_wconf 79' lang='lat' dir='ltr'>doci</span> <span class='ocrx_word' id='word_1_217' title='bbox 227 3957 345 4033; x_wconf 75' lang='lat' dir='ltr'>sudosa,</span> <span class='ocrx_word' id='word_1_218' title='bbox 367 3956 451 4024; x_wconf 75' lang='lat' dir='ltr'>brad</span> <span class='ocrx_word' id='word_1_219' title='bbox 466 3979 488 4023; x_wconf 88' lang='lat' dir='ltr'>c</span> <span class='ocrx_word' id='word_1_220' title='bbox 501 3961 598 4024; x_wconf 69' lang='lat' dir='ltr'>meato</span> <span class='ocrx_word' id='word_1_221' title='bbox 614 3959 717 4024; x_wconf 77' lang='lat' dir='ltr'>Perno</span> <span class='ocrx_word' id='word_1_222' title='bbox 732 3981 749 4026; x_wconf 82' lang='lat' dir='ltr'>a</span> <span class='ocrx_word' id='word_1_223' title='bbox 764 3961 893 4026; x_wconf 73' lang='lat' dir='ltr'>turremr&#39;</span> <span class='ocrx_word' id='word_1_224' title='bbox 906 3958 1121 4045; x_wconf 75' lang='lat' dir='ltr'>Krotovsby‘m</span> <span class='ocrx_word' id='word_1_225' title='bbox 1135 3962 1312 4026; x_wconf 77' lang='lat' dir='ltr'>Kconcnem</span> <span class='ocrx_word' id='word_1_226' title='bbox 1327 3981 1349 4026; x_wconf 89' lang='lat' dir='ltr'>o</span> <span class='ocrx_word' id='word_1_227' title='bbox 1363 3959 1431 4026; x_wconf 73' lang='lat' dir='ltr'>Lul-</span> 
     </span>
     <span class='ocr_line' id='line_1_29' title="bbox 128 4070 1432 4158; baseline 0.003 -22"><span class='ocrx_word' id='word_1_228' title='bbox 128 4070 323 4156; x_wconf 76' lang='lat' dir='ltr'>qensteinem</span> <span class='ocrx_word' id='word_1_229' title='bbox 345 4072 457 4157; x_wconf 80' lang='lat' dir='ltr'>(unser</span> <span class='ocrx_word' id='word_1_230' title='bbox 477 4074 559 4140; x_wconf 90' lang='lat' dir='ltr'>huse</span> <span class='ocrx_word' id='word_1_231' title='bbox 581 4073 645 4139; x_wconf 87' lang='lat' dir='ltr'>vnd</span> <span class='ocrx_word' id='word_1_232' title='bbox 669 4079 734 4140; x_wconf 85' lang='lat' dir='ltr'>stat</span> <span class='ocrx_word' id='word_1_233' title='bbox 756 4075 854 4141; x_wconf 89' lang='lat' dir='ltr'>Pirne</span> <span class='ocrx_word' id='word_1_234' title='bbox 874 4077 935 4141; x_wconf 93' lang='lat' dir='ltr'>mit</span> <span class='ocrx_word' id='word_1_235' title='bbox 952 4076 1014 4142; x_wconf 91' lang='lat' dir='ltr'>den</span> <span class='ocrx_word' id='word_1_236' title='bbox 1030 4081 1142 4142; x_wconf 85' lang='lat' dir='ltr'>vestan</span> <span class='ocrx_word' id='word_1_237' title='bbox 1157 4075 1354 4158; x_wconf 84' lang='lat' dir='ltr'>Kunigstein</span> <span class='ocrx_word' id='word_1_238' title='bbox 1367 4075 1432 4140; x_wconf 84' lang='lat' dir='ltr'>rnd</span> 
     </span>
     <span class='ocr_line' id='line_1_30' title="bbox 131 4186 1437 4273; baseline 0.004 -22"><span class='ocrx_word' id='word_1_239' title='bbox 131 4186 349 4268; x_wconf 82' lang='lat' dir='ltr'>Lilgensteinl</span> <span class='ocrx_word' id='word_1_240' title='bbox 375 4206 408 4252; x_wconf 87' lang='lat' dir='ltr'>sc</span> <span class='ocrx_word' id='word_1_241' title='bbox 429 4188 511 4253; x_wconf 69' lang='lat' dir='ltr'>odim</span> <span class='ocrx_word' id='word_1_242' title='bbox 526 4188 786 4269; x_wconf 70' lang='lat' dir='ltr'>pitslas&#39;cnstctm</span> <span class='ocrx_word' id='word_1_243' title='bbox 801 4211 819 4253; x_wconf 89' lang='lat' dir='ltr'><strong><em>v</em></strong></span> <span class='ocrx_word' id='word_1_244' title='bbox 836 4191 943 4253; x_wconf 85' lang='grc'><strong><em>10000</em></strong></span> <span class='ocrx_word' id='word_1_245' title='bbox 957 4187 1077 4272; x_wconf 75' lang='lat' dir='ltr'>kopdcb</span> <span class='ocrx_word' id='word_1_246' title='bbox 1091 4211 1140 4273; x_wconf 75' lang='lat' dir='ltr'>pr.</span> <span class='ocrx_word' id='word_1_247' title='bbox 1159 4187 1348 4273; x_wconf 65' lang='lat' dir='ltr'>prodsky&#39;clc</span> <span class='ocrx_word' id='word_1_248' title='bbox 1370 4188 1437 4256; x_wconf 64' lang='lat' dir='ltr'>cira</span> 
     </span>
     <span class='ocr_line' id='line_1_31' title="bbox 130 4298 1433 4388; baseline 0.005 -25"><span class='ocrx_word' id='word_1_249' title='bbox 130 4298 240 4363; x_wconf 81' lang='lat' dir='ltr'>milost</span> <span class='ocrx_word' id='word_1_250' title='bbox 268 4300 409 4380; x_wconf 66' lang='lat' dir='ltr'>mentm,</span> <span class='ocrx_word' id='word_1_251' title='bbox 431 4303 606 4376; x_wconf 70' lang='lat' dir='ltr'>sementim,</span> <span class='ocrx_word' id='word_1_252' title='bbox 638 4303 775 4383; x_wconf 71' lang='lat' dir='ltr'>ryttidm</span> <span class='ocrx_word' id='word_1_253' title='bbox 798 4323 819 4366; x_wconf 90' lang='lat' dir='ltr'>o</span> <span class='ocrx_word' id='word_1_254' title='bbox 836 4304 998 4384; x_wconf 76' lang='lat' dir='ltr'>pcnos&#39;atm</span> <span class='ocrx_word' id='word_1_255' title='bbox 1019 4301 1149 4386; x_wconf 76' lang='lat' dir='ltr'>krojiny</span> <span class='ocrx_word' id='word_1_256' title='bbox 1171 4299 1328 4368; x_wconf 72' lang='lat' dir='ltr'>Pereastc</span> <span class='ocrx_word' id='word_1_257' title='bbox 1356 4302 1433 4388; x_wconf 84' lang='lat' dir='ltr'>(den</span> 
     </span>
    </p>
   </div>
   <div class='ocr_carea' id='block_1_6' title="bbox 131 4397 1434 4616">
    <p class='ocr_par' dir='ltr' id='par_1_6' title="bbox 131 4397 1434 4616">
     <span class='ocr_line' id='line_1_32' title="bbox 131 4397 1434 4501; baseline 0.005 -23"><span class='ocrx_word' id='word_1_258' title='bbox 131 4430 282 4493; x_wconf 84' lang='lat' dir='ltr'>mannen,</span> <span class='ocrx_word' id='word_1_259' title='bbox 298 4397 467 4496; x_wconf 85' lang='lat' dir='ltr'>lantluten,</span> <span class='ocrx_word' id='word_1_260' title='bbox 483 4415 577 4481; x_wconf 90' lang='lat' dir='ltr'>rittcr</span> <span class='ocrx_word' id='word_1_261' title='bbox 593 4415 657 4480; x_wconf 83' lang='lat' dir='ltr'>rud</span> <span class='ocrx_word' id='word_1_262' title='bbox 672 4416 831 4481; x_wconf 90' lang='lat' dir='ltr'>knechtcn</span> <span class='ocrx_word' id='word_1_263' title='bbox 848 4415 1017 4483; x_wconf 87' lang='lat' dir='ltr'>desselben</span> <span class='ocrx_word' id='word_1_264' title='bbox 1030 4417 1143 4484; x_wconf 88' lang='lat' dir='ltr'>landes</span> <span class='ocrx_word' id='word_1_265' title='bbox 1158 4437 1199 4483; x_wconf 85' lang='lat' dir='ltr'>nu</span> <span class='ocrx_word' id='word_1_266' title='bbox 1210 4415 1434 4501; x_wconf 56' lang='lat' dir='ltr'>praeparor</span> 
     </span>
     <span class='ocr_line' id='line_1_33' title="bbox 133 4521 1429 4616; baseline 0.007 -26"><span class='ocrx_word' id='word_1_267' title='bbox 133 4521 369 4607; x_wconf 75' lang='lat' dir='ltr'>iporkmisrro,</span> <span class='ocrx_word' id='word_1_268' title='bbox 392 4526 474 4591; x_wconf 66' lang='lat' dir='ltr'>rodi</span> <span class='ocrx_word' id='word_1_269' title='bbox 496 4546 518 4591; x_wconf 89' lang='lat' dir='ltr'>c</span> <span class='ocrx_word' id='word_1_270' title='bbox 542 4529 720 4592; x_wconf 70' lang='lat' dir='ltr'>mettantm</span> <span class='ocrx_word' id='word_1_271' title='bbox 741 4529 792 4592; x_wconf 75' lang='lat' dir='ltr'>cii</span> <span class='ocrx_word' id='word_1_272' title='bbox 813 4527 882 4592; x_wconf 87' lang='lat' dir='ltr'>cbce</span> <span class='ocrx_word' id='word_1_273' title='bbox 907 4531 1009 4594; x_wconf 62' lang='lat' dir='ltr'>mbtc</span> <span class='ocrx_word' id='word_1_274' title='bbox 1031 4528 1148 4616; x_wconf 77' lang='lat' dir='ltr'>Perna,</span> <span class='ocrx_word' id='word_1_275' title='bbox 1181 4532 1215 4595; x_wconf 74' lang='lat' dir='ltr'>lc</span> <span class='ocrx_word' id='word_1_276' title='bbox 1231 4551 1276 4615; x_wconf 80' lang='lat' dir='ltr'>po</span> <span class='ocrx_word' id='word_1_277' title='bbox 1297 4531 1353 4599; x_wconf 79' lang='lat' dir='ltr'>don</span> <span class='ocrx_word' id='word_1_278' title='bbox 1373 4532 1429 4599; x_wconf 77' lang='lat' dir='ltr'>ad-</span> 
     </span>
    </p>
   </div>
   <div class='ocr_carea' id='block_1_7' title="bbox 126 4638 1430 4730">
    <p class='ocr_par' dir='ltr' id='par_1_7' title="bbox 126 4638 1430 4730">
     <span class='ocr_line' id='line_1_34' title="bbox 126 4638 1430 4730; baseline 0.007 -27"><span class='ocrx_word' id='word_1_279' title='bbox 126 4642 225 4721; x_wconf 75' lang='lat' dir='ltr'>stuoy</span> <span class='ocrx_word' id='word_1_280' title='bbox 245 4639 368 4722; x_wconf 72' lang='lat' dir='ltr'>mmojt</span> <span class='ocrx_word' id='word_1_281' title='bbox 390 4638 534 4707; x_wconf 60' lang='lat' dir='ltr'>cantet</span> <span class='ocrx_word' id='word_1_282' title='bbox 554 4638 711 4707; x_wconf 74' lang='lat' dir='ltr'>lorciloudtr&#39;</span> <span class='ocrx_word' id='word_1_283' title='bbox 730 4640 771 4706; x_wconf 84' lang='lat' dir='ltr'>od</span> <span class='ocrx_word' id='word_1_284' title='bbox 784 4641 859 4707; x_wconf 58' lang='lat' dir='ltr'>aab</span> <span class='ocrx_word' id='word_1_285' title='bbox 886 4641 987 4708; x_wconf 65' lang='lat' dir='ltr'>iddnc‘</span> <span class='ocrx_word' id='word_1_286' title='bbox 1009 4643 1104 4711; x_wconf 67' lang='lat' dir='ltr'>bened</span> <span class='ocrx_word' id='word_1_287' title='bbox 1130 4642 1338 4728; x_wconf 66' lang='lat' dir='ltr'>auijuktlrolr&#39;</span> <span class='ocrx_word' id='word_1_288' title='bbox 1357 4646 1430 4730; x_wconf 63' lang='lat' dir='ltr'>joni</span> 
     </span>
    </p>
   </div>
   <div class='ocr_carea' id='block_1_8' title="bbox 0 0 1554 5392">
    <p class='ocr_par' dir='ltr' id='par_1_8' title="bbox 0 0 1554 5392">
     <span class='ocr_line' id='line_1_35' title="bbox 0 0 1554 5392; baseline 0 0"><span class='ocrx_word' id='word_1_289' title='bbox 0 0 1554 5392; x_wconf 95' lang='lat' dir='ltr'> </span> 
     </span>
    </p>
   </div>
  </div>
 </body>
</html>
