3098 5392
640 98 643 106 '
679 108 755 157 1360.

638 346 703 430 dns.
727 364 800 431 sss.

383 536 391 551 ’
466 535 565 616 1360,
588 536 610 603 8
631 536 783 605 cornua
805 536 839 606 V
861 536 991 604 Prone.

83 709 173 802 Ciscr'
193 711 294 777 Κανά
315 713 337 776 1
342 710 371 776 V
385 711 451 778 tint
470 711 576 779 munst
597 713 774 778 mittendos
795 715 897 778 mista
921 713 1047 788 Kolioa,
1078 713 1112 779 ic
1143 713 1253 780 dorm
1272 715 1376 798 dpisy,

79 821 162 932 ktcrc'
180 823 241 890 cco
255 823 311 890 md
324 845 364 891 aa
378 825 459 891 ssimi
478 825 536 892 ucb
556 846 598 891 sa
611 825 681 909 jicd
711 825 787 901 odoi,
810 848 831 890 a
845 824 898 908 joi
912 824 1017 892 bidem
1030 825 1109 892 roda
1124 851 1145 893 a
1160 827 1220 893 dore
1236 849 1281 909 po
1299 849 1374 910 pro·

77 936 186 1003 wlsini
199 957 245 1020 po
266 938 360 1005 celim
380 936 555 1006 lcrdlovstoi
580 937 743 1006 udiudnim
771 938 958 1021 ocpicdloii,
991 941 1073 1026 maji
1094 939 1225 1028 pooby'ti
1252 939 1376 1011 valore

643 1053 808 1135 plctnosti.

182 1212 323 1295 Karolus
346 1232 481 1312 quartus
504 1228 617 1294 diuina
634 1228 765 1294 fauente
780 1229 955 1295 clemencia
969 1231 1186 1298 Romanorum
1201 1235 1377 1317 imperator

40 1360 204 1425 .·semper
226 1348 383 1425 augustus
406 1347 439 1408 et
460 1341 593 1408 Boemie
614 1360 679 1408 rex.
725 1342 845 1408 Notum
874 1343 1010 1407 facimus
1036 1348 1148 1410 tenore
1171 1349 1374 1428 presencium

76 1457 252 1538 uniuersis,
275 1455 370 1540 quod,
394 1475 467 1523 cum
489 1456 614 1540 pridem
633 1454 781 1523 fidelibus
804 1457 924 1523 nostris
948 1455 1076 1523 dilectis
1099 1459 1225 1525 ciuibus
1249 1466 1281 1527 et
1305 1462 1375 1528 vni·

80 1570 234 1636 uorsitati
266 1569 410 1636 ciuitatis
445 1568 647 1637 coloniensis
673 1588 772 1653 super
793 1569 895 1636 Albea
923 1569 1006 1637 hauc
1034 1572 1176 1653 graciam
1204 1571 1374 1655 fecimns1)

73 1684 259 1766 specialem,
283 1687 326 1764 vt,
350 1683 379 1750 si
403 1701 467 1766 que
489 1684 584 1750 litere
605 1689 662 1750 aut
676 1682 880 1750 fideiussoris
902 1684 1082 1764 cauciones,
1114 1703 1211 1768 super
1240 1687 1372 1770 quibus-

72 1814 201 1881 cunque
235 1795 353 1863 debitis
387 1797 492 1863 dictos
526 1797 614 1863 ciues
650 1803 683 1863 et
712 1797 957 1863 uniuersitatem
991 1797 1134 1863 ciuitatis
1164 1799 1288 1881 prefate
1317 1806 1374 1866 aut

72 1912 216 1993 aliquem
240 1910 383 1992 ipsorum
414 1915 651 1991 concernentes,
676 1929 696 1976 a
717 1910 963 1993 quibuscunque
992 1912 1140 1993 personis
1169 1913 1264 1980 modo
1295 1932 1373 1995 quo·

72 2024 152 2090 libet
182 2023 377 2089 haberentur
386 2018 424 2107 ²),
454 2022 540 2089 iacta
569 2024 825 2105 proclamacione
854 2022 1017 2107 publical)
1041 2024 1075 2088 in
1099 2025 1250 2092 uniuerso
1273 2043 1372 2109 regno

73 2142 185 2204 nostro
207 2136 350 2217 Boemie,
374 2136 460 2219 quod
482 2137 593 2203 eodem
615 2137 710 2203 litere
725 2137 765 2202 ab
780 2136 965 2203 huiusmodi
987 2138 1135 2220 personis
1151 2137 1236 2204 infra
1251 2158 1370 2205 annum

73 2257 105 2316 et
127 2251 216 2317 diem
238 2269 259 2315 a
282 2255 425 2332 tompore
439 2250 707 2333 proclamacionis
723 2251 827 2333 ipsius
843 2250 1044 2317 manifestari
1063 2251 1217 2317 deberent
1226 2250 1269 2333 4);
1293 2254 1370 2335 quia

72 2369 181 2430 tamen
204 2365 358 2430 nonnulle
379 2382 516 2447 persone
539 2366 628 2431 ciues
651 2370 684 2430 et
705 2364 949 2431 uniuersitatem
973 2364 1117 2431 ciuitatis
1140 2365 1285 2447 predicte
1307 2384 1371 2432 non

74 2479 223 2545 obstante
244 2476 429 2544 huiusmodi
453 2484 563 2544 nostra
585 2478 695 2560 gracia
717 2478 800 2561 ipsis
825 2477 911 2543 facta
941 2478 1134 2558 quibusdam
1156 2479 1226 2544 suis
1248 2478 1368 2545 litteris

74 2593 257 2675 opprimere
279 2596 312 2657 et
334 2610 513 2675 aggrauare
543 2592 699 2671 nituntur,
739 2593 886 2658 volumus
909 2596 942 2657 et
963 2592 1053 2673 regio
1076 2592 1209 2658 Boemie
1231 2594 1370 2659 valituro

74 2707 237 2772 sancimus
261 2705 376 2786 edicto,
400 2706 429 2770 si
450 2704 538 2770 dicta
557 2705 781 2787 proclamacio,
804 2709 901 2787 prout
916 2710 1089 2771 annotatur
1104 2706 1263 2788 superius,
1284 2707 1371 2772 facta

75 2827 121 2885 est
144 2819 312 2899 haelenae,
336 2818 422 2901 quod
444 2823 561 2884 extunc
587 2817 695 2884 omnia
718 2824 751 2883 et
773 2818 901 2899 singula
923 2818 1123 2883 munimenta
1145 2824 1177 2885 ot
1199 2819 1292 2884 litere
1313 2824 1371 2884 aut

74 2935 176 3000 eciam
196 2930 401 2998 fideiussoris
417 2933 587 2998 conciones
607 2949 868 3013 quarumcunque
883 2948 1102 3013 personarum,
1126 2949 1223 3014 super
1237 2931 1369 3014 quibus·

74 3064 200 3130 cunque
222 3045 340 3111 debitis
363 3044 450 3111 edite
473 3046 522 3110 vol
546 3049 728 3110 constructe
750 3044 880 3123 fuerint,
904 3062 976 3109 cum
992 3043 1108 3125 quibus
1130 3044 1219 3110 ciues
1242 3049 1275 3109 ot
1298 3044 1367 3109 rni-

73 3161 213 3227 ncrsitas
237 3160 323 3225 dicte
345 3157 488 3225 ciuitatis
511 3163 569 3223 aut
590 3158 707 3240 aliquis
730 3158 874 3240 ipsorum
897 3157 1018 3223 ciuium
1038 3163 1172 3240 possent
1186 3157 1369 3240 aliqualiter

73 3273 261 3353 ammoneri,
293 3291 356 3354 que
385 3273 471 3339 iufra
501 3271 622 3340 dictum
652 3273 806 3355 temporis
836 3274 981 3354 spacium
1006 3271 1137 3337 luerunt
1159 3271 1291 3336 minime
1313 3270 1368 3336 de

71 3391 259 3467 monstrate,
282 3386 403 3452 nullius
427 3404 499 3452 esse
521 3385 562 3453 de
584 3390 689 3452 cetero
717 3385 854 3451 debeant
883 3385 1017 3465 roboris,
1049 3383 1191 3451 efficacis
1222 3385 1273 3448 vel
1303 3402 1368 3449 mo·

70 3618 218 3700 ipsorum
247 3613 463 3696 preludicium
494 3614 546 3677 uel
576 3631 749 3694 grauamen
780 3613 909 3693 aliquod
943 3613 1031 3678 nullo
1060 3611 1155 3679 modo
1183 3611 1366 3693 importare.

67 3726 280 3798 Ptesencium
303 3727 362 3792 sub
385 3726 563 3810 imperialis
586 3731 695 3792 nostre
721 3726 909 3807 magestatis
943 3725 1050 3807 sigillo
1080 3723 1264 3790 testimonio
1294 3710 1367 3790 lite

65 3861 188 3911 rarum.
214 3841 334 3906 Datum
349 3839 454 3923 Prage
475 3858 558 3906 anuo
583 3839 704 3906 domini
725 3839 897 3906 millesimo
916 3839 1141 3906 trecentesimo
1157 3836 1367 3920 sexagesimo,

63 3957 254 4026 indiccione
277 3955 378 4021 tercia
401 3953 536 4036 decima,
558 3952 620 4021 VI⁰
642 3953 715 4020 idus
742 3953 843 4035 lunii,
875 3971 1047 4036 regnorum
1076 3957 1256 4019 nostrorum
1282 3970 1366 4019 anno

62 4077 183 4158 quarto
211 4068 345 4149 decimo,
368 4067 497 4151 imperii
521 4087 596 4135 vero
620 4073 718 4134 sento,

752 4155 813 4220 Per
835 4154 999 4221 dominum
1021 4153 1211 4236 magistrum
1235 4153 1325 4222 curie

865 4267 1041 4335 Heinricus
1064 4266 1238 4336 Australis.

1174 4385 1286 4460 as¹
