3150 5378
89 474 97 487 ‚
215 412 279 478 588
842 416 915 465 nes.

215 619 342 688 Rudolfa‚
360 636 377 673 a
396 621 450 675 sice
473 620 603 691 povoluje
631 622 703 674 cisei
729 621 872 688 ,liudolfo
890 620 973 675 iudici
997 621 1135 678 Mutensis
1161 622 1291 690 ciuitatis,
1318 622 1433 678 Mathee
1461 625 1519 678 eius

213 716 292 770 fratri
323 732 453 786 germano
483 733 590 771 necnon
621 717 728 787 patruis
759 717 822 771 olim
853 716 959 771 Nicolai
989 718 1112 786 germani
1140 717 1234 773 notus
1265 735 1371 786 eornm,
1414 719 1520 775 ciuibus

214 820 241 866 et
258 813 356 868 incolis
376 811 515 868 antedicto
532 819 628 867 nostre
649 812 769 867 ciuitatis
788 812 927 867 lllntensie
946 843 988 880 —,
1013 813 1086 882 quod
1106 830 1161 869 nno
1180 814 1304 884 ipsorum
1324 820 1373 870 aut
1391 814 1518 884 pluribus

216 924 250 961 ex
269 910 308 963 eis
327 910 433 978 ubsque
451 909 580 978 legitimis
598 908 746 963 heredibus
766 908 916 963 decedente
936 925 986 964 seu
1005 909 1204 965 decedentibus
1222 909 1293 965 alius
1311 910 1357 965 vel
1369 910 1417 965 alii
1431 927 1466 966 ex
1480 911 1518 965 eis

215 1004 382 1073 superstites
401 1011 429 1058 et
447 1004 630 1074 quorumlibet
642 1019 736 1058 eorum
750 1002 867 1059 heredes
882 1004 997 1074 legitimi
1009 1005 1106 1072 tocies,
1125 1005 1237 1076 quocies
1249 1022 1332 1063 cesus
1345 1005 1518 1063 decessionis

217 1115 267 1153 sen
285 1101 381 1154 mortis
399 1100 550 1166 emerserit,
568 1099 597 1153 in
617 1099 743 1154 omnibus
762 1100 851 1166 bonis,
869 1116 923 1170 que
941 1116 1014 1155 nuno
1029 1101 1092 1169 jure
1104 1107 1179 1156 terre
1191 1101 1234 1155 vel
1246 1100 1410 1172 municipali
1423 1108 1516 1156 tenent

215 1202 263 1250 sut
281 1196 426 1265 possident
450 1212 501 1251 seu
523 1195 635 1251 fauente
654 1195 788 1252 altissimo
817 1196 996 1266 acquisierint
1018 1196 1099 1252 iustis
1123 1197 1211 1252 titulis
1234 1198 1265 1252 in
1288 1197 1423 1269 futurum,
1443 1206 1470 1253 et
1487 1199 1515 1251 in

215 1292 339 1347 omnibus
359 1293 438 1347 bonis
456 1292 602 1347 mobilibus
621 1297 649 1346 et
666 1292 849 1347 immobilibus
870 1323 902 1333 -
920 1293 1025 1362 ubsque
1050 1291 1125 1347 omni
1146 1292 1310 1349 difficultate
1328 1309 1382 1349 eeu
1399 1293 1512 1364 impedi·

214 1394 307 1443 mento
326 1387 499 1442 succedent.“
521 1387 659 1455 (Laskavt
688 1387 795 1442 sddlent
811 1404 839 1457 p.
857 1387 999 1457 striptors
1014 1387 1125 1458 Tadry).
1151 1419 1186 1429 —
1212 1388 1316 1444 Kronm
1341 1389 1410 1444 toho
1436 1394 1516 1443 vols.

215 1484 289 1538 univ.
317 1485 461 1538 bibliotece
488 1484 610 1539 Pretslsd
638 1484 725 1538 chous
752 1500 782 1538 se
806 1485 873 1554 orig.
898 1487 960 1538 lisca
984 1487 1010 1538 d.
1034 1487 1063 1538 ia
1086 1484 1150 1538 Alta
1174 1486 1249 1539 Muto
1271 1490 1304 1539 21
1329 1487 1426 1541 &maa
1445 1492 1515 1549 13⁶9,

214 1597 230 1633 v
249 1581 355 1634 ktertm
374 1579 527 1650 purlrmistr
544 1595 561 1633 s
579 1581 700 1649 pllseini
723 1579 816 1633 kmett
834 1597 867 1632 ve
885 1580 1026 1650 Vysolrtm
1044 1580 1121 1650 ltyte
1146 1579 1318 1651 dosveddnjl,
1345 1585 1378 1638 le
1395 1582 1515 1637 Mitule

214 1677 329 1748 probolt
356 1693 373 1731 s
399 1677 459 1746 cely
486 1676 609 1730 lronvent
635 1675 759 1730 kldttera
787 1674 982 1730 Zderecslreho
1010 1675 1130 1730 rPraze
1159 1675 1277 1746 vysadili
1303 1679 1445 1749 pozemlry
1473 1681 1515 1734 sut

214 1773 378 1842 vopuitent
397 1772 501 1827 vesnioi
520 1772 622 1841 Slupne
642 1776 748 1837 (eornm
766 1786 856 1839 agros,
882 1787 981 1825 nouem
999 1771 1142 1826 laneorum
1160 1773 1252 1827 minus
1269 1772 1360 1829 tribus
1378 1775 1464 1844 virgis
1482 1774 1512 1829 sd

215 1868 306 1922 villam
330 1884 403 1922 nunc
426 1868 564 1922 desertam
589 1867 689 1922 dictam
714 1867 855 1936 quondam
872 1867 976 1937 Slupna
994 1874 1162 1939 spectantes,
1188 1884 1277 1939 prope
1301 1875 1429 1924 nostrum
1454 1871 1514 1925 cini-

214 1969 298 2018 tetem
323 1964 429 2017 Mutum
454 1963 534 2029 sitos)
559 1961 721 2016 dedibntmn
742 1963 801 2030 jich
825 1963 945 2032 rychttli
962 1962 1110 2018 Rndlinosi
1137 1963 1266 2033 (prouido
1294 1964 1353 2019 viro
1378 1965 1513 2021 Rudelino

216 2060 289 2115 dioto
313 2059 386 2127 Roit,
410 2065 504 2115 nostre
527 2059 649 2114 oiuitstis
668 2058 755 2127 judici
779 2058 957 2129 hereditario)
977 2058 1136 2114 sdtdicdm
1158 2059 1235 2128 jeho,
1256 2060 1310 2131 uby
1328 2063 1465 2129 vystaveli
1481 2080 1514 2117 na

216 2157 279 2210 nich
295 2156 366 2210 dvdr
383 2172 400 2210 s
419 2154 517 2211 osadili
531 2156 571 2224 jej
591 2156 751 2211 drodnlkem
771 2156 855 2226 (quod
873 2157 935 2227 ipse
952 2155 1105 2212 Rudelinus
1121 2154 1205 2211 iudex
1223 2162 1273 2212 sut
1288 2157 1381 2227 ipsius
1400 2158 1513 2213 heredes

214 2253 335 2323 propriis
362 2252 420 2308 suis
447 2252 597 2325 laboribus,
622 2253 776 2322 sumptibus
801 2259 829 2307 et
852 2252 983 2322 expensis
1010 2252 1115 2322 erigere
1144 2258 1172 2308 et
1199 2253 1292 2323 sepire
1319 2252 1425 2310 debent
1451 2270 1514 2324 sepe

214 2348 324 2418 lingnes
340 2349 369 2404 in
388 2350 460 2419 egris
478 2348 620 2418 predictis,
638 2365 730 2404 ercam
756 2365 806 2404 sen
830 2349 932 2403 curium
956 2349 1114 2403 rusticalem
1139 2355 1167 2404 et
1190 2348 1291 2404 ibidem
1317 2349 1430 2405 domum
1456 2367 1514 2405 cum

214 2445 297 2499 stubs
315 2452 342 2500 et
361 2446 476 2501 stabulis
495 2463 545 2516 pro
564 2447 662 2503 colono
682 2454 710 2500 et
727 2446 900 2512 animalibus,
919 2461 951 2500 ac
969 2446 1098 2500 borreum
1110 2461 1162 2517 pro
1175 2445 1293 2501 annonis
1311 2452 1476 2503 construere
1489 2454 1515 2500 et

214 2540 342 2596 edificare
368 2548 433 2596 ente
459 2542 560 2597 testum
586 2541 785 2597 Penthecostes
810 2543 862 2597 sub
886 2557 959 2597 anno
984 2542 1108 2613 proxime
1135 2541 1254 2597 affuturo
1274 2541 1446 2610 perficiendo
1464 2543 1513 2598 snb

214 2636 308 2691 decem
332 2654 532 2707 sexagenerum
556 2654 714 2708 grossorum
739 2653 814 2708 pens
838 2654 889 2708 per
906 2637 997 2707 ipsum
1012 2637 1133 2706 judicem
1152 2644 1200 2692 aut
1219 2637 1279 2693 eius
1296 2636 1418 2693 heredes
1435 2638 1514 2693 nobis

215 2739 242 2787 et
261 2740 356 2788 nostro
374 2734 542 2788 monasterio
560 2733 685 2805 predicto
704 2733 899 2804 persoluenda,
917 2733 942 2788 si
959 2749 1016 2788 non
1041 2733 1126 2788 luerit
1150 2733 1328 2799 edificatum.)
1365 2733 1406 2788 Ze
1431 2733 1514 2789 dvore

213 2828 280 2883 tubo
299 2833 343 2885 nrt
360 2829 471 2899 rychtdi
488 2829 590 2883 Rndlin
607 2847 644 2900 po
664 2832 711 2900 pet
729 2830 768 2884 let
786 2828 838 2883 dud
850 2829 925 2900 lropy
938 2845 977 2899 gr.
989 2829 1145 2900 pretskyoh
1157 2829 1283 2885 kltbteru
1294 2828 1412 2885 rodnlho
1424 2831 1514 2885 droku

213 2923 312 2994 platiti,
335 2924 421 2979 nabet
444 2941 482 2997 po
506 2925 564 2994 peti
580 2925 671 2979 letech
689 2927 734 2979 mt
752 2941 783 2979 se
801 2940 870 2979 oens
893 2924 980 2980 dvors
1002 2924 1090 2980 nnalci
1108 2924 1279 2981 odhadnouti
1300 2925 1395 2980 abud
1410 2926 1515 2981 lrltster

215 3017 283 3073 debr
307 3025 355 3074 ten
372 3037 406 3075 ns
423 3026 483 3075 tuto
502 3037 571 3076 oenu
596 3021 700 3090 vypletl
724 3022 813 3076 anebo
838 3022 950 3092 rychtti
971 3020 1074 3076 Rndlin
1098 3021 1144 3075 dle
1168 3019 1327 3077 odhsdnute
1348 3037 1418 3092 ceny
1442 3021 1514 3077 bude

214 3112 291 3185 eylsi
309 3116 379 3171 urolt
397 3117 474 3172 rodni
491 3118 590 3188 platiti.

783 3280 847 3361 Cis.
871 3296 944 3362 406.

630 3448 730 3531 1363,
752 3467 777 3516 v
793 3450 884 3520 ubil.
908 3451 942 3520 V
965 3448 1094 3520 Prone.

216 3621 310 3689 Clear'
341 3625 441 3690 Karcl
469 3624 523 3689 IV
546 3625 688 3690 eustacio
711 3624 840 3691 odkkrd
868 3628 979 3702 mesta,
994 3623 1074 3707 justo
1089 3624 1261 3708 jmeaouite
1280 3625 1413 3692 Hrcdec
1426 3624 1508 3692 Krd·

213 3738 288 3813 loce,
319 3737 435 3820 lgsolc'
468 3739 556 3821 Mg'to
586 3759 607 3802 a
639 3734 793 3805 Gladim
827 3760 860 3803 se
881 3738 979 3805 vdent
1000 3737 1141 3820 dttcltodg
1163 3737 1261 3803 terte
1281 3739 1440 3805 meatum
1460 3738 1511 3806 soi

213 3851 349 3927 Alebus,
388 3852 473 3917 dccii
505 3852 622 3934 odvody
656 3851 907 3918 Pomor'anslce'lao
942 3852 1126 3919 Bobaslova
1154 3852 1184 3915 V
1221 3873 1243 3917 a
1270 3854 1385 3918 saulce
1417 3850 1506 3917 trae

215 3962 365 4030 Potsttto
377 3965 554 4042 Kaeiucira,
576 3988 599 4031 a
620 3970 704 4043 vend,
726 3967 871 4051 noliucje
891 3966 1086 4049 obyoateldm
1107 3965 1205 4032 techto
1219 3969 1308 4043 mest,
1331 3964 1395 4048 uby
1409 3966 1510 4033 stolila'

714 4080 749 4162 jt'
770 4077 830 4145 eleb
852 4081 998 4145 vri-mooli.

314 4252 402 4306 Znenl
425 4252 520 4306 tuhoto
544 4253 668 4307 neltneni
693 4268 722 4306 se
745 4253 944 4320 nezechova103
975 4251 1062 4307 erdale
1081 4254 1224 4307 vstttnlm
1243 4250 1356 4307 erehivu
1373 4267 1408 4307 re
1424 4250 1509 4307 Vidni

211 4347 290 4413 (Boh.
308 4348 347 4403 N⁰
365 4352 511 4409 tto-728)
531 4349 640 4417 chovajl
657 4364 687 4402 se
706 4348 772 4418 orig.
800 4349 875 4416 lietb,
899 4349 1018 4418 kterymi
1041 4349 1159 4403 nektert
1181 4349 1271 4403 venne
1287 4348 1379 4405 mesta
1395 4348 1512 4405 sumto

210 4444 324 4511 jekotto
343 4445 476 4500 lrrtlovnt
488 4428 577 4500 desire
596 4445 749 4499 lrvdrnosti
768 4461 798 4500 se
816 4445 989 4511 savazensis,
1008 4461 1025 4499 e
1042 4445 1112 4498 sice:
1134 4446 1152 4511 ¹)
1172 4446 1215 4498 liet
1232 4447 1313 4498 meato
1330 4444 1439 4501 Hmdee
1455 4448 1512 4500 nod

214 4541 310 4593 Lobem
327 4559 355 4593 se
372 4545 422 4594 dae
440 4547 474 4592 15
491 4544 549 4593 sctit
568 4544 642 4605 1363,
658 4541 723 4608 jenl
741 4543 787 4594 ani
803 4541 897 4595 teleto:
926 4539 999 4610 ,Nos
1013 4581 1039 4593 ..
1055 4538 1151 4608 judex,
1168 4580 1195 4593 ..
1210 4538 1297 4607 jurati
1315 4544 1383 4594 et..
1400 4540 1511 4595 uniuer-

213 4637 282 4691 sitas
300 4636 421 4691 ciuitatis
435 4636 520 4689 Grecz
538 4642 633 4691 notum
648 4635 764 4691 tammus
776 4644 873 4691 tenore
886 4636 1059 4706 presencium
1071 4634 1217 4703 uniuersis,
1233 4634 1301 4705 quis
1311 4635 1512 4693 serenissimus
