3098 5392
128 441 192 506 516
758 436 831 486 tabe.

128 650 285 730 pellarum
316 647 349 710 in
381 645 545 711 Montibus
578 644 737 710 Chutbnis
760 649 793 708 et
815 658 930 713 aliarum
946 642 970 728 ²)
1003 645 1216 711 ecclesiarum
1243 646 1391 728 parrochia·

128 763 207 827 linm
222 757 513 844 quarumcunqueb
530 759 675 842 predicto
691 759 886 824 monasterio
906 778 964 841 per
978 778 1199 843 quoscumque
1219 763 1253 826 et
1273 760 1393 843 qualiter·

129 893 263 957 cumque
293 873 406 952 lactas,
438 873 583 954 regimen
613 889 740 954 quoque
762 877 795 935 et
817 871 1069 954 disposicionem
1092 873 1264 957 hospitalis
1285 871 1394 941 infirmo

128 1006 200 1051 rum
216 990 293 1050 ante
310 991 436 1068 portam
454 984 714 1049 Cnoslauiensem
736 984 770 1049 in
794 982 880 1050 dicto
903 984 1015 1051 Monte
1035 983 1196 1068 Ghuthne,
1217 987 1396 1070 prescripcio

128 1117 185 1164 nes
209 1097 385 1163 secundum
404 1098 458 1179 jus
482 1095 671 1162 canonicum
693 1097 746 1161 uel
769 1097 866 1161 ciuile
888 1098 1055 1178 generales
1078 1104 1136 1164 ant
1158 1101 1193 1166 in
1220 1099 1305 1168 dicto
1322 1118 1396 1182 regno

130 1212 263 1277 Boemie
297 1229 336 1275 er
370 1209 603 1276 consuetudine
637 1207 781 1272 eiusdem
813 1211 904 1290 regni
935 1210 1102 1291 speciales,
1133 1217 1192 1276 ant
1211 1230 1398 1296 quonamque

129 1323 309 1390 laudabiles
341 1321 591 1389 consuetudines
622 1322 703 1386 alias
736 1339 860 1387 necnon
884 1322 1108 1404 proprietates,
1132 1324 1277 1392 dominia
1299 1330 1328 1390 et
1346 1343 1399 1407 pos·

129 1437 274 1503 sesiones
305 1437 447 1502 omnium
477 1439 510 1500 et
542 1435 743 1516 singulorum
765 1453 803 1500 ac
826 1434 1025 1517 singularum
1048 1435 1206 1519 locorum,
1226 1438 1399 1522 oppidomn,

132 1551 292 1630 villarum,
333 1548 548 1630 grangiarum,
591 1547 762 1626 curiarum,
805 1552 956 1629 ortorum,
997 1549 1226 1633 pomeriorum,
1258 1552 1400 1627 monciun,

129 1664 269 1743 collium,
286 1662 429 1741 vallium,
442 1661 620 1743 planorum,
636 1677 787 1740 agrorum
802 1659 960 1726 cultorum
982 1664 1015 1727 et
1029 1660 1236 1744 incultorum,
1252 1664 1400 1740 virerum

129 1795 333 1861 pascuorum,
356 1779 531 1858 pratorum,
554 1772 736 1851 fluuiorum,
759 1772 914 1853 rinornm,
937 1777 1135 1856 stagnorum,
1159 1776 1400 1858 aquarumuede

132 1908 286 1957 cursuum
313 1904 596 1970 quorumcumque,
620 1884 885 1966 molendinorum,
912 1887 1078 1969 siluarum,
1101 1907 1279 1971 nemorum,
1299 1889 1401 1955 mbeto

131 2024 213 2083 rum,
244 2003 461 2081 frutettorum,
496 1999 726 2082 piscacionum,
760 2000 980 2082 venacionnm,
1010 2000 1229 2083 tabernarum,
1262 2001 1401 2069 stubamu

128 2115 325 2182 balneolium
350 2115 436 2178 intra
458 2117 490 2178 et
513 2113 598 2177 circa
620 2112 762 2177 Mentem
780 2111 928 2177 Chutbne
944 2132 981 2179 ac
996 2132 1148 2196 gazarum
1163 2114 1285 2182 ibidem
1302 2132 1401 2183 necnon

131 2230 233 2311 partis
258 2246 316 2292 sen
338 2226 500 2309 porcionis
531 2224 645 2290 vrbore
668 2223 709 2290 de
731 2224 978 2306 argentifodinis
1002 2224 1189 2310 inibidem,
1213 2247 1277 2310 qne
1296 2227 1402 2293 racione

134 2342 270 2408 dominii
292 2340 384 2406 fundi
408 2338 565 2404 ..abbati
589 2342 621 2403 ct
644 2388 675 2403 ..
708 2338 880 2404 concentui
904 2335 983 2403 dicti
1005 2340 1196 2407 monasterii
1215 2341 1288 2425 jure
1309 2339 1402 2407 deben-

132 2460 195 2534 tnr,
219 2473 257 2520 ac
280 2453 504 2536 proprietates,
528 2451 752 2518 concessiones
776 2468 833 2516 seu
855 2457 965 2532 partes
986 2451 1079 2533 alias,
1102 2471 1184 2535 quas
1207 2472 1293 2521 nunc
1306 2453 1401 2521 habent

133 2568 185 2632 uel
216 2565 378 2631 habebunt
408 2564 615 2629 infuturum
645 2563 677 2628 in
713 2562 967 2645 quibuscumque
998 2562 1102 2630 loueis
1125 2567 1180 2632 uel
1201 2567 1283 2635 locis
1303 2565 1401 2634 Montis

134 2680 291 2760 (lhuthne,
322 2678 579 2759 quibuscumque
609 2676 791 2743 nominibus
823 2682 1023 2758 censeantur,
1054 2696 1127 2744 cum
1157 2680 1357 2764 exempcione
1373 2677 1401 2743 ab

131 2793 278 2859 omnibus
313 2792 466 2872 collectis,
497 2789 732 2870 exaccionibus,
764 2790 1056 2856 contribucionibus
1084 2798 1117 2857 et
1138 2792 1351 2860 solucionibus
1368 2793 1401 2857 la·

132 2907 257 2973 ciendis
282 2924 339 2970 seu
363 2904 478 2970 dandis
502 2903 542 2968 de
564 2903 668 2968 foueis
692 2921 750 2967 seu
772 2903 917 2984 partibus
932 2903 1100 2971 fenearum
1118 2924 1244 2972 necnon
1257 2912 1401 2979 terram

128 3020 354 3100 hereditatum,
392 3036 552 3098 agrorum,
587 3033 770 3097 camporum
807 3030 906 3084 circum
941 3036 969 3084 et
998 3030 1070 3085 circa
1099 3031 1197 3087 foueas
1229 3051 1278 3088 seu
1306 3031 1400 3102 npud-

129 3148 239 3202 iodinas
269 3147 297 3199 in
327 3145 469 3200 Montibus
500 3151 528 3196 et
557 3143 622 3197 alibi
650 3125 797 3209 1110111114)
836 3147 873 3194 ac
908 3128 1064 3194 bonorum
1100 3130 1240 3197 aliorum
1275 3149 1401 3216 quorum·

129 3265 273 3329 cumque,
308 3244 563 3326 quibuscumque
594 3240 778 3306 nominibus
809 3259 865 3306 seu
892 3241 1056 3307 vocabudis
1080 3246 1263 3324 expressari
1285 3246 1400 3319 valeant,

128 3375 155 3428 in
184 3388 285 3440 genere
312 3378 340 3426 et
367 3370 468 3440 specie,
484 3354 509 3436 ⁶)
534 3374 572 3420 ae
594 3360 695 3420 metas
726 3373 783 3419 seu
809 3354 1024 3421 limitaciones
1050 3356 1196 3437 ipsorum
1226 3358 1401 3440 abantiquo

128 3472 231 3537 factas
255 3476 288 3535 ct
310 3473 466 3549 seruatas,
490 3487 562 3534 cum
585 3467 734 3533 censibus
750 3472 783 3532 et
797 3466 988 3547 redditibus,
1005 3470 1229 3552 prouentibns,
1253 3469 1402 3539 contructi-

128 3585 198 3664 bus,
223 3583 416 3649 utilitatibus
440 3588 472 3647 et
494 3581 704 3663 pertinenciis
728 3580 921 3661 eorumdem,
944 3598 1069 3647 necnon
1092 3601 1202 3650 omnes
1225 3590 1259 3651 et
1280 3584 1402 3669 singulos

129 3697 263 3777 litterae,
295 3695 469 3778 priuilegia
501 3700 532 3759 et
556 3695 769 3759 instrumenta
791 3693 920 3775 publica
943 3711 1000 3758 seu
1022 3695 1153 3776 priuata
1174 3714 1273 3779 super
1294 3698 1403 3782 quibos·

132 3828 258 3891 cunque
276 3808 405 3891 juribus
428 3846 472 3853 —
495 3807 618 3888 prefato
643 3806 837 3871 monasterio
860 3807 894 3871 in
918 3805 1065 3873 Cnedlicz
1088 3844 1132 3854 —-
1154 3808 1258 3877 factas
1282 3816 1314 3877 et
1330 3811 1403 3877 datas

130 3961 190 4002 —,
214 3942 251 3987 ac
275 3940 437 4001 concesso,
461 3922 545 3985 tacto
569 3926 598 3984 et
624 3920 722 3987 datassl
748 3920 865 3983 Datum
888 3918 992 4001 Prage
1014 3939 1097 3986 anno
1113 3922 1237 3990 domini
1253 3925 1404 3991 millesimo

131 4036 355 4101 trecentesimo
380 4034 646 4115 ‹purinqoouesimo
673 4033 793 4113 quinto,
817 4031 894 4096 VIII
916 4030 1108 4115 indiccione,
1132 4041 1249 4116 qunamo
1270 4036 1405 4104 kalendas

132 4147 337 4227 Septembris,
372 4165 542 4225 regnorum
566 4151 748 4209 nostrorum
781 4162 865 4208 anno
896 4144 1029 4225 decimo,
1059 4146 1190 4229 imperii
1214 4169 1290 4218 vero
1312 4153 1406 4235 primo.

234 4318 297 4401 [Na
324 4318 438 4400 olibuzl
461 4319 497 4383 lt.
523 4318 704 4399 l'olpertus.

650 4473 714 4555 [No
737 4473 821 4537 obbo
831 4471 852 4556 :]
880 4474 941 4539 Per
965 4475 1129 4542 dominnm
1152 4481 1379 4549 cancellarium

952 4587 1116 4655 Jobannes
1139 4590 1180 4657 de
1204 4594 1314 4662 Glaca.
