3150 5378
134 434 201 499 518
763 440 837 488 1³55.

136 655 203 708 spor
216 640 342 696 klaitera
354 642 525 697 Sedleclrelro
541 660 553 697 s
566 644 680 698 lsndzem
693 644 827 699 Beneiem
840 660 873 697 ze
882 630 995 710 denic.
1012 645 1094 715 ktery
1107 645 1218 712 semiel,
1236 642 1423 713 dorolirejesc

133 739 219 806 pratea
238 738 321 791 svcho
341 737 360 791 k
378 738 436 793 iaie
455 738 594 795 Malinslrd
614 741 622 792 i
640 740 660 792 k
677 738 833 794 ddcboddm
851 740 957 810 skapll
968 739 1206 810 Kutnoborelsych
1224 740 1270 812 pii
1287 739 1375 795 stolici
1388 754 1425 809 pe·

132 834 244 904 peislse,
270 834 389 904 plivtblil
411 852 447 890 na
470 835 567 890 redosc
590 836 678 890 clsaie
702 836 788 890 liarla
810 836 855 903 IV,
878 837 963 903 jekoi
981 836 990 889 i
1008 842 1094 906 opate
1110 852 1128 891 ι
1145 836 1294 893 konvcntu
1318 834 1427 891 klditera

135 928 318 997 Sedleckcibo,
335 931 408 985 sarni
420 931 510 986 kostel
528 949 545 983 v
558 932 660 986 blaltnd
680 949 696 986 a
714 932 798 1003 lraple
810 931 1009 987 Kutnohorslse
1025 947 1057 986 se
1068 931 1155 986 vieni
1167 930 1301 1004 ddchody
1317 931 1428 987 kldbteru

134 1024 324 1093 Sedleckemu
350 1027 399 1081 tels
426 1028 478 1096 aby
503 1026 610 1083 niuster
633 1028 686 1082 mel
710 1031 794 1099 prdvo
822 1031 984 1098 patrondtnl
1009 1027 1046 1082 lre
1070 1026 1185 1083 kostelu
1207 1026 1428 1084 blalinekdmus

135 1120 258 1176 lrtdmto
277 1122 381 1192 lrspllm
400 1139 417 1178 a
435 1123 509 1176 mohl
526 1141 542 1176 z
560 1122 688 1178 dochodu
704 1124 761 1192 jicb
779 1124 840 1179 cast
858 1124 969 1179 obretiti
986 1124 1026 1178 ku
1044 1126 1122 1193 seyne
1140 1123 1299 1194 petlebdnr.
1317 1123 1428 1192 Pradskl

136 1217 298 1287 arcibislrup
316 1217 371 1273 Jan
389 1216 465 1272 Odko
484 1236 499 1271 z
517 1218 638 1273 Vlaiimd
656 1221 739 1273 liutem
756 1222 783 1273 d.
801 1240 817 1272 e
828 1221 910 1274 Prase
928 1221 1168 1287 9proeiaee1375
1188 1234 1228 1275 ne
1245 1220 1366 1276 afflede
1382 1223 1429 1274 ceto

135 1311 213 1383 bully
225 1314 366 1384 papeislrd
380 1315 526 1381 ustauovil,
544 1318 575 1368 ie
593 1315 699 1369 kltdtcr
714 1313 847 1386 Sedlecky
859 1318 904 1369 md
915 1314 1041 1386 podristi
1052 1314 1174 1385 siechny
1186 1315 1319 1389 ddebody
1336 1315 1430 1387 ekapli

137 1407 387 1482 Kutnoborskycb3
412 1410 500 1465 avialr
517 1413 549 1464 de
568 1414 613 1465 mat
633 1412 717 1465 sardii
739 1411 926 1467 Mallnslrtmu
950 1411 1042 1467 ddrsti
1066 1411 1163 1466 znicb
1187 1410 1261 1481 drys-i
1283 1412 1382 1483 hiirny
1402 1428 1431 1481 qr.

134 1509 210 1576 preb
229 1505 354 1562 kaddeho
373 1507 453 1577 roku
477 1507 626 1577 doklddaje
652 1508 697 1579 pii
720 1515 791 1563 tom:
821 1509 966 1573 ¹‚Preterea
986 1508 1072 1563 abbas
1096 1514 1125 1562 et
1147 1516 1310 1564 conuentus
1327 1506 1432 1580 predicti

138 1604 297 1659 monasterii
310 1605 480 1675 presbyteris
498 1604 632 1659 dictarum
651 1606 846 1676 cappellam,
865 1605 912 1676 qui
933 1605 1052 1672 nomine,
1071 1606 1240 1661 auctoritate
1257 1610 1288 1660 et
1304 1606 1366 1660 rice
1381 1618 1432 1675 prs·

136 1699 202 1754 dicti
220 1700 313 1755 ricerii
332 1702 470 1771 perpetui,
489 1717 570 1771 quam
589 1702 629 1756 eis
648 1700 720 1754 idem
738 1701 856 1756 sicarius
875 1699 910 1755 ad
930 1700 1095 1771 peticionem
1113 1698 1220 1756 domini
1236 1700 1358 1770 abbatis,
1375 1717 1433 1771 qno·

138 1797 213 1851 ciens
233 1813 348 1852 necesse
366 1797 457 1863 fuerit,
475 1803 587 1851 tenetur
607 1797 786 1863 committere,
811 1797 835 1850 si
859 1802 940 1850 erunt
963 1795 1073 1866 ydonei,
1097 1796 1203 1866 populo
1230 1804 1262 1852 st
1283 1797 1431 1853 bominibus

136 1894 322 1963 cappellamm
349 1894 536 1949 ecclesiastica
559 1894 754 1949 ministrabunt
778 1898 951 1948 sacramenta
975 1898 1003 1947 et
1026 1892 1055 1947 in
1079 1891 1160 1948 dictis
1179 1893 1299 1963 capellis
1317 1892 1429 1949 diuinum

137 1989 256 2045 officium
275 1991 449 2056 exercebunt,
468 1989 502 2044 de
519 1990 684 2045 victualibus
703 1989 843 2044 consuetis
861 1995 891 2043 et
908 1978 1039 2059 expensis
1058 1988 1225 2044 necessariis
1246 1989 1429 2062 pronidebnut

137 2100 208 2155 quos
227 2085 312 2139 eciam
332 2092 438 2140 mutare
462 2090 602 2155 poterunt,
627 2085 757 2156 quociens
783 2085 823 2140 eie
847 2100 882 2138 ex
905 2101 990 2141 musa
1011 2084 1172 2141 rationabili
1196 2084 1342 2142 videbitur
1359 2100 1428 2156 expe

139 2179 224 2235 dire!
245 2180 372 2251 (Borory,
389 2181 467 2236 Libri
486 2182 654 2237 erectionum
671 2181 706 2236 Il
726 2187 774 2236 str.
792 2187 850 2238 126.
868 2213 904 2223 -
920 2180 1077 2250 Sternberg,
1095 2180 1264 2237 Geschicbte
1282 2182 1335 2239 der
1350 2183 1428 2239 bbbu

136 2276 301 2347 Bergwerlre
319 2279 340 2332 L
359 2284 375 2330 2
394 2284 442 2333 etr.
460 2284 514 2347 92.)
537 2311 573 2321 -
596 2278 618 2332 0
637 2280 742 2333 tranire
767 2278 836 2332 mezi
859 2278 996 2349 pozemlsy
1018 2276 1143 2333 klditera
1163 2276 1341 2336 Sedleckebo
1358 2292 1428 2350 apo

139 2374 237 2444 semlry
269 2374 378 2430 vesnice
407 2376 532 2446 kapitoly
555 2375 676 2429 Pradslre
700 2373 794 2429 Priora
821 2374 875 2428 neb
901 2374 1002 2429 Pndeic
1027 2373 1119 2429 leolem
1145 2375 1221 2430 sudet
1246 2374 1345 2431 Rntne
1368 2374 1430 2442 Hory

139 2486 156 2525 a
174 2452 292 2525 desisse
309 2471 452 2541 rypnknul
471 2487 545 2540 spor,
566 2471 646 2540 ktory
663 2471 771 2525 zvolenl
797 2488 812 2523 z
831 2471 905 2525 obou
923 2476 1000 2525 stran
1025 2470 1185 2525 dmluvcors
1203 2469 1310 2527 Drslee
1327 2466 1426 2543 prebuit

136 2566 259 2637 Pradsky
278 2583 295 2622 a
312 2567 459 2622 Domanelr
476 2566 688 2622 szaffentbeln
706 2566 835 2637 spolednd
853 2567 1003 2622 srrohnlm
1014 2566 1167 2622 dmluvoem
1179 2564 1330 2625 doktorem
1342 2568 1424 2624 Junen

137 2665 190 2719 led.
207 2663 419 2737 Psdovausky'm
440 2669 473 2718 13
490 2667 569 2720 ledea
588 2670 656 2718 1339
675 2665 720 2733 ,in
738 2664 842 2719 ambitu
860 2664 975 2721 ecclesie
991 2662 1157 2734 Prageusis*
1181 2664 1265 2720 telrto
1283 2659 1425 2721 nmorntlit

139 2762 185 2829 ,In
203 2760 248 2816 dei
267 2763 377 2817 nomine
395 2778 484 2817 amen.
519 2760 578 2816 Nos
596 2762 733 2831 Dyrslaus
758 2760 905 2831 Pragensis
929 2760 1098 2831 prepositus,
1121 2758 1274 2818 Domaulro
1299 2760 1386 2817 dictus
1400 2755 1425 2812 de

138 2857 292 2913 Phsffental
306 2858 378 2927 juris
397 2858 513 2928 peritus,
532 2857 636 2924 arbitri,
655 2872 687 2913 ac
705 2856 849 2912 Jobannes
868 2857 957 2913 dictus
975 2856 1129 2913 Pedwanus
1148 2858 1341 2929 superarbiter
1357 2867 1425 2927 super

138 2954 339 3025 questionibus,
357 2955 460 3021 litibus,
479 2954 570 3009 causis
590 2970 622 3008 ae
640 2954 846 3021 controuersiis,
865 2970 918 3024 que
936 2954 1009 3009 inter
1025 2952 1204 3009 honorabiles
1216 2955 1304 3024 viros,
1315 2952 1425 3009 domnos

137 3050 285 3121 Dyrslaum
310 3052 490 3122 prepositum,
515 3049 694 3104 Predborium
719 3049 861 3119 decanum,
888 3050 1020 3105 Thomem
1048 3046 1274 3106 archidiaconum
1297 3056 1425 3119 totumque

136 3147 276 3217 Progense
299 3147 448 3217 capitulum
469 3163 503 3201 ex
522 3163 576 3201 vna
593 3153 682 3215 parte,
701 3151 767 3200 tnnc
786 3145 931 3200 scolastico
948 3145 1082 3217 Pragensi
1098 3145 1128 3201 in
1145 3146 1263 3202 remotis
1283 3152 1390 3217 agente,
1402 3154 1425 3195 tt

140 3244 282 3313 religiosos
310 3243 383 3298 viros
396 3285 422 3298 ..
443 3244 568 3298 abbatem
596 3248 739 3310 totumque
766 3249 933 3297 conuentum
958 3243 1119 3299 monesterii
1141 3240 1313 3300 Sedlicensis
1341 3242 1425 3297 ciser-

138 3340 238 3394 cicnsis
266 3338 370 3394 ordinis
390 3356 424 3393 ex
443 3339 530 3394 altera
548 3345 636 3408 parte,
659 3339 837 3393 vertebantur
860 3354 911 3393 seu
934 3339 1005 3392 verti
1031 3336 1217 3409 sperebautur
1242 3339 1273 3395 in
1299 3344 1425 3411 postorum

139 3452 224 3505 super
241 3436 373 3490 limitibus
392 3451 518 3504 agrorum
537 3435 600 3490 ville
617 3434 758 3506 Pnyewicz
782 3435 855 3489 circa
879 3434 1018 3489 ciuitatem
1035 3433 1179 3490 Kutbnam
1195 3435 1292 3504 posite
1310 3441 1340 3490 st
1355 3433 1425 3489 erim

140 3532 241 3587 montis
260 3531 326 3586 dicti
343 3531 401 3586 Rus
422 3536 448 3584 et
468 3547 552 3600 super
569 3531 708 3600 perceptis
724 3531 822 3584 vrbure
837 3536 865 3584 et
877 3530 995 3585 metallis
1008 3545 1041 3586 ac
1053 3529 1139 3585 eciem
1152 3530 1297 3601 expensis,
1314 3525 1425 3600 dampnis

139 3635 167 3682 et
184 3629 320 3681 iuteresse
340 3627 439 3681 exinde
458 3627 613 3682 subsecutis
641 3626 814 3682 concorditer
835 3643 868 3681 ac
885 3627 1067 3681 communiter
1089 3641 1142 3696 per
1165 3631 1312 3697 utramque
1335 3632 1424 3698 partem

139 3725 226 3792 electi,
244 3730 328 3794 prout
344 3724 373 3778 in
391 3724 480 3778 torma
498 3722 689 3793 compromissi
717 3738 801 3793 super
818 3721 871 3776 hoc
888 3722 1006 3777 coniecti
1022 3720 1133 3793 plenius
1151 3725 1181 3775 et
1198 3720 1361 3778 euideuciue
1376 3732 1425 3777 ctu·

139 3821 252 3887 tinetur,
269 3820 345 3887 visis,
364 3817 465 3873 auditis
485 3825 512 3872 et
530 3818 676 3873 intellectis
695 3834 727 3872 sc
745 3817 909 3872 examinatis
922 3817 1045 3888 parcium
1059 3817 1171 3885 juribus
1183 3834 1217 3874 ac
1230 3819 1358 3875 omnibus
1369 3814 1424 3877 ellit

141 3933 194 3986 que
213 3932 298 3986 super
317 3916 458 3986 premissis
477 3916 605 3983 allegare,
624 3915 715 3969 dicere
733 3930 783 3970 seu
801 3929 956 3985 proponere
974 3914 1129 3981 voluerunt,
1147 3912 1275 3985 diligemi
1290 3920 1373 3987 aque
1384 3907 1423 3967 eol·

140 4014 243 4084 lempni
260 4013 461 4068 deliberacione
478 4013 611 4082 pensatis,
638 4012 808 4082 inuestigate
831 4018 859 4065 et
882 4013 992 4081 cognita
1012 4012 1136 4080 veritate,
1154 4026 1205 4082 pro
1223 4010 1300 4067 bono
1317 4009 1423 4083 pedet

142 4108 287 4164 concordie
305 4115 333 4163 et
352 4108 559 4180 tranquillitatis
580 4125 614 4163 ex
631 4109 725 4178 rigore
742 4107 859 4179 predicti
877 4106 1068 4178 compromissi
1085 4106 1114 4162 in
1131 4122 1184 4162 nos
1201 4105 1271 4163 lecti
1288 4112 1370 4179 atque
1383 4114 1422 4177 per

141 4222 192 4259 uos
211 4212 310 4275 sponte
328 4205 430 4275 recepti
443 4204 566 4275 predicto
579 4204 625 4258 dei
637 4205 748 4260 nomine
764 4205 893 4259 inuocato
907 4203 1075 4270 ordinemus,
1092 4201 1249 4272 laudamus,
1266 4204 1423 4262 arbitranti,

142 4300 303 4357 mandamus
322 4310 349 4357 et
366 4302 450 4357 eciam
470 4301 627 4369 diffinimus,
652 4298 724 4371 quod
750 4298 866 4369 predicti
889 4298 993 4355 domini
1010 4298 1044 4353 de
1062 4298 1196 4368 Pragensl
1213 4300 1335 4370 capitulo
1351 4304 1424 4367 nequ

141 4397 170 4450 iu
188 4412 286 4466 genere
304 4414 392 4467 neque
410 4398 439 4452 in
458 4397 550 4467 specie
569 4412 652 4466 super
670 4395 805 4467 perceptis
824 4397 922 4450 rrbure
941 4402 969 4450 et
986 4392 1105 4451 metallis
1120 4394 1235 4450 elterins
1247 4400 1426 4452 monseutrtt

142 4491 294 4562 inquietent
311 4492 436 4549 dominos
456 4494 583 4548 abbatem
601 4499 630 4547 et
647 4498 811 4547 conuentum
828 4491 990 4547 monasterii
1000 4489 1176 4560 Sedliceusis,
1192 4488 1244 4547 sed
1261 4507 1312 4549 eos
1329 4488 1425 4548 omuiw

142 4588 282 4643 dimittant
300 4605 383 4659 snper
402 4590 469 4661 ipsis
487 4589 617 4661 pacificos
633 4596 661 4643 et
674 4589 791 4660 quietos,
809 4604 932 4644 nameus
950 4587 1036 4644 nichil
1051 4584 1087 4642 de
1103 4584 1159 4641 biis
1169 4588 1332 4658 percepisse
1342 4598 1427 4658 coque

143 4685 241 4753 ulmus,
265 4700 318 4754 que
342 4684 377 4739 ad
399 4684 537 4755 Pragenee
561 4686 709 4757 capitulum
734 4683 866 4740 deberent
889 4684 1056 4754 permittere,
1080 4696 1164 4755 super
1183 4682 1292 4741 eisdem
1309 4674 1430 4755 matti
