3098 5392
208 447 273 514 300
814 455 889 505 1835.

205 651 295 716 ,fideli
312 668 363 708 suo
381 651 480 707 dilecto
500 691 506 704 .
525 692 532 705 .
549 651 585 706 de
603 652 758 722 Wolistein,
783 657 929 727 burgrauio
947 658 1031 714 castri
1050 654 1229 723 cadunensis,
1247 670 1298 712 seu
1315 655 1389 712 vicos
1408 655 1497 727 ipsius

202 748 398 803 castellanatns
421 747 523 803 ibidem
547 762 598 804 suo
616 754 741 822 tempore
764 753 877 822 gerenti,
904 753 970 824 quia
987 752 1092 809 ciuibus
1117 752 1237 808 ciuitatis
1255 756 1350 809 nostm
1367 749 1496 807 Saccusis

204 842 319 900 -hanc
335 843 463 900 duximus
482 844 600 914 graciam
617 845 777 914 faciendam,
796 847 870 919 qnod
888 847 942 919 ipsi
964 854 1055 904 strues
1073 847 1210 919 lignorum
1228 853 1256 904 et
1267 847 1322 904 alia
1334 864 1386 919 pro
1401 847 1496 903 ssibus

203 940 243 995 eis
260 940 406 1010 profutura
422 957 473 1012 per
489 941 599 997 meeum
616 958 688 1012 aque
705 942 778 1012 Egre
796 943 901 1015 absque
919 944 1077 1001 extorsione
1097 950 1125 999 st
1140 943 1258 1000 dacione
1274 942 1397 1000 thelonei
1409 959 1496 1014 usqne

202 1034 238 1090 ad
254 1035 355 1092 dictam
374 1036 513 1094 ciuitatem
530 1037 632 1094 ducere
648 1037 768 1095 debeant
785 1044 868 1110 atque
886 1040 1004 1111 possint,
1027 1071 1061 1082 -
1079 1046 1215 1111 qnatenus
1231 1039 1356 1111 prefatos
1374 1039 1450 1096 eines
1468 1039 1497 1094 in

203 1131 414 1189 transdnccione
433 1139 538 1189 strnnm
558 1134 730 1204 etlignorum
752 1133 909 1191 huiusmodi
927 1136 1084 1192 nullatenus
1104 1133 1237 1206 impedire
1253 1134 1366 1204 debeas,
1383 1134 1497 1190 nichilo·

202 1228 292 1283 minus
311 1229 387 1285 abire
404 1230 491 1286 libere
508 1231 669 1302 permittens
688 1237 724 1300 et,
749 1232 775 1288 si
792 1232 970 1304 quiscumque
988 1233 1058 1289 alter
1074 1232 1151 1303 ipsos
1169 1231 1246 1288 eines
1263 1229 1398 1302 impedire
1414 1246 1497 1285 cone

201 1329 277 1379 retnr
302 1324 427 1394 forsitan,
450 1326 503 1383 hoo
519 1343 663 1384 remouere
687 1327 800 1384 studeas
826 1345 877 1399 pro
895 1328 998 1385 sinibus
1018 1334 1046 1384 et
1063 1328 1092 1384 in
1110 1334 1248 1398 quantum
1271 1331 1361 1399 potes.
1395 1325 1498 1382 Datum

201 1419 287 1491 Prage
304 1422 374 1480 feria
389 1430 488 1495 quarta
504 1429 570 1495 post
587 1430 712 1480 octenam
729 1422 894 1495 Epyphunie
912 1422 1016 1479 domini
1032 1423 1181 1494 proxima“
1202 1453 1235 1464 -
1252 1421 1354 1489 ldmlsr,
1372 1420 1496 1491 Regesta

201 1515 247 1571 IV.
265 1517 287 1571 b.
307 1524 357 1573 216
376 1536 393 1577 a
410 1526 469 1576 260.
487 1550 521 1560 —
539 1518 719 1590 Schlesinger,
736 1517 963 1576 Urlmndenbnoh
980 1517 1030 1574 der
1047 1520 1085 1576 St
1103 1518 1172 1576 Saea
1191 1517 1214 1576 b.
1239 1522 1273 1574 tt
1291 1533 1309 1575 s
1326 1523 1368 1574 58.

741 1749 847 1834 *css
876 1765 947 1834 sse.

429 1922 432 1927 ’
557 1902 655 1985 1335,
677 1902 721 1971 19
742 1905 929 1990 prosince.
955 1903 989 1973 V
1010 1900 1138 1974 Prone.

202 2041 286 2108 Krcil
306 2044 375 2111 Just
389 2045 536 2128 provolutio
555 2042 708 2128 rpcbtdr‘r',
729 2042 877 2119 kmetrtm,
892 2042 1074 2128 pitseluy‘m
1095 2042 1110 2106 ι’
1129 2041 1181 2107 udi
1192 2040 1259 2107 obct‘
1271 2042 1374 2106 mista
1389 2041 1490 2118 Loau,

202 2156 263 2238 uby
283 2155 422 2239 cultrato·
440 2158 547 2242 eupelt
568 2177 586 2223 u
594 2156 794 2244 produjuy‘cb
815 2156 872 2223 neb
893 2154 1048 2241 mocitgieb
1069 2156 1137 2221 odei
1149 2154 1245 2237 podio
1265 2152 1358 2221 setho
1371 2154 1494 2220 medei

201 2290 223 2333 a
243 2267 403 2354 superruo
416 2270 491 2355 jobo
513 2270 646 2338 dutum
668 2293 689 2337 α
710 2270 894 2367 opruuovulr'
907 2272 1014 2347 tudela,
1036 2269 1130 2336 adut
1142 2288 1204 2351 pro
1218 2267 1370 2335 maccus
1385 2288 1407 2334 a
1422 2266 1492 2334 ube

200 2379 306 2448 boltost
334 2383 423 2450 dicito
443 2382 508 2450 ude
522 2405 566 2467 po
587 2387 686 2451 mesti
703 2383 853 2450 nemoboa
883 2381 973 2451 cobet
992 2381 1109 2449 cbcdita'
1130 2403 1152 2447 a
1165 2380 1289 2466 jeadt'ti,
1318 2379 1387 2447 uad
1415 2381 1496 2447 eme

561 2499 666 2564 mpori
682 2519 715 2564 se
730 2497 937 2581 poeustaosp'i
957 2517 979 2563 o
999 2495 1129 2580 arridet.

302 2633 323 2701 J
325 2637 466 2704 ohannes
487 2638 540 2704 dei
563 2639 673 2722 grecis
687 2639 819 2706 Boemie
840 2657 897 2704 rex
919 2656 958 2705 ae
978 2635 1269 2718 Lucembnrgensis
1291 2652 1407 2702 comes.
1431 2634 1491 2699 Di-

200 2749 292 2816 lectis
314 2749 463 2817 fidelibus
486 2751 555 2816 suis
581 2803 589 2818 .
613 2751 754 2834 ‚judici
777 2803 785 2818 .
810 2800 818 2816 .
842 2749 992 2833 scabinis,
1015 2799 1024 2816 .
1047 2799 1055 2815 .
1077 2740 1196 2833 juratis
1219 2766 1258 2815 ae
1279 2747 1489 2814 vniuersitati

201 2861 321 2927 oinium
332 2862 367 2927 in
381 2863 473 2929 Luna
487 2864 628 2946 graciam
643 2882 736 2930 suam
749 2869 782 2930 et
795 2863 912 2930 bonam
926 2864 961 2930 in
976 2861 1122 2930 omnibus
1139 2862 1347 2929 voluntatem
1360 2859 1495 2944 Regalis

199 2975 455 3043 mensuetudinis
477 2976 685 3060 prouidentia
708 2976 909 3043 subditorum
928 2993 1038 3042 curam
1053 2992 1169 3058 gerens
1191 2973 1234 3039 ad
1255 2974 1317 3040 hoc
1337 2973 1494 3057 precipue

199 3086 294 3152 debet
315 3087 491 3169 intendere,
521 3093 556 3154 vt
577 3107 625 3171 ee,
657 3107 719 3172 qne
748 3088 791 3154 ad
811 3087 990 3171 reipublice
1015 3085 1216 3154 commodum
1237 3090 1271 3153 et
1292 3105 1494 3154 communem

200 3218 292 3266 vsum
322 3201 486 3267 hominum
516 3201 642 3283 cedunt,
674 3199 821 3267 effectum
850 3200 1143 3268 incommutabilem
1173 3200 1364 3267 sortiantur.
1408 3199 1496 3267 Sene

198 3319 345 3397 porrecta
366 3314 459 3380 nobis
482 3333 540 3397 pro
561 3319 654 3398 perte
675 3319 784 3381 vestra
805 3314 924 3398 peticio
944 3314 1136 3397 continebat,
1159 3313 1334 3397 quodcum
1348 3313 1494 3397 meique

198 3426 232 3490 in
261 3426 395 3493 ciuitate
426 3431 543 3508 neema,
578 3446 641 3511 que
673 3433 804 3512 propter
833 3428 894 3493 luti
923 3427 1176 3512 profunditatem
1206 3432 1240 3493 et
1259 3426 1495 3494 inmundiciam

197 3539 364 3622 hucusque
385 3540 548 3606 nonnullis
570 3539 734 3607 difficilem
756 3541 886 3624 prebuit
906 3542 1079 3607 mansitnm
1095 3546 1128 3606 et
1141 3541 1280 3607 humano
1303 3541 1494 3625 conspectui

198 3671 351 3728 nauseam
372 3653 584 3737 generanerit,
594 3651 619 3734 1)
641 3654 683 3720 ad
705 3654 809 3736 ipsius
832 3655 980 3721 decorem
1002 3655 1179 3736 sollempne
1198 3652 1424 3737 pauimentum
1443 3655 1492 3719 la-

197 3766 363 3850 pideumb
393 3766 500 3834 facere
528 3772 561 3833 et
589 3766 772 3834 instaurare
797 3768 954 3834 duxeritis
976 3767 1221 3851 prouidendum,
1255 3772 1416 3852 qnatenus
1449 3768 1493 3834 ud

197 3879 416 3963 incipiendum
438 3885 472 3947 et
491 3879 697 3946 laudabiliter
718 3879 971 3947 consumendum
996 3881 1219 3963 pauimentum
1239 3878 1427 3948 huiusmodi
1449 3881 1493 3948 ad

196 3992 257 4059 hoc
285 3998 431 4060 nostrum
459 3991 665 4074 dignaremur
694 3992 828 4074 prebere
856 4010 1058 4075 eonsensum,
1092 3998 1128 4059 vt
1155 4011 1212 4060 vos
1241 3993 1276 4060 in
1306 3992 1494 4062 subsidium

197 4105 341 4172 eiusdem
368 4105 655 4187 pauimentacionis
685 4110 808 4172 certum
836 4107 1002 4189 vngeltum
1034 4125 1093 4173 seu
1126 4106 1255 4174 dacium
1286 4107 1493 4176 moderatum

197 4238 256 4285 nec
277 4219 459 4300 aliqualiter
492 4238 661 4287 onerosum
689 4219 731 4284 de
759 4219 920 4287 minensis
946 4221 1043 4287 rebus
1067 4220 1284 4288 vendibilibus
1307 4239 1367 4288 sen
1388 4221 1494 4289 mobi-

196 4331 281 4398 libus
303 4332 451 4399 ordinare
474 4338 508 4399 et
528 4333 699 4400 instituere
721 4334 882 4400 valeretis.
928 4334 995 4401 Nos
1027 4335 1137 4417 itaque
1162 4336 1280 4402 vestris
1302 4340 1371 4402 tem
1392 4337 1493 4404 iustis

198 4450 231 4511 et
265 4450 332 4511 tem
366 4446 616 4514 racionabilibus
652 4447 834 4530 benigniter
871 4448 1017 4514 inclinati
1052 4448 1359 4533 supplicacionibns,
1397 4449 1494 4517 vobis

197 4559 389 4626 auctoritate
402 4561 493 4642 regia
507 4560 709 4626 concedimus
725 4566 757 4626 et
771 4560 927 4642 fouemus,
950 4562 1130 4644 graciosius
1152 4562 1369 4646 indulgentes,
1392 4568 1431 4628 st
1450 4564 1494 4630 ud

196 4673 477 4755 pauimentendam
499 4674 617 4739 dictem
638 4673 803 4740 ciuitatem
828 4679 968 4741 vestrum
997 4693 1139 4758 eamqm,
1170 4675 1226 4743 vbi
1254 4675 1496 4745 reformacione
