3098 5392
219 400 282 466 603
837 397 913 449 rece.

217 608 311 689 turis,
334 608 470 674 salutem
493 609 527 673 in
551 608 665 673 salutis
689 606 874 687 largicione.
919 606 1022 688 Regis
1050 604 1262 672 celsitudinis
1284 608 1498 689 cnmmpau

218 722 428 805 prouidencia
449 740 513 787 non
536 721 639 787 solum
665 721 785 788 dicioni
808 738 866 787 sue
888 720 1043 787 subiectis
1074 718 1230 786 exhibere
1260 736 1300 786 se
1330 720 1413 787 solet
1434 716 1496 785 libe

217 837 327 918 ralem,
351 854 461 901 verum
484 835 585 901 eciam
608 840 734 900 exmras
757 834 909 900 naciones
925 833 1027 900 oculis
1051 832 1243 915 conspicere
1257 832 1420 915 graderis
1437 850 1498 899 con·

219 949 335 1027 saeuit,
358 953 393 1013 vt
415 949 522 1013 nuilus
545 948 598 1028 sit,
633 948 689 1028 qui
719 965 777 1013 sue
805 944 1047 1029 magnificencie
1074 963 1139 1012 non
1170 947 1305 1013 senciat
1327 946 1499 1031 impulsa

219 1061 358 1127 Proinde
387 1061 428 1125 ad
458 1062 682 1126 uniuersorum
704 1060 856 1126 noticiam
885 1060 999 1125 harum
1029 1059 1113 1125 serie
1146 1059 1307 1127 uolumus
1342 1060 1502 1144 peronae,

219 1173 305 1256 quod
327 1193 384 1239 nos
407 1173 449 1239 ad
470 1174 643 1240 fraternam
666 1178 699 1239 et
719 1173 961 1239 deuotissimam
980 1171 1235 1255 supplicacicnis
1250 1174 1445 1243 instanciam
1458 1190 1501 1239 ar·

218 1286 440 1354 callentissimi
462 1293 495 1353 et
515 1286 678 1369 magnifici
700 1288 867 1369 principis,
881 1287 1003 1354 domini
1018 1286 1130 1353 Karoii
1153 1288 1277 1369 quarti,
1301 1288 1502 1357 Romanunm

218 1401 422 1481 imperatoris
445 1407 478 1466 et
497 1401 652 1467 Bolremie
674 1402 769 1484 regis,
792 1400 958 1467 karissimi
972 1400 1076 1466 nostri
1090 1399 1215 1481 fratris,
1239 1400 1377 1469 ciuibus
1391 1408 1502 1468 ana·

219 1512 382 1579 catoribns
406 1515 474 1579 suis
497 1513 538 1578 de
560 1515 696 1579 ciuitate
717 1515 814 1596 ligra,
844 1532 944 1595 regno
966 1532 1025 1579 suo
1047 1512 1204 1579 Bohemie
1236 1514 1419 1581 inmediate
1442 1512 1502 1579 snb

220 1627 325 1706 iectis,
348 1626 532 1693 istiusmodi
556 1629 706 1710 specialis
740 1627 849 1710 gracie
871 1627 1108 1710 prerogatiuam
1130 1643 1169 1691 ex
1192 1626 1298 1693 solita
1319 1628 1413 1711 regis
1429 1626 1502 1693 bni-

220 1739 347 1821 gnitate
377 1738 524 1805 duximus
554 1741 743 1820 faciendam,
777 1741 862 1822 quod
896 1740 995 1806 iidem
1028 1740 1117 1807 ciues
1150 1742 1184 1805 et
1213 1746 1417 1809 mercatores
1444 1756 1502 1806 cun

217 1852 314 1918 rebus
337 1854 630 1919 mercimonialibus
654 1854 827 1936 procedere
848 1855 1003 1935 consueti,
1025 1870 1084 1936 per
1097 1870 1317 1935 quascunque
1332 1856 1502 1921 manans·

219 1971 332 2031 euntes
354 1967 387 2031 in
411 1965 629 2032 solucionibus
645 1966 880 2032 tricesimarum
902 1971 935 2031 et
956 1948 1148 2032 tributorum
1164 1970 1359 2033 nostrorum
1373 1964 1502 2035 omurbus

220 2079 342 2144 eisdem
365 2080 493 2160 graciis,
523 2079 739 2160 prerogatiuis
762 2082 795 2143 et
817 2077 1020 2144 libertatibus
1047 2078 1215 2162 perpetuis
1238 2080 1440 2163 temporibus
1456 2096 1503 2161 pu

218 2193 344 2257 cientur
366 2196 399 2257 et
420 2197 562 2272 utantur,
593 2191 709 2273 quibus
739 2198 932 2257 mercatores
955 2192 1134 2274 Pnagenses
1157 2196 1191 2257 et
1212 2190 1502 2277 umembmgmca

218 2325 256 2371 ex
280 2305 494 2387 priuilegialis
517 2310 626 2371 nostre
656 2306 873 2371 concessionis
896 2304 1089 2371 anniueneia
1117 2304 1264 2387 gaudent
1294 2310 1332 2373 et
1358 2306 1502 2383 irunntm,

218 2420 263 2484 ita
286 2418 445 2498 videlicet,
476 2423 511 2482 vt
540 2419 604 2499 ipsi
630 2424 823 2485 mercatores
846 2417 964 2501 ubique
993 2419 1027 2482 in
1056 2436 1156 2500 regno
1185 2422 1305 2485 nostro
1335 2420 1432 2487 iustis
1455 2416 1502 2483 tri·

221 2533 306 2597 botis
330 2536 363 2597 et
384 2532 557 2597 tricesimis
587 2550 697 2596 eorum
720 2531 892 2612 persolutis
914 2530 955 2595 ab
978 2531 1063 2596 omni
1092 2530 1341 2615 impedimento,
1370 2530 1503 2599 molestis

219 2651 251 2711 et
281 2644 490 2710 infestatione
522 2642 765 2709 tributariorum
795 2649 828 2708 et
856 2643 1125 2708 tricesimatorum
1154 2648 1347 2711 nostrornm
1379 2640 1501 2711 absoluti

218 2760 438 2839 immunesque
453 2757 631 2822 habeantur
653 2762 685 2821 et
708 2756 858 2837 exempti,
881 2775 940 2822 nec
960 2754 1004 2821 ad
1018 2754 1214 2837 superfluam
1235 2760 1271 2822 et
1294 2757 1501 2825 inconsuetam

217 2869 329 2934 tributi
359 2871 411 2934 uel
440 2870 603 2934 tricesimo
638 2869 834 2934 solucionem
867 2869 1006 2950 astringi
1034 2868 1088 2933 nel
1117 2868 1267 2949 compelli
1301 2870 1430 2937 valeam
1454 2884 1503 2951 pa

217 2982 355 3063 eosdem,
380 2983 435 3047 sed
461 2983 505 3046 sit
527 2983 574 3047 eis
597 2982 699 3046 libera
721 2982 857 3047 arcultas
881 2981 976 3047 iactis
1004 2980 1226 3048 solucionibus
1248 2983 1422 3063 premissis
1441 3000 1501 3065 pre

217 3096 350 3161 cedendi
374 3096 432 3161 sub
455 3101 566 3161 nostra
590 3096 793 3177 proteccione
816 3101 848 3160 et
869 3096 971 3160 tritela
1001 3094 1151 3176 speciali:
1184 3092 1290 3161 Vobis
1315 3096 1425 3179 itaque
1443 3092 1500 3159 rni-

217 3210 320 3274 uersis
343 3209 486 3290 prelatis,
508 3209 692 3289 baronilurs,
716 3208 896 3289 comitibus,
920 3208 1114 3289 castellanis,
1138 3206 1306 3274 nobilibus
1329 3215 1363 3275 et
1384 3226 1496 3291 possea·

216 3322 352 3385 sionatis
383 3321 574 3400 hominibus,
606 3320 727 3385 tributa
749 3326 815 3385 iam
839 3321 991 3385 interris
1016 3337 1112 3402 quam
1134 3320 1167 3385 in
1191 3322 1287 3404 equis
1311 3320 1497 3395 habentibus,

216 3435 401 3514 nostrisque
423 3439 455 3498 et
478 3434 593 3498 vestris
623 3432 805 3498 tributariis
828 3452 866 3499 ac
888 3432 1176 3500 tricesimatoribus
1207 3452 1298 3502 nunc
1328 3433 1497 3503 constitutis

216 3552 249 3611 et
281 3547 314 3610 in
347 3546 490 3611 luiturum
527 3545 770 3625 constituendis,
802 3547 919 3628 quibus
953 3551 1119 3628 presentes
1152 3547 1379 3629 ostenduntur,
1411 3545 1496 3629 regiis

221 3659 333 3725 damus
355 3657 455 3724 firmis
479 3660 538 3724 sub
561 3659 686 3739 edictis,
710 3666 877 3742 quatenns,
895 3660 1077 3743 quicunque
1099 3664 1131 3725 et
1151 3660 1413 3748 quaelescunque
1433 3656 1496 3727 dicii

216 3773 304 3839 ciues
327 3779 360 3838 et
380 3778 573 3839 mercatores
596 3773 637 3837 dc
659 3772 745 3837 dicta
768 3774 901 3838 ciuitate
922 3772 1011 3856 Egra
1034 3791 1105 3840 cum
1127 3790 1239 3839 eorum
1253 3774 1353 3841 rebus
1376 3782 1410 3842 et
1428 3789 1495 3841 mer·

215 3886 306 3951 cibus
329 3886 369 3950 ad
392 3905 450 3951 uos
474 3892 506 3950 et
528 3886 568 3949 ad
592 3887 662 3952 loca
684 3886 876 3951 tributorum
909 3891 1089 3951 uestrorum
1111 3902 1149 3951 ao
1170 3884 1413 3955 tricesimarum
1438 3902 1495 3969 pre

217 4000 359 4065 sencium
381 4000 566 4064 testimonio
590 4000 794 4080 accesserint,
818 4002 906 4081 ipsos
921 3999 1028 4079 iustis,
1052 3998 1138 4065 veris
1160 4003 1194 4064 et
1216 4002 1384 4067 consuetis
1402 4016 1496 4067 eorum

215 4112 346 4177 tributis
369 4117 400 4177 et
424 4112 597 4177 tricesimis
619 4112 749 4177 racione
783 4117 816 4176 et
837 4111 983 4176 adinstar
1015 4114 1228 4177 mercatorum
1242 4110 1456 4195 Pragensium
1471 4114 1497 4175 ct

215 4225 244 4289 N
248 4225 545 4307 osemburgensium
568 4226 653 4291 datis
677 4231 709 4290 et
731 4226 903 4307 persolutis
935 4230 1002 4290 tam
1027 4226 1061 4290 in
1083 4224 1188 4291 eundo
1219 4242 1320 4307 quarn
1347 4222 1497 4293 redeundo

217 4338 325 4418 libere,
355 4338 488 4421 pacifice
514 4345 546 4404 et
567 4340 675 4421 quiete
704 4339 824 4419 absque
854 4338 998 4421 quolibet
1023 4337 1234 4420 inpedimenti
1265 4344 1299 4405 et
1330 4338 1498 4423 calumpnia

217 4448 380 4517 obstaculo
402 4452 541 4517 msnsirs
563 4456 596 4516 ct
617 4451 707 4516 abire
729 4452 935 4533 permittatis,
970 4469 1080 4517 eorum
1102 4453 1307 4520 mercancias
1331 4456 1406 4522 sine
1426 4449 1499 4521 omui

216 4563 436 4645 inquietudine
465 4565 667 4645 exercendas,
699 4565 799 4630 saluis
831 4582 956 4647 semper
986 4565 1134 4647 personis
1160 4583 1276 4632 eornm
1297 4572 1399 4653 atque
1417 4566 1499 4635 rebat
