<?xml version="1.0" encoding="UTF-8"?>
<!DOCTYPE html PUBLIC "-//W3C//DTD XHTML 1.0 Transitional//EN"
    "http://www.w3.org/TR/xhtml1/DTD/xhtml1-transitional.dtd">
<html xmlns="http://www.w3.org/1999/xhtml" xml:lang="en" lang="en">
 <head>
  <title>
</title>
<meta http-equiv="Content-Type" content="text/html;charset=utf-8" />
  <meta name='ocr-system' content='tesseract 3.04.00' />
  <meta name='ocr-capabilities' content='ocr_page ocr_carea ocr_par ocr_line ocrx_word'/>
</head>
<body>
  <div class='ocr_page' id='page_1' title='image "./sbrkapramenprva01kingoog/sbrkapramenprva01kingoog_1043.png"; bbox 0 0 3098 5392; ppageno 0'>
   <div class='ocr_carea' id='block_1_1' title="bbox 215 427 903 495">
    <p class='ocr_par' dir='ltr' id='par_1_1' title="bbox 215 427 903 495">
     <span class='ocr_line' id='line_1_1' title="bbox 215 427 903 495; baseline 0.009 -19"><span class='ocrx_word' id='word_1_1' title='bbox 215 427 279 495; x_wconf 75' lang='lat'><strong>998</strong></span> <span class='ocrx_word' id='word_1_2' title='bbox 828 430 903 481; x_wconf 74' lang='lat' dir='ltr'><strong>reor.</strong></span> 
     </span>
    </p>
   </div>
   <div class='ocr_carea' id='block_1_2' title="bbox 200 636 1519 4134">
    <p class='ocr_par' dir='ltr' id='par_1_2' title="bbox 200 636 1519 4134">
     <span class='ocr_line' id='line_1_2' title="bbox 207 636 1519 724; baseline -0.002 -20"><span class='ocrx_word' id='word_1_3' title='bbox 207 638 317 721; x_wconf 88' lang='lat' dir='ltr'><strong>spitali</strong></span> <span class='ocrx_word' id='word_1_4' title='bbox 341 642 416 704; x_wconf 90' lang='lat' dir='ltr'><strong>ante</strong></span> <span class='ocrx_word' id='word_1_5' title='bbox 439 637 604 705; x_wconf 91' lang='lat' dir='ltr'><strong>ciuitatem</strong></span> <span class='ocrx_word' id='word_1_6' title='bbox 628 642 772 705; x_wconf 89' lang='lat' dir='ltr'><strong>nostram</strong></span> <span class='ocrx_word' id='word_1_7' title='bbox 795 639 1026 724; x_wconf 86' lang='lat' dir='ltr'><strong>Pyesczensem</strong></span> <span class='ocrx_word' id='word_1_8' title='bbox 1051 637 1124 719; x_wconf 85' lang='lat' dir='ltr'><strong>sito,</strong></span> <span class='ocrx_word' id='word_1_9' title='bbox 1148 636 1208 704; x_wconf 90' lang='lat' dir='ltr'><strong>sub</strong></span> <span class='ocrx_word' id='word_1_10' title='bbox 1224 655 1428 721; x_wconf 88' lang='lat' dir='ltr'><strong>quacunque</strong></span> <span class='ocrx_word' id='word_1_11' title='bbox 1450 656 1519 703; x_wconf 90' lang='lat' dir='ltr'><strong>uer-</strong></span> 
     </span>
     <span class='ocr_line' id='line_1_3' title="bbox 205 750 1516 836; baseline 0 -19"><span class='ocrx_word' id='word_1_12' title='bbox 205 751 318 818; x_wconf 88' lang='lat' dir='ltr'>borum</span> <span class='ocrx_word' id='word_1_13' title='bbox 349 750 478 824; x_wconf 80' lang='lat' dir='ltr'><strong>iorma⁷l</strong></span> <span class='ocrx_word' id='word_1_14' title='bbox 510 772 567 836; x_wconf 91' lang='lat' dir='ltr'><strong>per</strong></span> <span class='ocrx_word' id='word_1_15' title='bbox 596 772 655 819; x_wconf 90' lang='lat' dir='ltr'><strong>nos</strong></span> <span class='ocrx_word' id='word_1_16' title='bbox 686 754 776 836; x_wconf 89' lang='lat' dir='ltr'><strong>prius</strong></span> <span class='ocrx_word' id='word_1_17' title='bbox 808 754 893 820; x_wconf 88' lang='lat' dir='ltr'><strong>datis</strong></span> <span class='ocrx_word' id='word_1_18' title='bbox 920 751 980 835; x_wconf 75' lang='lat' dir='ltr'><strong>et⁸)</strong></span> <span class='ocrx_word' id='word_1_19' title='bbox 1014 753 1186 834; x_wconf 76' lang='lat' dir='ltr'><strong>concessis,</strong></span> <span class='ocrx_word' id='word_1_20' title='bbox 1218 753 1516 819; x_wconf 83' lang='lat' dir='ltr'><strong>nonobstantibus</strong></span> 
     </span>
     <span class='ocr_line' id='line_1_4' title="bbox 208 867 1516 951; baseline 0.001 -21"><span class='ocrx_word' id='word_1_21' title='bbox 208 867 462 949; x_wconf 80' lang='lat' dir='ltr'><strong>quibuscunque,</strong></span> <span class='ocrx_word' id='word_1_22' title='bbox 486 886 566 948; x_wconf 88' lang='lat' dir='ltr'><strong>quas</strong></span> <span class='ocrx_word' id='word_1_23' title='bbox 583 868 687 934; x_wconf 94' lang='lat' dir='ltr'><strong>eciam</strong></span> <span class='ocrx_word' id='word_1_24' title='bbox 704 869 826 933; x_wconf 91' lang='lat' dir='ltr'><strong>uirtute</strong></span> <span class='ocrx_word' id='word_1_25' title='bbox 840 869 1044 950; x_wconf 89' lang='lat' dir='ltr'><strong>presencium</strong></span> <span class='ocrx_word' id='word_1_26' title='bbox 1059 869 1151 951; x_wconf 88' lang='lat' dir='ltr'><strong>regia</strong></span> <span class='ocrx_word' id='word_1_27' title='bbox 1164 867 1367 933; x_wconf 84' lang='lat' dir='ltr'><strong>auctoritate</strong></span> <span class='ocrx_word' id='word_1_28' title='bbox 1382 867 1516 933; x_wconf 89' lang='lat' dir='ltr'><strong>Boemie</strong></span> 
     </span>
     <span class='ocr_line' id='line_1_5' title="bbox 206 981 1515 1062; baseline -0.001 -16"><span class='ocrx_word' id='word_1_29' title='bbox 206 998 380 1062; x_wconf 86' lang='lat' dir='ltr'><strong>cassamus,</strong></span> <span class='ocrx_word' id='word_1_30' title='bbox 413 982 616 1048; x_wconf 76' lang='lat' dir='ltr'><strong>annullamus</strong></span> <span class='ocrx_word' id='word_1_31' title='bbox 647 986 681 1047; x_wconf 89' lang='lat' dir='ltr'><strong>et</strong></span> <span class='ocrx_word' id='word_1_32' title='bbox 710 982 751 1047; x_wconf 92' lang='lat' dir='ltr'><strong>de</strong></span> <span class='ocrx_word' id='word_1_33' title='bbox 781 988 870 1048; x_wconf 88' lang='lat' dir='ltr'><strong>certa</strong></span> <span class='ocrx_word' id='word_1_34' title='bbox 901 988 1012 1048; x_wconf 90' lang='lat' dir='ltr'><strong>nostra</strong></span> <span class='ocrx_word' id='word_1_35' title='bbox 1046 981 1188 1048; x_wconf 77' lang='lat' dir='ltr'><strong>sciencia</strong></span> <span class='ocrx_word' id='word_1_36' title='bbox 1210 981 1342 1047; x_wconf 82' lang='lat' dir='ltr'><strong>viribus</strong></span> <span class='ocrx_word' id='word_1_37' title='bbox 1370 982 1515 1048; x_wconf 85' lang='lat' dir='ltr'><strong>totaliter</strong></span> 
     </span>
     <span class='ocr_line' id='line_1_6' title="bbox 206 1092 1514 1176; baseline 0.002 -17"><span class='ocrx_word' id='word_1_38' title='bbox 206 1092 445 1174; x_wconf 82' lang='lat' dir='ltr'><strong>euacnamus⁹);</strong></span> <span class='ocrx_word' id='word_1_39' title='bbox 478 1114 537 1161; x_wconf 91' lang='lat' dir='ltr'><strong>nec</strong></span> <span class='ocrx_word' id='word_1_40' title='bbox 567 1096 697 1162; x_wconf 89' lang='lat' dir='ltr'><strong>easdem</strong></span> <span class='ocrx_word' id='word_1_41' title='bbox 728 1115 853 1162; x_wconf 76' lang='lat' dir='ltr'><strong>exnunc</strong></span> <span class='ocrx_word' id='word_1_42' title='bbox 883 1097 1014 1161; x_wconf 90' lang='lat' dir='ltr'><strong>inantea</strong></span> <span class='ocrx_word' id='word_1_43' title='bbox 1040 1095 1163 1160; x_wconf 90' lang='lat' dir='ltr'><strong>nullius</strong></span> <span class='ocrx_word' id='word_1_44' title='bbox 1186 1093 1258 1161; x_wconf 89' lang='lat' dir='ltr'><strong>iore</strong></span> <span class='ocrx_word' id='word_1_45' title='bbox 1280 1094 1426 1176; x_wconf 91' lang='lat' dir='ltr'><strong>roboris,</strong></span> <span class='ocrx_word' id='word_1_46' title='bbox 1449 1093 1514 1161; x_wconf 82' lang='lat' dir='ltr'><strong>effi·</strong></span> 
     </span>
     <span class='ocr_line' id='line_1_7' title="bbox 207 1209 1513 1293; baseline -0.001 -19"><span class='ocrx_word' id='word_1_47' title='bbox 207 1209 295 1274; x_wconf 86' lang='lat' dir='ltr'><strong>eacie</strong></span> <span class='ocrx_word' id='word_1_48' title='bbox 318 1210 369 1274; x_wconf 91' lang='lat' dir='ltr'><strong>nel</strong></span> <span class='ocrx_word' id='word_1_49' title='bbox 393 1210 525 1291; x_wconf 87' lang='lat' dir='ltr'><strong>vigoris,</strong></span> <span class='ocrx_word' id='word_1_50' title='bbox 551 1229 608 1276; x_wconf 92' lang='lat' dir='ltr'><strong>seu</strong></span> <span class='ocrx_word' id='word_1_51' title='bbox 631 1229 688 1292; x_wconf 90' lang='lat' dir='ltr'><strong>per</strong></span> <span class='ocrx_word' id='word_1_52' title='bbox 710 1211 769 1275; x_wconf 85' lang='lat' dir='ltr'><strong>luas</strong></span> <span class='ocrx_word' id='word_1_53' title='bbox 784 1210 910 1293; x_wconf 81' lang='lat' dir='ltr'><strong>prefate</strong></span> <span class='ocrx_word' id='word_1_54' title='bbox 932 1211 1059 1276; x_wconf 84' lang='lat' dir='ltr'><strong>ciuitati</strong></span> <span class='ocrx_word' id='word_1_55' title='bbox 1082 1212 1193 1276; x_wconf 88' lang='lat' dir='ltr'><strong>nostre</strong></span> <span class='ocrx_word' id='word_1_56' title='bbox 1218 1209 1422 1293; x_wconf 88' lang='lat' dir='ltr'><strong>Pyesczensi</strong></span> <span class='ocrx_word' id='word_1_57' title='bbox 1446 1228 1513 1293; x_wconf 83' lang='lat' dir='ltr'><strong>pre</strong></span> 
     </span>
     <span class='ocr_line' id='line_1_8' title="bbox 206 1321 1512 1408; baseline 0 -21"><span class='ocrx_word' id='word_1_58' title='bbox 206 1327 296 1387; x_wconf 86' lang='lat' dir='ltr'><strong>textu</strong></span> <span class='ocrx_word' id='word_1_59' title='bbox 318 1323 457 1405; x_wconf 81' lang='lat' dir='ltr'><strong>predicti</strong></span> <span class='ocrx_word' id='word_1_60' title='bbox 488 1325 658 1406; x_wconf 89' lang='lat' dir='ltr'><strong>hospitalis</strong></span> <span class='ocrx_word' id='word_1_61' title='bbox 689 1330 764 1391; x_wconf 89' lang='lat' dir='ltr'><strong>ante</strong></span> <span class='ocrx_word' id='word_1_62' title='bbox 795 1321 970 1408; x_wconf 84' lang='lat' dir='ltr'><strong>eandem¹⁰)</strong></span> <span class='ocrx_word' id='word_1_63' title='bbox 1003 1325 1170 1390; x_wconf 89' lang='lat' dir='ltr'><strong>ciuitatem</strong></span> <span class='ocrx_word' id='word_1_64' title='bbox 1199 1323 1454 1407; x_wconf 84' lang='lat' dir='ltr'><strong>Pyesczensem,</strong></span> <span class='ocrx_word' id='word_1_65' title='bbox 1481 1328 1512 1387; x_wconf 91' lang='lat' dir='ltr'><strong>nt</strong></span> 
     </span>
     <span class='ocr_line' id='line_1_9' title="bbox 205 1415 1512 1521; baseline 0.002 -22"><span class='ocrx_word' id='word_1_66' title='bbox 205 1435 377 1517; x_wconf 80' lang='lat' dir='ltr'><strong>prefertur,</strong></span> <span class='ocrx_word' id='word_1_67' title='bbox 411 1415 524 1502; x_wconf 85' lang='lat' dir='ltr'><strong>situati</strong></span> <span class='ocrx_word' id='word_1_68' title='bbox 554 1438 680 1503; x_wconf 93' lang='lat' dir='ltr'><strong>nullum</strong></span> <span class='ocrx_word' id='word_1_69' title='bbox 710 1439 840 1521; x_wconf 90' lang='lat' dir='ltr'><strong>penitus</strong></span> <span class='ocrx_word' id='word_1_70' title='bbox 875 1438 1043 1520; x_wconf 89' lang='lat' dir='ltr'><strong>perpetuis</strong></span> <span class='ocrx_word' id='word_1_71' title='bbox 1066 1436 1267 1520; x_wconf 83' lang='lat' dir='ltr'><strong>temporibus</strong></span> <span class='ocrx_word' id='word_1_72' title='bbox 1290 1438 1512 1519; x_wconf 89' lang='lat' dir='ltr'><strong>preiudieium</strong></span> 
     </span>
     <span class='ocr_line' id='line_1_10' title="bbox 206 1549 1511 1634; baseline 0 -20"><span class='ocrx_word' id='word_1_73' title='bbox 206 1549 359 1631; x_wconf 89' lang='lat' dir='ltr'><strong>irrogare,</strong></span> <span class='ocrx_word' id='word_1_74' title='bbox 394 1550 584 1616; x_wconf 89' lang='lat' dir='ltr'><strong>nominatim</strong></span> <span class='ocrx_word' id='word_1_75' title='bbox 616 1551 718 1616; x_wconf 92' lang='lat' dir='ltr'><strong>eciam</strong></span> <span class='ocrx_word' id='word_1_76' title='bbox 748 1556 781 1617; x_wconf 92' lang='lat' dir='ltr'><strong>et</strong></span> <span class='ocrx_word' id='word_1_77' title='bbox 811 1569 962 1634; x_wconf 84' lang='lat' dir='ltr'><strong>expresse</strong></span> <span class='ocrx_word' id='word_1_78' title='bbox 992 1552 1033 1617; x_wconf 90' lang='lat' dir='ltr'><strong>de</strong></span> <span class='ocrx_word' id='word_1_79' title='bbox 1064 1552 1155 1634; x_wconf 90' lang='lat' dir='ltr'><strong>regie</strong></span> <span class='ocrx_word' id='word_1_80' title='bbox 1183 1555 1297 1617; x_wconf 85' lang='lat' dir='ltr'><strong>nostre</strong></span> <span class='ocrx_word' id='word_1_81' title='bbox 1330 1551 1511 1617; x_wconf 87' lang='lat' dir='ltr'><strong>maiestatis</strong></span> 
     </span>
     <span class='ocr_line' id='line_1_11' title="bbox 205 1661 1510 1747; baseline 0.001 -20"><span class='ocrx_word' id='word_1_82' title='bbox 205 1661 430 1729; x_wconf 88' lang='lat' dir='ltr'><strong>munificencia</strong></span> <span class='ocrx_word' id='word_1_83' title='bbox 459 1663 540 1729; x_wconf 89' lang='lat' dir='ltr'><strong>duas</strong></span> <span class='ocrx_word' id='word_1_84' title='bbox 575 1682 753 1746; x_wconf 80' lang='lat' dir='ltr'><strong>sexagenas</strong></span> <span class='ocrx_word' id='word_1_85' title='bbox 787 1683 972 1746; x_wconf 88' lang='lat' dir='ltr'><strong>grossorum</strong></span> <span class='ocrx_word' id='word_1_86' title='bbox 1010 1664 1220 1747; x_wconf 75' lang='lat' dir='ltr'><strong>pragensium</strong></span> <span class='ocrx_word' id='word_1_87' title='bbox 1256 1683 1378 1731; x_wconf 89' lang='lat' dir='ltr'><strong>census</strong></span> <span class='ocrx_word' id='word_1_88' title='bbox 1415 1665 1510 1729; x_wconf 84' lang='lat' dir='ltr'><strong>annui</strong></span> 
     </span>
     <span class='ocr_line' id='line_1_12' title="bbox 204 1776 1509 1863; baseline 0 -23"><span class='ocrx_word' id='word_1_89' title='bbox 204 1794 263 1858; x_wconf 92' lang='lat' dir='ltr'><strong>per</strong></span> <span class='ocrx_word' id='word_1_90' title='bbox 285 1776 406 1842; x_wconf 89' lang='lat' dir='ltr'><strong>dictum</strong></span> <span class='ocrx_word' id='word_1_91' title='bbox 437 1777 607 1844; x_wconf 87' lang='lat' dir='ltr'><strong>Nicolaum</strong></span> <span class='ocrx_word' id='word_1_92' title='bbox 637 1779 678 1844; x_wconf 90' lang='lat' dir='ltr'><strong>de</strong></span> <span class='ocrx_word' id='word_1_93' title='bbox 709 1779 847 1863; x_wconf 90' lang='lat' dir='ltr'><strong>Wolyna</strong></span> <span class='ocrx_word' id='word_1_94' title='bbox 877 1798 935 1862; x_wconf 92' lang='lat' dir='ltr'><strong>pro</strong></span> <span class='ocrx_word' id='word_1_95' title='bbox 966 1778 1102 1862; x_wconf 85' lang='lat' dir='ltr'><strong>plebano</strong></span> <span class='ocrx_word' id='word_1_96' title='bbox 1135 1779 1273 1846; x_wconf 86' lang='lat' dir='ltr'><strong>ecclesie</strong></span> <span class='ocrx_word' id='word_1_97' title='bbox 1312 1778 1509 1861; x_wconf 85' lang='lat' dir='ltr'><strong>parochialis</strong></span> 
     </span>
     <span class='ocr_line' id='line_1_13' title="bbox 205 1891 1509 1976; baseline 0 -21"><span class='ocrx_word' id='word_1_98' title='bbox 205 1891 348 1971; x_wconf 89' lang='lat' dir='ltr'><strong>predicte</strong></span> <span class='ocrx_word' id='word_1_99' title='bbox 382 1891 528 1957; x_wconf 87' lang='lat' dir='ltr'><strong>ciuitatis</strong></span> <span class='ocrx_word' id='word_1_100' title='bbox 561 1897 672 1958; x_wconf 90' lang='lat' dir='ltr'><strong>nostre</strong></span> <span class='ocrx_word' id='word_1_101' title='bbox 704 1893 914 1976; x_wconf 83' lang='lat' dir='ltr'><strong>Pyesozensis</strong></span> <span class='ocrx_word' id='word_1_102' title='bbox 948 1897 1081 1976; x_wconf 88' lang='lat' dir='ltr'><strong>propter</strong></span> <span class='ocrx_word' id='word_1_103' title='bbox 1115 1909 1313 1959; x_wconf 89' lang='lat' dir='ltr'><strong>consensum</strong></span> <span class='ocrx_word' id='word_1_104' title='bbox 1346 1911 1444 1958; x_wconf 88' lang='lat' dir='ltr'><strong>suum</strong></span> <span class='ocrx_word' id='word_1_105' title='bbox 1471 1891 1509 1957; x_wconf 86' lang='lat' dir='ltr'><strong>ad</strong></span> 
     </span>
     <span class='ocr_line' id='line_1_14' title="bbox 204 2004 1508 2088; baseline 0.001 -19"><span class='ocrx_word' id='word_1_106' title='bbox 204 2004 342 2086; x_wconf 88' lang='lat' dir='ltr'><strong>predicti</strong></span> <span class='ocrx_word' id='word_1_107' title='bbox 365 2005 537 2087; x_wconf 88' lang='lat' dir='ltr'><strong>hospitalis</strong></span> <span class='ocrx_word' id='word_1_108' title='bbox 561 2006 758 2072; x_wconf 87' lang='lat' dir='ltr'><strong>creceionem</strong></span> <span class='ocrx_word' id='word_1_109' title='bbox 790 2012 823 2072; x_wconf 91' lang='lat' dir='ltr'><strong>et</strong></span> <span class='ocrx_word' id='word_1_110' title='bbox 852 2008 1116 2088; x_wconf 87' lang='lat' dir='ltr'><strong>exstruccionem,</strong></span> <span class='ocrx_word' id='word_1_111' title='bbox 1150 2011 1187 2071; x_wconf 92' lang='lat' dir='ltr'><strong>ut</strong></span> <span class='ocrx_word' id='word_1_112' title='bbox 1208 2005 1385 2088; x_wconf 82' lang='lat' dir='ltr'><strong>prefertur,</strong></span> <span class='ocrx_word' id='word_1_113' title='bbox 1420 2005 1508 2071; x_wconf 90' lang='lat' dir='ltr'><strong>adbi-</strong></span> 
     </span>
     <span class='ocr_line' id='line_1_15' title="bbox 204 2117 1508 2202; baseline 0.001 -20"><span class='ocrx_word' id='word_1_114' title='bbox 204 2117 306 2182; x_wconf 93' lang='lat' dir='ltr'><strong>bitum</strong></span> <span class='ocrx_word' id='word_1_115' title='bbox 328 2124 453 2200; x_wconf 89' lang='lat' dir='ltr'><strong>emptas</strong></span> <span class='ocrx_word' id='word_1_116' title='bbox 477 2124 509 2184; x_wconf 90' lang='lat' dir='ltr'><strong>et</strong></span> <span class='ocrx_word' id='word_1_117' title='bbox 533 2125 744 2202; x_wconf 88' lang='lat' dir='ltr'><strong>comparatas,</strong></span> <span class='ocrx_word' id='word_1_118' title='bbox 777 2120 882 2186; x_wconf 90' lang='lat' dir='ltr'><strong>eidem</strong></span> <span class='ocrx_word' id='word_1_119' title='bbox 914 2119 1050 2202; x_wconf 88' lang='lat' dir='ltr'><strong>plebano</strong></span> <span class='ocrx_word' id='word_1_120' title='bbox 1082 2124 1115 2185; x_wconf 89' lang='lat' dir='ltr'><strong>et</strong></span> <span class='ocrx_word' id='word_1_121' title='bbox 1141 2119 1279 2185; x_wconf 85' lang='lat' dir='ltr'><strong>ecclesie</strong></span> <span class='ocrx_word' id='word_1_122' title='bbox 1303 2138 1366 2185; x_wconf 89' lang='lat' dir='ltr'><strong>sne</strong></span> <span class='ocrx_word' id='word_1_123' title='bbox 1388 2120 1508 2185; x_wconf 86' lang='lat' dir='ltr'><strong>uirtute</strong></span> 
     </span>
     <span class='ocr_line' id='line_1_16' title="bbox 204 2232 1506 2315; baseline 0.001 -20"><span class='ocrx_word' id='word_1_124' title='bbox 204 2233 408 2312; x_wconf 88' lang='lat' dir='ltr'><strong>presencium</strong></span> <span class='ocrx_word' id='word_1_125' title='bbox 438 2232 726 2315; x_wconf 86' lang='lat' dir='ltr'><strong>incorporauimus,</strong></span> <span class='ocrx_word' id='word_1_126' title='bbox 760 2233 950 2299; x_wconf 83' lang='lat' dir='ltr'><strong>annenimus</strong></span> <span class='ocrx_word' id='word_1_127' title='bbox 980 2238 1014 2299; x_wconf 88' lang='lat' dir='ltr'><strong>et</strong></span> <span class='ocrx_word' id='word_1_128' title='bbox 1043 2233 1085 2298; x_wconf 90' lang='lat' dir='ltr'><strong>de</strong></span> <span class='ocrx_word' id='word_1_129' title='bbox 1107 2237 1195 2299; x_wconf 90' lang='lat' dir='ltr'><strong>certa</strong></span> <span class='ocrx_word' id='word_1_130' title='bbox 1225 2237 1343 2298; x_wconf 73' lang='lat' dir='ltr'><strong>nostm</strong></span> <span class='ocrx_word' id='word_1_131' title='bbox 1366 2232 1506 2299; x_wconf 87' lang='lat' dir='ltr'><strong>sciencia</strong></span> 
     </span>
     <span class='ocr_line' id='line_1_17' title="bbox 204 2346 1506 2431; baseline 0.002 -22"><span class='ocrx_word' id='word_1_132' title='bbox 204 2346 295 2427; x_wconf 91' lang='lat' dir='ltr'><strong>regia</strong></span> <span class='ocrx_word' id='word_1_133' title='bbox 312 2348 505 2413; x_wconf 91' lang='lat' dir='ltr'><strong>auctoritate</strong></span> <span class='ocrx_word' id='word_1_134' title='bbox 520 2348 654 2414; x_wconf 89' lang='lat' dir='ltr'><strong>Boemie</strong></span> <span class='ocrx_word' id='word_1_135' title='bbox 676 2347 856 2431; x_wconf 88' lang='lat' dir='ltr'><strong>graciosins</strong></span> <span class='ocrx_word' id='word_1_136' title='bbox 879 2349 1006 2413; x_wconf 88' lang='lat' dir='ltr'><strong>vnimus</strong></span> <span class='ocrx_word' id='word_1_137' title='bbox 1033 2365 1091 2429; x_wconf 92' lang='lat' dir='ltr'><strong>per</strong></span> <span class='ocrx_word' id='word_1_138' title='bbox 1113 2346 1220 2429; x_wconf 92' lang='lat' dir='ltr'><strong>ipsum</strong></span> <span class='ocrx_word' id='word_1_139' title='bbox 1244 2350 1277 2411; x_wconf 92' lang='lat' dir='ltr'><strong>et</strong></span> <span class='ocrx_word' id='word_1_140' title='bbox 1301 2364 1506 2414; x_wconf 87' lang='lat' dir='ltr'><strong>successores</strong></span> 
     </span>
     <span class='ocr_line' id='line_1_18' title="bbox 204 2457 1505 2557; baseline 0 -32"><span class='ocrx_word' id='word_1_141' title='bbox 204 2477 280 2526; x_wconf 89' lang='lat' dir='ltr'><strong>suos</strong></span> <span class='ocrx_word' id='word_1_142' title='bbox 316 2479 440 2528; x_wconf 86' lang='lat' dir='ltr'><strong>exnunc</strong></span> <span class='ocrx_word' id='word_1_143' title='bbox 475 2462 605 2528; x_wconf 87' lang='lat' dir='ltr'><strong>inantea</strong></span> <span class='ocrx_word' id='word_1_144' title='bbox 635 2462 782 2528; x_wconf 86' lang='lat' dir='ltr'><strong>adinstar</strong></span> <span class='ocrx_word' id='word_1_145' title='bbox 811 2461 947 2557; x_wconf 83' lang='lat' dir='ltr'><strong>aliorum</strong></span> <span class='ocrx_word' id='word_1_146' title='bbox 978 2460 1134 2527; x_wconf 88' lang='lat' dir='ltr'><strong>bonorum</strong></span> <span class='ocrx_word' id='word_1_147' title='bbox 1165 2478 1300 2526; x_wconf 91' lang='lat' dir='ltr'><strong>sucrum</strong></span> <span class='ocrx_word' id='word_1_148' title='bbox 1332 2457 1505 2538; x_wconf 82' lang='lat' dir='ltr'><strong>habendae,</strong></span> 
     </span>
     <span class='ocr_line' id='line_1_19' title="bbox 203 2573 1503 2658; baseline 0.001 -21"><span class='ocrx_word' id='word_1_149' title='bbox 203 2573 359 2639; x_wconf 89' lang='lat' dir='ltr'><strong>tenendas</strong></span> <span class='ocrx_word' id='word_1_150' title='bbox 375 2580 408 2640; x_wconf 91' lang='lat' dir='ltr'><strong>et</strong></span> <span class='ocrx_word' id='word_1_151' title='bbox 422 2577 588 2658; x_wconf 89' lang='lat' dir='ltr'><strong>perpetuis</strong></span> <span class='ocrx_word' id='word_1_152' title='bbox 611 2575 809 2658; x_wconf 88' lang='lat' dir='ltr'><strong>temporibus</strong></span> <span class='ocrx_word' id='word_1_153' title='bbox 826 2576 976 2641; x_wconf 89' lang='lat' dir='ltr'><strong>libertate</strong></span> <span class='ocrx_word' id='word_1_154' title='bbox 999 2574 1220 2642; x_wconf 87' lang='lat' dir='ltr'><strong>ecclesiastica</strong></span> <span class='ocrx_word' id='word_1_155' title='bbox 1243 2573 1383 2656; x_wconf 84' lang='lat' dir='ltr'><strong>pacifice</strong></span> <span class='ocrx_word' id='word_1_156' title='bbox 1405 2574 1503 2657; x_wconf 89' lang='lat' dir='ltr'><strong>possi·</strong></span> 
     </span>
     <span class='ocr_line' id='line_1_20' title="bbox 203 2686 1504 2772; baseline 0.001 -20"><span class='ocrx_word' id='word_1_157' title='bbox 203 2686 335 2768; x_wconf 85' lang='lat' dir='ltr'><strong>dandas,</strong></span> <span class='ocrx_word' id='word_1_158' title='bbox 359 2691 581 2756; x_wconf 89' lang='lat' dir='ltr'><strong>commitentes</strong></span> <span class='ocrx_word' id='word_1_159' title='bbox 605 2691 708 2755; x_wconf 92' lang='lat' dir='ltr'><strong>eciam</strong></span> <span class='ocrx_word' id='word_1_160' title='bbox 731 2689 1000 2756; x_wconf 85' lang='lat' dir='ltr'><strong>vrzedniconibus</strong></span> <span class='ocrx_word' id='word_1_161' title='bbox 1016 2690 1197 2772; x_wconf 88' lang='lat' dir='ltr'><strong>ceterisque</strong></span> <span class='ocrx_word' id='word_1_162' title='bbox 1210 2687 1400 2754; x_wconf 85' lang='lat' dir='ltr'><strong>tabularum</strong></span> <span class='ocrx_word' id='word_1_163' title='bbox 1423 2694 1504 2753; x_wconf 90' lang='lat' dir='ltr'><strong>terre</strong></span> 
     </span>
     <span class='ocr_line' id='line_1_21' title="bbox 203 2799 1504 2886; baseline -0.001 -20"><span class='ocrx_word' id='word_1_164' title='bbox 203 2799 354 2868; x_wconf 86' lang='lat' dir='ltr'><strong>officiatis</strong></span> <span class='ocrx_word' id='word_1_165' title='bbox 371 2808 403 2868; x_wconf 93' lang='lat' dir='ltr'><strong>et</strong></span> <span class='ocrx_word' id='word_1_166' title='bbox 417 2804 561 2886; x_wconf 89' lang='lat' dir='ltr'><strong>ipsarum</strong></span> <span class='ocrx_word' id='word_1_167' title='bbox 577 2804 760 2869; x_wconf 91' lang='lat' dir='ltr'><strong>tabularum</strong></span> <span class='ocrx_word' id='word_1_168' title='bbox 775 2804 922 2883; x_wconf 83' lang='lat' dir='ltr'><strong>notariis,</strong></span> <span class='ocrx_word' id='word_1_169' title='bbox 946 2802 1150 2885; x_wconf 88' lang='lat' dir='ltr'><strong>presentibus</strong></span> <span class='ocrx_word' id='word_1_170' title='bbox 1167 2807 1200 2867; x_wconf 93' lang='lat' dir='ltr'><strong>et</strong></span> <span class='ocrx_word' id='word_1_171' title='bbox 1214 2801 1348 2884; x_wconf 84' lang='lat' dir='ltr'><strong>futuris,</strong></span> <span class='ocrx_word' id='word_1_172' title='bbox 1372 2801 1504 2867; x_wconf 86' lang='lat' dir='ltr'><strong>firmiter</strong></span> 
     </span>
     <span class='ocr_line' id='line_1_22' title="bbox 203 2916 1502 3000; baseline 0.001 -21"><span class='ocrx_word' id='word_1_173' title='bbox 203 2920 235 2980; x_wconf 90' lang='lat' dir='ltr'><strong>et</strong></span> <span class='ocrx_word' id='word_1_174' title='bbox 268 2916 425 2998; x_wconf 86' lang='lat' dir='ltr'><strong>districte,</strong></span> <span class='ocrx_word' id='word_1_175' title='bbox 460 2923 617 3000; x_wconf 88' lang='lat' dir='ltr'><strong>quatenus</strong></span> <span class='ocrx_word' id='word_1_176' title='bbox 647 2918 810 3000; x_wconf 89' lang='lat' dir='ltr'><strong>predictas</strong></span> <span class='ocrx_word' id='word_1_177' title='bbox 841 2922 969 2982; x_wconf 91' lang='lat' dir='ltr'><strong>centum</strong></span> <span class='ocrx_word' id='word_1_178' title='bbox 1001 2934 1179 2999; x_wconf 82' lang='lat' dir='ltr'><strong>sexagenas</strong></span> <span class='ocrx_word' id='word_1_179' title='bbox 1215 2935 1263 2998; x_wconf 88' lang='lat' dir='ltr'><strong>gr.</strong></span> <span class='ocrx_word' id='word_1_180' title='bbox 1295 2918 1502 2999; x_wconf 79' lang='lat' dir='ltr'><strong>pragensium</strong></span> 
     </span>
     <span class='ocr_line' id='line_1_23' title="bbox 202 3029 1501 3113; baseline 0 -21"><span class='ocrx_word' id='word_1_181' title='bbox 202 3029 300 3094; x_wconf 92' lang='lat' dir='ltr'><strong>annui</strong></span> <span class='ocrx_word' id='word_1_182' title='bbox 324 3034 357 3094; x_wconf 91' lang='lat' dir='ltr'><strong>et</strong></span> <span class='ocrx_word' id='word_1_183' title='bbox 378 3031 526 3113; x_wconf 90' lang='lat' dir='ltr'><strong>perpetui</strong></span> <span class='ocrx_word' id='word_1_184' title='bbox 555 3049 681 3112; x_wconf 89' lang='lat' dir='ltr'><strong>census,</strong></span> <span class='ocrx_word' id='word_1_185' title='bbox 712 3036 882 3112; x_wconf 90' lang='lat' dir='ltr'><strong>postquam</strong></span> <span class='ocrx_word' id='word_1_186' title='bbox 915 3049 973 3112; x_wconf 88' lang='lat' dir='ltr'><strong>pro</strong></span> <span class='ocrx_word' id='word_1_187' title='bbox 997 3030 1120 3112; x_wconf 84' lang='lat' dir='ltr'><strong>prelato</strong></span> <span class='ocrx_word' id='word_1_188' title='bbox 1144 3029 1299 3111; x_wconf 91' lang='lat' dir='ltr'><strong>hospitali</strong></span> <span class='ocrx_word' id='word_1_189' title='bbox 1324 3035 1359 3096; x_wconf 92' lang='lat' dir='ltr'><strong>et</strong></span> <span class='ocrx_word' id='word_1_190' title='bbox 1380 3035 1501 3095; x_wconf 86' lang='lat' dir='ltr'><strong>eusten-</strong></span> 
     </span>
     <span class='ocr_line' id='line_1_24' title="bbox 202 3142 1500 3226; baseline 0 -20"><span class='ocrx_word' id='word_1_191' title='bbox 202 3143 328 3208; x_wconf 87' lang='lat' dir='ltr'><strong>tacione</strong></span> <span class='ocrx_word' id='word_1_192' title='bbox 363 3145 429 3209; x_wconf 87' lang='lat' dir='ltr'><strong>vite</strong></span> <span class='ocrx_word' id='word_1_193' title='bbox 463 3163 641 3226; x_wconf 89' lang='lat' dir='ltr'><strong>pauperum</strong></span> <span class='ocrx_word' id='word_1_194' title='bbox 675 3148 706 3208; x_wconf 90' lang='lat' dir='ltr'><strong>et</strong></span> <span class='ocrx_word' id='word_1_195' title='bbox 736 3143 934 3208; x_wconf 90' lang='lat' dir='ltr'><strong>infirmorum</strong></span> <span class='ocrx_word' id='word_1_196' title='bbox 965 3143 1046 3209; x_wconf 93' lang='lat' dir='ltr'><strong>inibi</strong></span> <span class='ocrx_word' id='word_1_197' title='bbox 1077 3142 1295 3208; x_wconf 86' lang='lat' dir='ltr'><strong>existenoium</strong></span> <span class='ocrx_word' id='word_1_198' title='bbox 1329 3149 1363 3209; x_wconf 90' lang='lat' dir='ltr'><strong>et</strong></span> <span class='ocrx_word' id='word_1_199' title='bbox 1395 3143 1500 3209; x_wconf 74' lang='lat' dir='ltr'><strong>usibus</strong></span> 
     </span>
     <span class='ocr_line' id='line_1_25' title="bbox 201 3254 1498 3339; baseline 0.001 -19"><span class='ocrx_word' id='word_1_200' title='bbox 201 3255 423 3323; x_wconf 88' lang='lat' dir='ltr'><strong>ministrorum</strong></span> <span class='ocrx_word' id='word_1_201' title='bbox 449 3259 481 3323; x_wconf 92' lang='lat' dir='ltr'><strong>in</strong></span> <span class='ocrx_word' id='word_1_202' title='bbox 505 3257 616 3323; x_wconf 91' lang='lat' dir='ltr'><strong>eodem</strong></span> <span class='ocrx_word' id='word_1_203' title='bbox 640 3258 804 3339; x_wconf 89' lang='lat' dir='ltr'><strong>hospitali,</strong></span> <span class='ocrx_word' id='word_1_204' title='bbox 831 3263 867 3321; x_wconf 92' lang='lat' dir='ltr'><strong>ut</strong></span> <span class='ocrx_word' id='word_1_205' title='bbox 884 3256 1054 3338; x_wconf 85' lang='lat' dir='ltr'><strong>prefertur,</strong></span> <span class='ocrx_word' id='word_1_206' title='bbox 1078 3256 1189 3322; x_wconf 89' lang='lat' dir='ltr'><strong>diuino</strong></span> <span class='ocrx_word' id='word_1_207' title='bbox 1213 3257 1318 3321; x_wconf 88' lang='lat' dir='ltr'><strong>cultui</strong></span> <span class='ocrx_word' id='word_1_208' title='bbox 1343 3254 1498 3329; x_wconf 80' lang='lat' dir='ltr'><strong>cotidie¹¹l</strong></span> 
     </span>
     <span class='ocr_line' id='line_1_26' title="bbox 202 3368 1498 3452; baseline 0 -19"><span class='ocrx_word' id='word_1_209' title='bbox 202 3368 432 3438; x_wconf 88' lang='lat' dir='ltr'><strong>famulanoium</strong></span> <span class='ocrx_word' id='word_1_210' title='bbox 467 3371 564 3436; x_wconf 89' lang='lat' dir='ltr'><strong>simul</strong></span> <span class='ocrx_word' id='word_1_211' title='bbox 596 3371 649 3436; x_wconf 91' lang='lat' dir='ltr'><strong>uel</strong></span> <span class='ocrx_word' id='word_1_212' title='bbox 679 3371 849 3437; x_wconf 87' lang='lat' dir='ltr'><strong>suceesiue</strong></span> <span class='ocrx_word' id='word_1_213' title='bbox 883 3375 1069 3452; x_wconf 89' lang='lat' dir='ltr'><strong>comparate</strong></span> <span class='ocrx_word' id='word_1_214' title='bbox 1099 3388 1154 3435; x_wconf 89' lang='lat' dir='ltr'><strong>seu</strong></span> <span class='ocrx_word' id='word_1_215' title='bbox 1189 3387 1228 3435; x_wconf 87' lang='lat' dir='ltr'><strong>ex</strong></span> <span class='ocrx_word' id='word_1_216' title='bbox 1260 3370 1317 3451; x_wconf 90' lang='lat' dir='ltr'><strong>pia</strong></span> <span class='ocrx_word' id='word_1_217' title='bbox 1339 3371 1498 3436; x_wconf 91' lang='lat' dir='ltr'><strong>hominnm</strong></span> 
     </span>
     <span class='ocr_line' id='line_1_27' title="bbox 202 3483 1496 3566; baseline 0 -19"><span class='ocrx_word' id='word_1_218' title='bbox 202 3483 380 3566; x_wconf 85' lang='lat' dir='ltr'><strong>largicione</strong></span> <span class='ocrx_word' id='word_1_219' title='bbox 402 3484 520 3550; x_wconf 88' lang='lat' dir='ltr'><strong>donate</strong></span> <span class='ocrx_word' id='word_1_220' title='bbox 542 3484 672 3565; x_wconf 88' lang='lat' dir='ltr'><strong>fuerint,</strong></span> <span class='ocrx_word' id='word_1_221' title='bbox 703 3484 824 3549; x_wconf 92' lang='lat' dir='ltr'><strong>tabulis</strong></span> <span class='ocrx_word' id='word_1_222' title='bbox 854 3489 940 3549; x_wconf 90' lang='lat' dir='ltr'><strong>terre</strong></span> <span class='ocrx_word' id='word_1_223' title='bbox 962 3484 1138 3565; x_wconf 88' lang='lat' dir='ltr'><strong>assignent,</strong></span> <span class='ocrx_word' id='word_1_224' title='bbox 1170 3488 1330 3550; x_wconf 81' lang='lat' dir='ltr'><strong>annotant</strong></span> <span class='ocrx_word' id='word_1_225' title='bbox 1352 3483 1496 3550; x_wconf 82' lang='lat' dir='ltr'><strong>effectua-</strong></span> 
     </span>
     <span class='ocr_line' id='line_1_28' title="bbox 200 3596 1494 3680; baseline -0.002 -20"><span class='ocrx_word' id='word_1_226' title='bbox 200 3597 276 3662; x_wconf 90' lang='lat' dir='ltr'><strong>liter</strong></span> <span class='ocrx_word' id='word_1_227' title='bbox 298 3602 331 3662; x_wconf 93' lang='lat' dir='ltr'><strong>et</strong></span> <span class='ocrx_word' id='word_1_228' title='bbox 364 3598 553 3678; x_wconf 85' lang='lat' dir='ltr'><strong>inscribant,</strong></span> <span class='ocrx_word' id='word_1_229' title='bbox 586 3603 682 3680; x_wconf 92' lang='lat' dir='ltr'><strong>prout</strong></span> <span class='ocrx_word' id='word_1_230' title='bbox 712 3597 972 3679; x_wconf 87' lang='lat' dir='ltr'><strong>indignacionem</strong></span> <span class='ocrx_word' id='word_1_231' title='bbox 999 3602 1143 3662; x_wconf 84' lang='lat' dir='ltr'><strong>nostram</strong></span> <span class='ocrx_word' id='word_1_232' title='bbox 1173 3596 1340 3663; x_wconf 89' lang='lat' dir='ltr'><strong>voluerint</strong></span> <span class='ocrx_word' id='word_1_233' title='bbox 1368 3599 1494 3664; x_wconf 88' lang='lat' dir='ltr'><strong>euitare.</strong></span> 
     </span>
     <span class='ocr_line' id='line_1_29' title="bbox 201 3709 1491 3794; baseline -0.002 -19"><span class='ocrx_word' id='word_1_234' title='bbox 201 3709 451 3793; x_wconf 74' lang='lat' dir='ltr'><strong>Presencium¹²l</strong></span> <span class='ocrx_word' id='word_1_235' title='bbox 476 3712 534 3777; x_wconf 90' lang='lat' dir='ltr'><strong>sub</strong></span> <span class='ocrx_word' id='word_1_236' title='bbox 558 3712 647 3794; x_wconf 89' lang='lat' dir='ltr'><strong>regie</strong></span> <span class='ocrx_word' id='word_1_237' title='bbox 670 3717 779 3778; x_wconf 87' lang='lat' dir='ltr'><strong>nostre</strong></span> <span class='ocrx_word' id='word_1_238' title='bbox 795 3712 976 3777; x_wconf 84' lang='lat' dir='ltr'><strong>maiestatis</strong></span> <span class='ocrx_word' id='word_1_239' title='bbox 994 3711 1101 3793; x_wconf 86' lang='lat' dir='ltr'><strong>sigillo</strong></span> <span class='ocrx_word' id='word_1_240' title='bbox 1117 3711 1305 3777; x_wconf 89' lang='lat' dir='ltr'><strong>testimonio</strong></span> <span class='ocrx_word' id='word_1_241' title='bbox 1323 3712 1491 3778; x_wconf 89' lang='lat' dir='ltr'><strong>literarum.</strong></span> 
     </span>
     <span class='ocr_line' id='line_1_30' title="bbox 202 3822 1494 3909; baseline -0.004 -20"><span class='ocrx_word' id='word_1_242' title='bbox 202 3825 321 3889; x_wconf 91' lang='lat' dir='ltr'><strong>Datum</strong></span> <span class='ocrx_word' id='word_1_243' title='bbox 344 3822 486 3890; x_wconf 88' lang='lat' dir='ltr'><strong>Mendici</strong></span> <span class='ocrx_word' id='word_1_244' title='bbox 509 3845 592 3889; x_wconf 92' lang='lat' dir='ltr'><strong>anno</strong></span> <span class='ocrx_word' id='word_1_245' title='bbox 616 3824 736 3889; x_wconf 92' lang='lat' dir='ltr'><strong>domini</strong></span> <span class='ocrx_word' id='word_1_246' title='bbox 760 3825 932 3891; x_wconf 90' lang='lat' dir='ltr'><strong>millesimo</strong></span> <span class='ocrx_word' id='word_1_247' title='bbox 956 3824 1278 3907; x_wconf 88' lang='lat' dir='ltr'><strong>quadringentesimo</strong></span> <span class='ocrx_word' id='word_1_248' title='bbox 1300 3831 1426 3909; x_wconf 85' lang='lat' dir='ltr'><strong>quarto,</strong></span> <span class='ocrx_word' id='word_1_249' title='bbox 1447 3822 1494 3887; x_wconf 85' lang='lat' dir='ltr'><strong>die</strong></span> 
     </span>
     <span class='ocr_line' id='line_1_31' title="bbox 201 3937 1492 4020; baseline -0.002 -19"><span class='ocrx_word' id='word_1_250' title='bbox 201 3939 358 4020; x_wconf 84' lang='lat' dir='ltr'><strong>vigesima</strong></span> <span class='ocrx_word' id='word_1_251' title='bbox 389 3940 493 4020; x_wconf 90' lang='lat' dir='ltr'><strong>prima</strong></span> <span class='ocrx_word' id='word_1_252' title='bbox 527 3940 724 4018; x_wconf 88' lang='lat' dir='ltr'><strong>Decembris,</strong></span> <span class='ocrx_word' id='word_1_253' title='bbox 759 3957 930 4020; x_wconf 84' lang='lat' dir='ltr'><strong>regnorum</strong></span> <span class='ocrx_word' id='word_1_254' title='bbox 952 3942 1135 4004; x_wconf 89' lang='lat' dir='ltr'><strong>nostrornm</strong></span> <span class='ocrx_word' id='word_1_255' title='bbox 1159 3956 1243 4004; x_wconf 90' lang='lat' dir='ltr'><strong>anno</strong></span> <span class='ocrx_word' id='word_1_256' title='bbox 1267 3937 1403 4004; x_wconf 89' lang='lat' dir='ltr'><strong>Boemie</strong></span> <span class='ocrx_word' id='word_1_257' title='bbox 1425 3955 1492 4019; x_wconf 76' lang='lat' dir='ltr'><strong>qua</strong></span> 
     </span>
     <span class='ocr_line' id='line_1_32' title="bbox 201 4052 1193 4134; baseline 0.001 -19"><span class='ocrx_word' id='word_1_258' title='bbox 201 4052 383 4134; x_wconf 90' lang='lat' dir='ltr'><strong>dragesimo</strong></span> <span class='ocrx_word' id='word_1_259' title='bbox 407 4053 557 4131; x_wconf 87' lang='lat' dir='ltr'><strong>secundo,</strong></span> <span class='ocrx_word' id='word_1_260' title='bbox 582 4053 798 4118; x_wconf 91' lang='lat' dir='ltr'><strong>Romanorum</strong></span> <span class='ocrx_word' id='word_1_261' title='bbox 822 4071 897 4119; x_wconf 87' lang='lat' dir='ltr'><strong>vero</strong></span> <span class='ocrx_word' id='word_1_262' title='bbox 921 4053 1076 4118; x_wconf 86' lang='lat' dir='ltr'><strong>vicesimo</strong></span> <span class='ocrx_word' id='word_1_263' title='bbox 1098 4071 1193 4118; x_wconf 93' lang='lat' dir='ltr'><strong>nono.</strong></span> 
     </span>
    </p>
   </div>
   <div class='ocr_carea' id='block_1_3' title="bbox 596 4243 1472 4426">
    <p class='ocr_par' dir='ltr' id='par_1_3' title="bbox 596 4243 1472 4426">
     <span class='ocr_line' id='line_1_33' title="bbox 658 4243 1410 4327; baseline 0.003 -17"><span class='ocrx_word' id='word_1_264' title='bbox 658 4246 709 4310; x_wconf 89' lang='lat' dir='ltr'><strong>lld</strong></span> <span class='ocrx_word' id='word_1_265' title='bbox 731 4245 926 4312; x_wconf 87' lang='lat' dir='ltr'><strong>relacionem</strong></span> <span class='ocrx_word' id='word_1_266' title='bbox 950 4243 1150 4327; x_wconf 88' lang='lat' dir='ltr'><strong>Sigismundi</strong></span> <span class='ocrx_word' id='word_1_267' title='bbox 1174 4244 1410 4313; x_wconf 86' lang='lat' dir='ltr'><strong>subcamerarii</strong></span> 
     </span>
     <span class='ocr_line' id='line_1_34' title="bbox 596 4357 1472 4426; baseline -0.002 -4"><span class='ocrx_word' id='word_1_268' title='bbox 596 4357 761 4424; x_wconf 83' lang='lat' dir='ltr'><strong>lohannes</strong></span> <span class='ocrx_word' id='word_1_269' title='bbox 774 4364 886 4425; x_wconf 88' lang='lat' dir='ltr'><strong>sancte</strong></span> <span class='ocrx_word' id='word_1_270' title='bbox 902 4358 1008 4424; x_wconf 90' lang='lat' dir='ltr'><strong>crucis</strong></span> <span class='ocrx_word' id='word_1_271' title='bbox 1023 4357 1312 4424; x_wconf 89' lang='lat' dir='ltr'><strong>Wratislauseusis</strong></span> <span class='ocrx_word' id='word_1_272' title='bbox 1326 4360 1472 4426; x_wconf 85' lang='lat' dir='ltr'><strong>decanus.</strong></span> 
     </span>
    </p>
   </div>
   <div class='ocr_carea' id='block_1_4' title="bbox 199 4545 1493 4717">
    <p class='ocr_par' dir='ltr' id='par_1_4' title="bbox 199 4545 1493 4717">
     <span class='ocr_line' id='line_1_35' title="bbox 304 4545 1491 4618; baseline 0.001 -20"><span class='ocrx_word' id='word_1_273' title='bbox 304 4545 389 4615; x_wconf 70' lang='lat' dir='ltr'><strong>Vypis</strong></span> <span class='ocrx_word' id='word_1_274' title='bbox 408 4547 506 4600; x_wconf 81' lang='lat' dir='ltr'><strong>akrrtl.</strong></span> <span class='ocrx_word' id='word_1_275' title='bbox 521 4547 639 4615; x_wconf 87' lang='lat' dir='ltr'><strong>registor</strong></span> <span class='ocrx_word' id='word_1_276' title='bbox 657 4551 703 4615; x_wconf 84' lang='grc' dir='ltr'><strong>(Α)</strong></span> <span class='ocrx_word' id='word_1_277' title='bbox 723 4550 849 4617; x_wconf 81' lang='lat' dir='ltr'><strong>vrukop.</strong></span> <span class='ocrx_word' id='word_1_278' title='bbox 863 4551 910 4603; x_wconf 87' lang='lat' dir='ltr'><strong>cis.</strong></span> <span class='ocrx_word' id='word_1_279' title='bbox 929 4547 1216 4618; x_wconf 77' lang='lat' dir='ltr'><strong>bibliotekyPralske</strong></span> <span class='ocrx_word' id='word_1_280' title='bbox 1237 4546 1417 4618; x_wconf 76' lang='lat' dir='ltr'><strong>,copiarinm</strong></span> <span class='ocrx_word' id='word_1_281' title='bbox 1434 4546 1491 4617; x_wconf 88' lang='lat' dir='ltr'><strong>dipl</strong></span> 
     </span>
     <span class='ocr_line' id='line_1_36' title="bbox 199 4641 1493 4717; baseline 0.005 -25"><span class='ocrx_word' id='word_1_282' title='bbox 199 4641 429 4695; x_wconf 83' lang='lat' dir='ltr'><strong>Praemislaeum“</strong></span> <span class='ocrx_word' id='word_1_283' title='bbox 450 4643 518 4712; x_wconf 86' lang='lat' dir='ltr'><strong>sign.</strong></span> <span class='ocrx_word' id='word_1_284' title='bbox 542 4643 580 4696; x_wconf 84' lang='lat' dir='ltr'><strong>VI</strong></span> <span class='ocrx_word' id='word_1_285' title='bbox 599 4660 616 4697; x_wconf 86' lang='lat' dir='ltr'><strong>a</strong></span> <span class='ocrx_word' id='word_1_286' title='bbox 634 4650 649 4697; x_wconf 79' lang='lat'><strong>7</strong></span> <span class='ocrx_word' id='word_1_287' title='bbox 669 4661 705 4698; x_wconf 91' lang='lat' dir='ltr'><strong>na</strong></span> <span class='ocrx_word' id='word_1_288' title='bbox 722 4644 739 4698; x_wconf 93' lang='lat' dir='ltr'><strong>l.</strong></span> <span class='ocrx_word' id='word_1_289' title='bbox 760 4651 809 4698; x_wconf 73' lang='lat'><strong>142</strong></span> <span class='ocrx_word' id='word_1_290' title='bbox 827 4661 860 4699; x_wconf 81' lang='lat' dir='ltr'><strong>aa</strong></span> <span class='ocrx_word' id='word_1_291' title='bbox 878 4644 1004 4713; x_wconf 73' lang='lat' dir='ltr'><strong>napiaem</strong></span> <span class='ocrx_word' id='word_1_292' title='bbox 1030 4643 1173 4711; x_wconf 81' lang='lat' dir='ltr'><strong>„Ciuitatis</strong></span> <span class='ocrx_word' id='word_1_293' title='bbox 1199 4644 1293 4714; x_wconf 79' lang='lat' dir='ltr'><strong>Pyeslt</strong></span> <span class='ocrx_word' id='word_1_294' title='bbox 1317 4662 1407 4717; x_wconf 85' lang='lat' dir='ltr'><strong>snper</strong></span> <span class='ocrx_word' id='word_1_295' title='bbox 1428 4659 1493 4701; x_wconf 91' lang='lat' dir='ltr'><strong>nono</strong></span> 
     </span>
    </p>
   </div>
   <div class='ocr_carea' id='block_1_5' title="bbox 0 0 1554 5392">
    <p class='ocr_par' dir='ltr' id='par_1_5' title="bbox 0 0 1554 5392">
     <span class='ocr_line' id='line_1_37' title="bbox 0 0 1554 5392; baseline 0 3"><span class='ocrx_word' id='word_1_296' title='bbox 0 0 1554 5392; x_wconf 95' lang='lat' dir='ltr'><strong> </strong></span> 
     </span>
    </p>
   </div>
  </div>
 </body>
</html>
