3098 5392
672 428 756 479 ‚rosc
1300 396 1365 494 3'19

63 636 190 699 nostrum
209 642 305 703 regem
320 632 445 701 graciose
464 631 544 689 datos
563 639 591 688 et
609 648 769 700 concessos,
789 632 818 686 in
835 632 904 687 locis
922 638 951 687 et
968 630 1137 687 districtibus
1155 632 1255 688 sostris
1267 632 1386 689 diebus·

62 725 223 787 forensibus
241 727 405 797 proclamari
422 726 530 783 faciatis
549 735 576 783 ct
595 729 629 783 ab
648 728 775 784 omnibus
794 727 993 784 inuiolabiliter
1012 727 1169 784 obserusri:
1186 729 1277 785 Primo
1290 729 1365 784 ride·

63 824 140 892 licet,
152 821 226 891 qnod
240 806 334 878 nullus
346 823 487 894 hospitum
500 839 605 879 merces
618 830 646 878 et
654 824 840 892 mercimonia,
853 825 1043 894 cuiuscunque
1056 824 1223 881 conditionis
1235 825 1366 892 existant,

63 921 92 974 in
112 919 191 975 nulls
208 919 322 975 ciuitate
340 936 425 990 regno
444 919 556 976 Boemie
572 919 658 975 insita
677 918 818 988 efasciare,
837 919 976 991 disligare,
994 920 1121 991 religare,
1139 920 1259 976 vendere
1278 928 1307 977 et
1318 921 1365 977 de·

63 1032 170 1088 ponere
188 1012 291 1072 debeat
308 1032 340 1071 ac
358 1024 508 1087 presumat,
536 1022 714 1088 preterquam
737 1016 767 1071 in
785 1016 885 1073 Maiori
911 1017 1023 1073 ciuitate
1050 1017 1187 1086 Progensi
1212 1017 1365 1088 antedicta,

62 1114 224 1168 ciuitatibus
237 1112 388 1168 dumtaxat
399 1113 429 1168 in
441 1113 538 1184 Ponte,
557 1113 673 1170 Colonia
684 1120 720 1167 et
731 1112 860 1171 Bndsreis
880 1115 1013 1185 exceptis,
1031 1120 1061 1169 rt
1080 1114 1118 1169 ibi
1131 1115 1215 1182 aleca,
1235 1121 1263 1170 et
1274 1115 1365 1185 pisces

63 1210 132 1265 sslsi
156 1208 340 1278 solummodo,
367 1210 438 1265 sicut
455 1205 493 1265 ab'
516 1210 629 1280 anuqno
655 1210 783 1282 deposita
808 1217 882 1279 sunt,
906 1210 997 1267 adhuc
1020 1211 1132 1267 valeant
1154 1210 1257 1281 deponi
1280 1218 1366 1281 atque

67 1306 191 1376 possint.
208 1305 291 1375 Item,
301 1304 375 1374 quod
389 1306 481 1361 omnia
493 1307 643 1377 ctsingols
653 1306 839 1376 mercimonio,
851 1323 906 1377 qne
918 1306 952 1362 de
964 1306 1088 1376 Polonia,
1097 1306 1227 1378 Bouaria,
1243 1307 1366 1377 Anamis,

63 1401 196 1472 Ungaria,
214 1400 339 1469 Lusatia,
362 1401 455 1457 Missa
480 1407 508 1456 et
526 1402 587 1458 aliis
615 1403 697 1458 terris
716 1419 766 1472 per
783 1418 898 1472 regnum
918 1403 1031 1458 Boemie
1057 1402 1173 1459 inantea
1190 1401 1253 1458 duci
1276 1403 1363 1459 conti-

65 1484 154 1570 gerit,¹
168 1480 224 1553 uo'n
244 1497 318 1565 alibi,
336 1503 514 1569 preterquam
532 1504 646 1553 stratam
665 1497 797 1554 directam
816 1514 866 1568 per
881 1504 908 1553 et
920 1498 956 1554 ad
968 1497 1109 1555 ciuitatem
1121 1499 1290 1569 Progensem
1302 1498 1365 1554 duci

64 1591 189 1650 debeant
202 1593 401 1671 supradictam.
418 1592 538 1669 Insuper
560 1594 638 1649 vobis
663 1593 789 1649 omnibns
815 1601 843 1649 et
867 1594 984 1664 singulis
1009 1594 1176 1666 supradictis
1200 1597 1365 1651 anctoritate

62 1687 143 1761 regia
159 1689 293 1761 precipio,
309 1696 448 1759 qnatenus
468 1705 564 1745 omnes
584 1696 611 1744 et
624 1690 749 1759 singulos
767 1689 930 1747 huiusmodi
948 1692 1016 1760 regii
1035 1690 1117 1746 edicti
1134 1699 1365 1761 transgressores,

62 1787 130 1841 dum
151 1793 178 1840 et
195 1786 326 1855 quotiens
341 1801 396 1856 ,per
419 1787 550 1842 consules
568 1785 684 1841 Maioris
703 1785 832 1841 ciuitatis
850 1787 999 1856 Progensis
1022 1788 1077 1843 iam
1101 1787 1182 1855 dicte,
1207 1787 1364 1844 -Pssslinnm

60 1883 99 1938 de
117 1882 195 1937 Sicca
213 1881 357 1938 officialem
376 1889 405 1937 et
416 1882 601 1953 hannusgrsff
615 1899 719 1951 eorum,
738 1899 811 1939 ome
832 1883 914 1939 etiam
933 1899 1019 1954 super
1035 1884 1097 1955 ipso
1117 1884 1276 1956 specialiter
1291 1883 1364 1939 inra-

62 1986 188 2051 mentum
200 1978 358 2046 habentem,
376 1984 424 2034 ent
441 1979 555 2034 nuntios
578 1979 702 2049 ipsorum
721 1980 848 2049 requisiti
864 1977 982 2047 fueritis,
1000 1996 1060 2035 cum
1078 1979 1159 2036 bonis
1178 1995 1273 2035 corum
1291 1995 1364 2035 arre-

61 2080 148 2143 stsre,
167 2091 301 2151 occupare
315 2081 343 2129 et
356 2075 479 2130 detinere
498 2074 632 2142 debeatis,
651 2083 678 2130 et
690 2075 757 2131 talia
774 2082 912 2131 arrestata
931 2076 1004 2131 bons
1017 2075 1087 2147 ipsis
1099 2075 1263 2150 indistracts
1274 2075 1364 2131 modis

62 2171 192 2228 omnibus
215 2172 368 2241 assignare,
395 2187 499 2241 eosque
531 2171 709 2228 nibilominus
728 2172 800 2227 circs
825 2172 893 2227 talia
918 2172 1028 2227 auxiliis
1055 2177 1244 2239 manutenere,
1267 2152 1364 2227 fouere

61 2274 91 2322 et
109 2267 269 2338 specialiter
294 2267 329 2322 sd
346 2267 550 2323 inuocationem
574 2268 698 2338 ipsorum
717 2284 734 2323 a
751 2268 876 2338 quolibet
898 2267 1068 2339 impediente
1091 2269 1151 2324 sice
1174 2268 1300 2338 qnalibet
1312 2266 1363 2322 -de-

60 2365 183 2432 tonsure,
201 2371 285 2435 prout
301 2364 520 2434 indignationem
547 2365 612 2420 dicti
636 2364 740 2420 domini
763 2367 851 2421 nostri
875 2365 949 2435 regis
973 2381 1086 2436 manem
1110 2364 1225 2436 diligitis
1250 2365 1363 2421 enitere

61 2461 181 2529 fluum,
195 2460 300 2530 onum
312 2460 432 2531 sigillum
443 2476 535 2516 meum
559 2477 725 2532 oppressum
744 2467 794 2532 est,
810 2458 972 2517 testimonio
988 2460 1139 2518 literarum.
1153 2462 1257 2518 Datum
1275 2464 1364 2532 Prope

59 2556 133 2613 seria
149 2556 237 2611 tercia
253 2557 380 2626 proxima
397 2557 646 2628 post-dominicam,
663 2575 720 2628 qua
736 2558 844 2613 canitur
856 2558 977 2628 Exurge,
997 2575 1083 2628 qnare
1102 2557 1297 2629 obdormis[ti],
1314 2557 1362 2613 do-

59 2651 145 2719 mine,
164 2668 237 2707 anno
257 2651 380 2708 eiusdem
398 2653 533 2711 milesimo
545 2654 739 2709 trecentesimo
752 2654 932 2724 nonagesimo
953 2654 1062 2709 tertio“.
1091 2654 1230 2726 (Palaclry‚
1242 2654 1362 2709 Formel·

59 2742 166 2804 sooner
182 2748 210 2802 Π
227 2754 274 2803 sn.
295 2753 367 2814 137.)

614 3023 631 3062 *
656 3007 720 3090 Cis.
745 3023 818 3089 639.

466 3215 563 3298 1390,
587 3215 630 3283 13
654 3230 780 3300 srpna.
805 3214 838 3282 V
861 3215 987 3283 Prone.

58 3407 147 3474 Kro'l
176 3407 292 3474 Vricloo
307 3409 330 3474 I
334 3409 362 3472 V
377 3409 524 3490 vysoruje
545 3407 613 3472 obci
633 3409 735 3472 misto
756 3406 887 3474 Strbbro
908 3407 1039 3491 circini
1059 3405 1112 3472 trb
1133 3427 1178 3471 no
1198 3405 1303 3472 necilli
1317 3424 1362 3488 po

58 3545 106 3589 ev.
131 3521 241 3587 Haolo
262 3544 279 3589 s
300 3523 380 3588 osmi
406 3523 470 3605 day
486 3521 594 3604 por'dd
624 3521 778 3608 stetlp'mi
800 3544 821 3588 a
843 3521 993 3606 sprdvy‚
1025 3520 1135 3588 letardi
1155 3519 1233 3603 jero
1260 3523 1363 3585 mista

58 3637 121 3720 pr'i
143 3636 242 3702 irrtcb
262 3637 391 3719 olicaji,
406 3636 587 3719 jnrenovitc,
611 3636 673 3718 aby
691 3633 794 3720 bobdgi
808 3657 842 3702 sc
855 3637 971 3701 sbodim
986 3638 1072 3721 sopio
1087 3630 1274 3702 svobodndk
1288 3630 1363 3697 trio

493 3754 579 3813 tonsu
601 3747 685 3814 obit
707 3770 740 3814 se
762 3749 922 3814 ductaviti.

163 3942 374 4009 Wenoeslaus
408 3942 461 4008 dei
491 3943 602 4025 gracia
632 3941 849 4010 Romanorum
882 3963 939 4009 rex
973 3960 1100 4025 semper
1136 3923 1295 4024 augustus
1330 3945 1363 4007 et

56 4056 195 4123 Boemie
216 4074 282 4122 rex.
317 4055 438 4123 Notum
459 4056 597 4143 lecimus
621 4062 733 4125 tenore
763 4058 965 4140 presencium
995 4057 1167 4138 uniuersis,
1198 4054 1284 4137 quod
1307 4074 1361 4122 cu·

56 4172 188 4254 pientes
212 4164 432 4235 condicionem
456 4169 601 4235 ciuitatis
633 4176 743 4236 nostre
775 4170 809 4235 in
832 4169 918 4236 Mise
948 4169 1055 4236 facore
1085 4168 1260 4250 meliorem,
1292 4185 1361 4234 sco-

57 4263 158 4364 binis,
183 4281 321 4362 ciuibus,
351 4282 466 4347 incolis
489 4287 522 4347 ct
543 4284 750 4373 vuisersitati
773 4284 917 4349 ciuitatis
948 4283 1093 4349 eiusdem
1115 4282 1150 4348 in
1171 4286 1362 4365 perpetuum
1389 4366 1393 4373 Ι

55 4396 256 4464 indulsimus
280 4399 313 4461 et
337 4394 377 4461 de
400 4394 600 4478 benignitate
623 4396 716 4463 nobis
740 4398 851 4463 innata
872 4402 985 4464 tenore
1012 4397 1215 4479 presencium
1238 4397 1362 4480 gracio-

54 4512 126 4578 sins
151 4508 368 4591 indulgemus,
404 4510 526 4591 stipsi
550 4528 673 4576 exnunc
704 4511 835 4576 inantea
867 4512 960 4577 annis
991 4510 1141 4593 singulis,
1171 4510 1360 4593 incipiendo

53 4623 212 4694 videlicet
243 4621 298 4687 dis
320 4621 481 4689 dominico
511 4625 655 4705 proximo
686 4631 759 4706 post
789 4624 908 4690 testum
941 4624 1045 4691 sancti
1071 4623 1158 4691 Galli
1180 4627 1223 4719 *ot
1243 4623 1362 4690 deinde

1155 4754 1205 4806 os*
