3098 5392
677 460 752 513 raas.
1299 461 1361 528 747

58 670 236 737 suetudine
258 676 291 737 et
313 675 434 738 statuto
461 671 639 752 ciuitatum,
664 670 834 753 opidorum
861 675 894 736 et
920 671 1070 736 villarum
1099 672 1192 755 regni
1218 671 1361 752 Boemie‚

59 783 93 849 in
118 784 236 865 quibus
271 784 411 852 camisia
431 784 560 851 braxari
594 785 779 851 institutum
802 788 853 850 est
874 802 895 848 a
916 784 1200 867 predecessoribus
1231 785 1362 866 nostris,

57 897 147 962 diuis
178 898 380 982 principibus
403 903 437 963 et
457 897 588 981 regibus
613 898 754 979 Boemie‚
787 903 929 978 cauetur,
960 897 1045 981 quod
1076 899 1184 964 nullus
1207 898 1363 965 nobilium

58 1010 112 1074 uel
128 1011 233 1076 eciam
248 1011 282 1076 in
297 1010 404 1077 medio
419 1017 452 1076 et
467 1010 575 1077 infimo
591 1011 694 1094 gradu
711 1011 916 1092 constitutus,
934 1012 1158 1094 cuiuscunque
1173 1012 1361 1092 eminencie,

59 1123 263 1190 condicionis
286 1131 343 1190 aut
365 1129 469 1190 statua
492 1126 620 1207 existat,
643 1123 728 1191 inira
744 1125 841 1190 unius
863 1125 1001 1190 miliaria
1024 1127 1169 1208 spacium
1188 1125 1361 1193 ceruisiam

57 1235 197 1303 braxare
227 1237 322 1303 debet
344 1238 385 1304 ad
408 1238 643 1323 propinandum
678 1239 712 1304 in
734 1237 900 1305 thabernis
930 1258 991 1321 per
1012 1240 1083 1305 eius
1106 1239 1262 1320 subditos,
1297 1238 1361 1305 nisi

58 1351 208 1433 recipere
229 1370 249 1416 a
272 1352 415 1435 ciuitate,
440 1353 536 1436 opido
559 1353 609 1418 vel
628 1353 716 1434 villa,
739 1353 773 1418 in
790 1353 906 1434 quibus
922 1372 981 1436 per
995 1355 1159 1436 principes
1176 1354 1362 1419 institutum
1473 1356 1477 1361 ’

59 1470 110 1529 est
133 1465 288 1547 recipere,
311 1465 472 1533 abducere
494 1470 527 1532 et
549 1484 665 1547 emero,
695 1470 791 1548 atqua
812 1484 915 1548 reges.
950 1466 995 1531 mt
1017 1486 1089 1534 cum
1111 1466 1229 1532 ciuitas
1250 1470 1363 1532 nostra

58 1577 271 1645 Melnicensis
294 1598 352 1661 per
367 1598 425 1646 uos
445 1580 684 1662 suprascriptos
700 1580 734 1645 in
752 1580 836 1663 jure,
861 1579 1103 1661 consuetudine,
1127 1579 1363 1646 constitucione

59 1696 92 1755 et
115 1695 239 1759 statuto
257 1692 325 1777 jam
347 1693 497 1775 allegatis
520 1693 660 1760 violatur
682 1694 788 1760 miuus
820 1694 915 1774 iuste,
945 1694 1038 1776 regni
1061 1694 1194 1760 Boemis
1215 1712 1254 1760 ac
1276 1692 1364 1759 dicte

60 1810 171 1871 nostre
202 1806 348 1873 ciuitatis
372 1808 406 1873 in
428 1826 493 1874 non
522 1807 684 1874 modicum
713 1807 844 1890 dampni
874 1807 1081 1890 dispendium
1115 1812 1148 1873 at
1177 1824 1362 1889 grammon,

59 1920 229 1985 hortamur
250 1917 353 2004 igitur
375 1921 597 1988 sinceritatem
619 1927 774 2003 vestram,
797 1940 854 1988 vos
878 1927 911 1988 et
933 1926 1077 1988 vestrum
1096 1920 1273 2005 quemlibet
1295 1925 1363 1985 stu·

62 2031 190 2099 diosius
212 2040 374 2117 rogantes,
399 2040 559 2117 quatenus
582 2053 640 2118 pro
656 2034 907 2101 conseruacione
922 2034 1108 2100 libertatum
1121 2034 1214 2117 regni
1229 2033 1363 2100 Boemie

59 2151 93 2211 et
116 2153 227 2212 nostre
247 2148 521 2216 considerationis
541 2149 661 2216 intuitu
677 2149 845 2216 ciuitatem
859 2153 1002 2215 nostram
1018 2148 1250 2214 Melnicensem
1265 2147 1362 2213 dictis

60 2259 165 2324 eciam
189 2261 478 2329 consuetudinibus
502 2268 535 2329 at
557 2263 680 2345 graciis
712 2263 855 2329 dotatam
878 2262 1005 2347 injure
1028 2268 1061 2327 et
1078 2261 1214 2346 justicia
1235 2279 1363 2327 conssr-

60 2390 140 2438 uare
162 2374 282 2455 uelitis,
318 2377 492 2443 ceruisiam
514 2376 555 2443 de
578 2396 616 2443 ea
639 2376 837 2444 abducentes
860 2381 893 2442 et
926 2381 1069 2443 ementes
1092 2394 1131 2442 ac
1163 2374 1285 2440 nullam
1307 2372 1363 2439 ad-

59 2486 266 2554 iuuenientes
297 2489 485 2571 nouitatem,
515 2496 611 2573 prout
640 2509 699 2557 nos
722 2490 756 2555 in
779 2490 897 2556 vestris
927 2488 1140 2571 beneplacitis
1170 2488 1288 2554 habere
1310 2506 1364 2554 ve-

58 2600 130 2666 litis
152 2603 330 2683 proniores.
377 2602 583 2670 Contrarium
605 2605 633 2670 si
657 2605 825 2687 premissis
848 2603 985 2686 facietis,
1020 2609 1138 2670 extunc
1161 2600 1364 2668 serenissimi

58 2713 229 2796 principis,
253 2714 376 2782 domini
391 2716 603 2799 Wenczeslai,
626 2718 844 2785 Romanorum
859 2723 891 2783 et
906 2716 1039 2784 Boamie
1054 2716 1152 2800 regis,
1175 2714 1235 2783 filii
1258 2714 1362 2781 nostri

57 2826 246 2909 karissimi,
278 2828 425 2897 subsidio
456 2836 489 2896 et
518 2832 640 2898 auxilio
673 2832 799 2899 ciuitati
830 2838 941 2898 nostre
971 2830 1097 2914 prefate
1131 2830 1173 2896 de
1206 2834 1363 2912 oportuno

57 2940 205 3006 remedio
235 2943 488 3027 prouidebimus,
511 2945 596 3027 quod
620 2946 722 3012 eciam
753 2952 786 3012 et
816 2946 890 3013 aliis
913 2945 1085 3028 proueniat
1115 2943 1361 3025 inexemplum.

58 3054 183 3120 Datum
212 3053 336 3120 Meluik
365 3055 419 3122 die
452 3055 512 3122 XV
541 3058 662 3124 mensis
692 3057 785 3125 Juuii
816 3077 900 3124 suno
941 3058 1062 3125 domini
1094 3063 1153 3123 eto.
1187 3052 1361 3122 Lxxxm.

166 3242 257 3313 Kopia
273 3259 307 3297 za
326 3243 403 3298 XVII
421 3246 516 3301 stolati
533 3262 549 3298 r
567 3246 649 3300 knize
678 3247 813 3318 privilegii
832 3265 866 3300 rn.
885 3247 1010 3302 Melnika
1029 3263 1064 3301 na
1082 3246 1100 3303 l.
1113 3251 1154 3300 60.
1172 3237 1206 3300 aa
1223 3245 1363 3315 napisem:

57 3338 171 3407 „Piipis
190 3338 314 3409 1112de,
332 3324 446 3394 inuste
464 3342 588 3397 cisaiore
606 3359 624 3397 a
641 3325 731 3397 desire
750 3343 892 3413 kraiovny‚
911 3344 964 3414 uby
982 3346 1098 3398 zmtsta
1116 3342 1151 3397 do
1170 3344 1212 3396 vsi
1229 3340 1364 3409 Dedibab,

55 3435 176 3504 Cy'toua,
194 3433 338 3502 Baikoric,
356 3435 466 3506 Podapl,
485 3436 644 3508 Libychora
661 3439 727 3509 pira
744 3439 831 3493 brana
850 3440 937 3510 byla.“

611 3694 628 3731 *
653 3676 717 3759 ds.
741 3694 815 3760 aar.

407 3881 503 3962 1382,
525 3883 548 3950 t
570 3880 662 3953 nait.
686 3885 719 3954 V
741 3883 1023 3970 Budeovictch.

51 4071 146 4138 aaut
168 4071 281 4139 noerae
298 4074 319 4137 Ι
323 4073 352 4135 V
359 4076 471 4156 optant
489 4076 684 4158 estanoraje,
700 4078 733 4140 ric
748 4073 842 4158 kapci
857 4099 879 4141 a
887 4075 1049 4161 fornrnnc',
1066 4073 1148 4141 tter‘i
1161 4077 1247 4142 abati
1259 4097 1362 4157 aeaco,
1445 4140 1447 4144 ,

40 4184 151 4272 jakoi
172 4186 186 4251 ι’
206 4187 242 4270 a,
264 4185 324 4252 lado
347 4186 477 4270 dodptek
498 4190 594 4255 denote
615 4189 655 4253 od
681 4188 835 4264 Tacdova,
859 4190 994 4272 Pr'imdp
1015 4188 1071 4255 neb
1091 4190 1183 4271 Teple'
1204 4188 1246 4255 ec
1263 4191 1365 4256 stare

55 4299 160 4365 aneto
182 4300 223 4365 od
245 4299 366 4383 Prohp,
397 4302 498 4368 Pone
518 4324 539 4368 a
561 4301 748 4384 Nepomuku
771 4301 791 4367 ic
813 4306 905 4368 te'mto
934 4306 1077 4380 mtstatm,
1106 4305 1189 4387 maji
1209 4326 1243 4370 sa
1264 4304 1365 4370 drdeti

46 4414 164 4498 pr'c'mc'
194 4413 313 4489 acinace,
344 4411 434 4481 ictcrci
455 4417 529 4482 cede
551 4414 572 4480 lc
594 4420 695 4482 nre'stu
717 4416 846 4482 Stia‘bra
869 4439 890 4481 a
911 4417 1063 4482 cacddccti
1084 4438 1117 4483 sc
1138 4416 1289 4502 andnamt
1304 4439 1362 4500 po-
1455 4468 1456 4472 ,

51 4527 235 4595 stranntmi
256 4529 395 4593 castanei.
422 4528 584 4596 Odcolcinri
600 4536 694 4611 proto
716 4531 849 4614 anteacto,
865 4528 973 4595 isteron
994 4529 1093 4594 emolit
1111 4535 1208 4612 opatu
1222 4528 1363 4598 meacm

53 4639 316 4716 Ktadmtskthu
347 4643 409 4723 uby
431 4642 584 4728 foranum5
613 4644 808 4711 knrcstedkn
830 4644 905 4726 john
929 4645 1129 4711 In'ladrubcim
1154 4645 1228 4712 take
1240 4646 1363 4729 pediti,
