3098 5392
632 448 707 501 1⁸⁸²·
1261 448 1321 515 751

19 657 233 725 Presencium
262 656 322 722 sub
343 657 434 740 regie
455 663 566 724 nostre
594 659 774 726 maiestatis
798 658 906 742 sigillo
937 659 1123 725 testimonio
1144 659 1322 726 literarum.

20 773 146 838 Datum
158 771 262 855 Prsge
275 789 360 838 auno
376 771 498 838 domini
513 773 684 839 millesimo
696 774 922 840 trecentesimo
938 772 1156 854 octuagesimo
1172 772 1323 854 secundo,

19 885 207 952 indiccione
236 885 360 968 quinta,
398 887 452 953 die
485 886 589 970 prims
624 887 784 970 Octobris,
816 905 989 971 regnorum
1026 891 1209 954 nostrorum
1239 906 1322 954 anno

20 999 158 1067 Boemic
180 998 265 1081 XX0,
288 1000 505 1067 Romanorum
528 1019 603 1068 vero
627 1000 710 1090 Vll⁰.

273 1192 337 1279 [Na
361 1192 479 1278 ohbuz]
502 1193 553 1259 Ad
576 1193 764 1259 mandatum
786 1193 908 1261 domini
931 1193 1028 1277 regis,
1051 1193 1091 1258 H.
1117 1192 1323 1279 camerar[io]

611 1307 781 1389 referente,
804 1307 966 1374 Martinus
990 1306 1190 1374 scolasticus.

126 1464 190 1547 [Na
212 1462 327 1547 rubuz]
351 1464 387 1530 R.
412 1463 553 1531 lacobus
576 1465 616 1530 do
640 1463 791 1531 Cremsir.

130 1652 203 1722 Orig.
216 1669 292 1724 perg.
310 1670 326 1706 v
345 1653 456 1708 archivu
474 1656 564 1709 mesta
581 1653 723 1709 Domailic
740 1654 762 1709 b.
782 1661 797 1707 4
816 1656 902 1716 (sture
921 1654 944 1710 d.
963 1657 998 1721 8).
1016 1654 1100 1709 Psbet
1118 1655 1219 1711 ochoza
1237 1655 1321 1711 Osro-

21 1750 122 1804 boaeui
142 1754 202 1803 toto
221 1748 323 1819 povolil
341 1749 382 1803 kr.
402 1749 504 1805 Vaclav
521 1748 559 1803 IV
578 1749 647 1805 suad
674 1749 835 1805 nisledkem
854 1749 971 1819 iidosti,
995 1751 1096 1806 kterou
1120 1767 1167 1805 mu
1184 1751 1251 1807 obeo
1268 1752 1322 1807 Do·

22 1845 159 1900 matlicka
184 1844 301 1914 pedale,
329 1845 389 1900 dile
414 1844 512 1915 ilrodp,
537 1846 584 1914 jel
611 1845 727 1916 vpddem
754 1846 865 1901 Barord
892 1846 928 1901 do
959 1849 1035 1901 seme
1061 1864 1083 1902 r.
1113 1852 1177 1903 1³72]
1206 1848 1322 1917 utrpela.

24 1942 114 1995 Zneni
133 1940 242 1996 ladosti
261 1943 288 1995 te
308 1957 337 1996 se
356 1944 419 1995 uim
432 1940 581 1996 zachoralo
594 1957 627 1994 ve
640 1941 781 1996 formuliii
794 1943 887 2013 pisale
900 1942 1114 1998 Domailickeho
1127 1943 1201 1997 June
1211 1942 1322 2013 Plimdy

22 2039 135 2107 lrrrkop.
153 2037 275 2092 Praislce
294 2036 420 2108 kapitoly
440 2037 508 2106 sign.
528 2037 554 2090 J.
572 2036 622 2090 XL
641 2054 678 2092 na
696 2037 763 2092 listu
782 2043 809 2106 s)
830 2054 847 2094 a
865 2041 909 2092 ani
927 2039 1019 2093 takto:
1047 2038 1229 2094 serenissime
1248 2039 1321 2110 prin-

22 2151 90 2203 ceps
110 2139 137 2187 et
156 2132 267 2188 domine
286 2141 383 2188 noster
400 2133 617 2204 graciosissime!
637 2134 737 2188 Vestre
758 2134 921 2189 Celsitudini
942 2135 1172 2204 quomadmodum
1186 2134 1263 2205 prius
1282 2135 1322 2190 sic

22 2238 50 2284 ct
69 2246 143 2284 nunc
162 2228 309 2298 significari
327 2230 452 2299 cupimus
472 2246 522 2299 per
539 2236 696 2299 presentes,
716 2229 789 2299 quod
809 2237 962 2301 atempore
974 2231 1030 2299 illo,
1050 2248 1104 2300 qno
1117 2231 1216 2286 duitas
1228 2237 1322 2285 vestra

22 2325 183 2395 subscripta
201 2341 218 2381 a
237 2324 368 2380 suburbio
387 2341 438 2379 suo
457 2325 632 2381 circumcirca
648 2340 699 2396 per
716 2342 815 2381 manus
834 2327 950 2382 hostiles
968 2327 1139 2382 Bauarorum
1159 2333 1258 2383 exusta
1270 2333 1321 2393 est,

22 2422 160 2491 usquein
179 2437 295 2492 presens
314 2429 423 2490 tempus
442 2420 508 2474 illud
528 2419 676 2490 dampnum
695 2437 862 2492 recuperare
880 2439 935 2477 uon
956 2423 1087 2488 valemus,
1106 2430 1134 2477 et
1147 2423 1180 2478 ab
1192 2423 1240 2477 illo
1254 2429 1321 2477 tem·

22 2533 91 2589 pore
110 2516 288 2572 serenissimo
307 2516 425 2587 genitori
444 2521 535 2570 restro
554 2516 642 2571 felicis
661 2517 791 2571 memorie
810 2525 837 2571 et
857 2519 942 2573 eciam
961 2519 1062 2573 Vestro
1076 2518 1239 2573 Celsitudini
1258 2536 1321 2575 con-

19 2614 191 2668 tribuciones
209 2611 301 2668 dando
320 2621 347 2668 ct
365 2611 600 2668 subministrando
619 2611 834 2668 indebitauimus
861 2630 911 2669 nos
937 2620 965 2669 ct
988 2614 1127 2670 ciuitatem
1154 2620 1274 2671 vestram
1293 2615 1321 2670 in

20 2716 162 2764 trecentas
180 2725 334 2779 sexagenas
352 2724 520 2778 grossorum,
538 2724 591 2778 qrrc
610 2708 795 2777 receperimus
821 2709 849 2763 in
869 2717 896 2763 et
920 2725 1006 2779 snper
1023 2709 1171 2779 dampnum
1196 2717 1320 2765 nostrum

19 2807 96 2861 inter
114 2806 288 2861 Christianos
306 2813 334 2860 et
346 2805 461 2861 Judeos.
478 2806 547 2860 Item
567 2811 690 2875 tempore
706 2805 754 2859 illo
773 2803 945 2860 vendidimus
964 2804 999 2860 ad
1017 2806 1087 2861 vitas
1107 2805 1224 2861 XXXVI
1241 2822 1320 2861 sexa·

20 2919 108 2972 genas
127 2920 166 2972 gr.
184 2917 285 2957 census
311 2903 404 2968 annisi,
431 2918 501 2971 quas
520 2901 635 2971 singulis
663 2902 743 2957 annis
762 2918 823 2956 cum
851 2919 951 2971 magna
977 2902 1128 2958 dificultate
1154 2902 1188 2957 de
1212 2919 1322 2957 camera

20 2999 146 3052 ciuitatis
165 2998 275 3053 soluere
293 3014 344 3054 nos
364 3005 481 3068 oportet.
502 3000 579 3066 item,
598 3000 663 3068 quia
687 2998 785 3054 ciuitas
804 2998 855 3052 hec
874 2999 953 3053 sedet
971 2999 999 3052 iu
1019 3016 1066 3052 oro
1084 2999 1254 3053 inimicorum
1274 3016 1320 3053 ex·

23 3102 194 3159 trancosum,
213 3109 294 3163 qnam
313 3094 423 3148 obrem
443 3101 553 3164 oportet
571 3111 622 3148 nos
642 3094 756 3162 singidis
775 3095 855 3147 aunis
875 3094 986 3162 vigilare
1001 3094 1135 3161 strigiles
1148 3094 1175 3146 in
1190 3094 1320 3160 tratribus,

19 3191 50 3243 in
71 3188 156 3244 muris
176 3190 247 3244 etin
267 3190 372 3243 fossato
392 3189 492 3243 circum
519 3189 660 3243 ciuitatem
686 3197 713 3243 et
731 3189 879 3259 aliquando
900 3190 984 3243 eciam
1006 3189 1034 3242 iu
1057 3205 1169 3243 nemore
1190 3188 1320 3244 custodes

19 3284 135 3351 habere,
153 3291 181 3338 et
199 3285 325 3340 diuersas
343 3285 484 3341 custodias
504 3287 661 3353 obseruare,
680 3286 884 3356 propterquod
906 3302 1031 3354 magnam
1050 3301 1182 3339 summam
1202 3286 1319 3355 pecunie

17 3390 47 3436 ct
65 3382 208 3451 impensas
227 3398 278 3436 nos
298 3397 437 3452 exponere
456 3386 484 3435 et
507 3382 597 3436 lacere
622 3387 732 3451 oportet
755 3381 871 3450 singulis
896 3381 984 3436 annis.
1014 3382 1101 3449 eram
1122 3381 1156 3436 ob
1181 3398 1239 3435 rem
1258 3382 1318 3435 vni·

19 3478 144 3532 nersitas
162 3477 313 3531 incolarum
331 3476 451 3532 ciuitatis
470 3483 562 3531 vestre
581 3478 608 3530 in
626 3479 721 3545 Tusta,
739 3478 808 3533 alias
828 3477 856 3531 in
875 3477 1054 3543 Domazslicz‚
1079 3484 1233 3532 vestrorum
1252 3477 1317 3531 lide·

19 3575 88 3629 lium
108 3580 257 3641 oratorum,
283 3573 423 3644 supplicat
441 3572 604 3627 celsitudini
623 3572 721 3628 Vestro
746 3573 886 3628 humiliter
904 3580 932 3627 et
957 3574 1067 3640 obnixe,
1092 3579 1229 3643 qrratenus
1248 3573 1318 3644 ipsis

18 3670 55 3724 ad
75 3669 213 3738 premissa
227 3668 371 3724 consulere
390 3677 417 3723 et
434 3669 554 3737 graciam
572 3669 718 3738 aliqualem
731 3668 821 3722 iacere
833 3675 861 3722 et
875 3669 1004 3725 exhibere
1017 3669 1167 3738 dignemini
1181 3668 1317 3737 graciose,

17 3765 96 3836 qrrod
116 3781 148 3819 eo
167 3764 274 3819 lucilius
299 3764 409 3833 pondus
434 3764 561 3834 premissi
584 3764 671 3819 debiti
699 3776 815 3834 possent
842 3765 980 3820 sustinere
1007 3773 1035 3818 et
1052 3764 1143 3835 ipsum
1162 3763 1319 3833 aliqualiter

17 3861 154 3918 alleuiare
174 3866 201 3914 et
218 3876 251 3915 eo
269 3860 427 3915 feruencius
446 3859 532 3915 Deum
552 3861 768 3930 omnipotentem
785 3867 811 3915 ct
824 3861 931 3916 beatam
954 3860 1092 3929 Virginem
1111 3876 1171 3913 cum
1191 3859 1317 3914 omnibus

18 3957 127 4014 sanctis
146 3973 196 4027 pro
215 3957 315 4011 vestris
334 3957 478 4026 prosperis
497 3958 672 4012 successibus
693 3963 720 4011 et
733 3957 852 4013 sanitate
871 3955 1320 4025 longeuaexorare“.Rolru1396

17 4052 167 4110 osvobodil
185 4051 249 4106 kral
268 4051 370 4106 Vaclav
391 4050 428 4105 1v
447 4055 512 4123 opit
534 4052 708 4109 Domailickb
734 4071 769 4109 ua
794 4054 828 4107 tii
853 4052 910 4106 leta
934 4050 968 4105 od
988 4051 1097 4120 placeni
1121 4048 1321 4117 bern13ar¹ialr

16 4153 104 4205 listem
123 4151 150 4202 d.
169 4169 185 4201 o
207 4148 370 4202 Norimbercc
398 4152 432 4201 18
449 4149 521 4215 ilp'ne
548 4152 616 4199 1397
635 4146 761 4216 syrnihal
788 4164 825 4201 na
843 4145 1064 4216 Domailickich,
1090 4147 1143 4216 aby
1168 4147 1234 4216 pies
1261 4152 1320 4201 toto

16 4245 190 4303 osrobozenl
216 4243 339 4313 zaplatili
361 4242 448 4313 jedna
476 4259 584 4298 summu
607 4243 692 4297 berni
716 4242 751 4296 do
771 4242 886 4313 lromory
904 4241 1054 4297 kralovslre
1074 4244 1221 4311 (quatenus
1240 4258 1320 4296 snam

15 4358 154 4399 summam
174 4340 260 4394 berne
278 4340 311 4394 ad
336 4355 471 4395 cameram
490 4347 612 4394 nostram
631 4340 752 4409 regalem
766 4338 794 4393 in
813 4339 892 4394 festis
911 4339 1000 4394 sancti
1014 4338 1127 4393 Martini
1147 4345 1174 4392 et
1192 4336 1319 4408 purifica·

15 4438 105 4495 tionis
125 4438 205 4492 beate
224 4436 312 4491 Maris
330 4435 456 4506 proxime
474 4435 598 4489 venturis
621 4435 782 4504 persoluere
800 4432 888 4487 modis
908 4433 1034 4488 omnibus
1053 4432 1199 4501 debeatis.
1218 4464 1250 4473 -
1268 4434 1319 4489 Pa·

13 4536 110 4605 lacky,
128 4533 342 4589 Formelbdcher
359 4531 386 4586 Il
405 4537 452 4586 str.
473 4537 522 4584 140
541 4546 558 4584 a
579 4536 634 4583 llo.
