3098 5392
199 427 245 492 40
824 423 900 475 rasa

306 609 397 697 (leski
424 625 539 695 pielrlad
566 625 658 682 zXV.
678 627 739 682 stol
766 644 783 681 r
806 628 904 698 rnlrop
933 610 1059 683 &ealredo
1086 643 1183 684 musea
1209 626 1278 698 sign
1297 632 1333 683 24
1357 630 1391 683 G.
1416 634 1449 684 ta
1469 645 1507 684 ne

202 727 220 780 l.
240 731 273 780 69
291 745 317 777 α.

781 917 846 1000 ds.
871 936 921 1001 12.

559 1104 658 1184 1282,
681 1104 726 1173 10
748 1105 899 1177 cervus.
921 1106 954 1175 U
976 1104 1145 1192 Budpne.

202 1280 287 1346 rra
309 1280 454 1362 rampo
478 1277 601 1344 osaea
622 1279 663 1343 ιι
678 1282 789 1360 qaas
815 1280 993 1363 ossanna
1015 1278 1171 1361 scacos
1192 1300 1238 1346 aa
1264 1279 1340 1346 aaa
1362 1302 1410 1347 a.
1433 1264 1497 1348 aaa

200 1392 293 1475 pono
313 1413 337 1457 a
366 1391 535 1457 Litomdr'ic
555 1413 600 1456 so
630 1392 718 1457 sedm
749 1392 792 1457 let
822 1391 862 1456 od
889 1393 1023 1474 placent
1049 1391 1139 1458 ocal
1160 1392 1214 1468 ccl,
1248 1392 1341 1458 tems
1360 1414 1383 1459 a
1404 1392 1498 1459 docet

205 1506 406 1588 opotorsuje
419 1505 483 1588 ja'm
505 1503 617 1570 drlena'
645 1504 751 1569 cessio
772 1504 952 1581 Hmdocon,
982 1504 1098 1585 Vrutic,
1122 1505 1274 1572 &olenio
1296 1527 1318 1571 a
1342 1505 1441 1589 Polep
1469 1527 1499 1572 se

673 1616 755 1682 vitm
770 1618 1039 1700 pr'tsbedenstvim.

309 1788 582 1873 NosPrzemisP),
606 1791 661 1872 qui
684 1796 717 1855 et
740 1791 917 1856 Ottalrarus
933 1791 984 1856 dei
1008 1792 1118 1873 gracia
1139 1792 1334 1859 Boemorum
1355 1811 1423 1873 rer,
1439 1793 1499 1857 dur

208 1906 341 1969 Austris
363 1909 396 1968 et
428 1903 527 1996 Stiria
550 1908 583 1967 et
611 1904 754 1968 marchio
777 1904 935 1969 Morauie.
965 1904 1135 1969 Vniuersis
1167 1905 1251 1971 hanc
1280 1906 1435 1987 paginam
1455 1906 1502 1969 in-

207 2018 366 2098 specturis
389 2017 536 2081 salutem.
560 2016 650 2080 Tunc
672 2015 782 2080 debita
804 2015 864 2081 sub
887 2015 1086 2081 discrecione
1101 2018 1281 2082 consulitur
1302 2016 1501 2098 profectibus

207 2130 417 2207 subditorum,
441 2147 514 2193 cum
534 2147 599 2195 non
621 2128 725 2194 solum
746 2129 901 2210 ipsorum,
924 2148 1036 2194 verum
1058 2125 1188 2212 eciam’)
1211 2130 1300 2194 illius
1322 2130 1504 2195 intenditur

207 2241 496 2320 commoditatibus,
526 2241 581 2322 qni
612 2241 653 2305 ad
683 2238 872 2323 subiectosb
903 2242 1084 2323 respiciunt
1112 2243 1267 2324 graciose.
1300 2241 1372 2307 Hac
1403 2244 1505 2325 igitur

208 2354 469 2420 consideracione
481 2353 637 2433 inspectis
653 2353 789 2434 prouida
811 2359 877 2418 tam
899 2355 1021 2419 nostris
1036 2372 1132 2437 quam
1154 2359 1337 2420 nostrorum
1358 2353 1505 2420 fidelium

208 2468 248 2532 dc
270 2464 544 2548 Lithomierzicz⁴)
569 2466 690 2530 ciuium
712 2484 835 2531 necnon
857 2467 994 2531 aliorum
1009 2467 1233 2548 quorumlibet,
1256 2467 1313 2550 qui
1335 2467 1379 2531 ad
1394 2474 1505 2534 nostra

208 2581 363 2662 obsequia
384 2598 420 2644 se
449 2580 654 2644 contulerunt
686 2577 905 2661 undecunque,
936 2579 1216 2645 commoditatibus
1248 2580 1445 2658 ethonore,
1476 2586 1507 2645 et

210 2693 337 2758 ciuibus
358 2693 543 2757 memoratis
565 2695 599 2757 et
619 2693 695 2759 aliis
717 2692 797 2756 viris
819 2690 969 2757 fidelibus
984 2692 1238 2774 quibuscunque,
1262 2693 1317 2774 qui
1338 2693 1376 2757 in
1397 2699 1508 2758 monte

210 2806 314 2871 sancti
336 2804 491 2886 Stephani
512 2810 592 2886 aput
620 2801 894 2886 Lithomierzicz⁶)
925 2809 1072 2870 nostrum
1093 2805 1135 2869 ad
1164 2805 1317 2871 honorem
1347 2810 1383 2870 et
1412 2823 1519 2871 suum

209 2919 332 2999 pariter
353 2917 395 2982 ad
409 2916 588 2998 protectum
603 2916 754 2981 decentes
776 2917 819 2981 ad
840 2916 1034 2982 manendum
1056 2917 1178 2982 ibidem
1192 2917 1255 2982 sibi
1277 2922 1526 2984 exstruxerunt,

209 3031 403 3110 mansiones,
427 3031 583 3096 donamus
606 3029 648 3094 ad
670 3033 794 3111 septem
816 3047 917 3095 annos
941 3029 1156 3095 omnimodam
1177 3029 1370 3110 libertatem,
1395 3031 1513 3095 eadem

212 3145 358 3226 singulos
379 3148 545 3209 manentes
569 3143 689 3208 ibidem
712 3143 760 3207 sic
782 3142 923 3224 gaudere
945 3143 1098 3222 volentes,
1122 3147 1157 3207 vt
1178 3142 1218 3206 ab
1237 3142 1324 3208 omni
1346 3143 1509 3223 theloneo,

210 3263 308 3337 muta,
332 3234 567 3336 exaccionibus,
592 3254 820 3319 veracioribus
855 3272 913 3319 seu
936 3255 1079 3320 collectis
1101 3260 1135 3319 et
1156 3256 1230 3321 aliis
1260 3255 1502 3338 quibuscunque

211 3369 382 3452 generibus
404 3367 552 3433 molestie
574 3367 641 3432 sint
655 3366 748 3431 liberi
772 3371 805 3431 et
820 3367 968 3447 exempti.
991 3367 1036 3431 Et
1056 3373 1094 3431 ut
1107 3367 1341 3449 promtitudine
1357 3370 1498 3449 ampliori

211 3483 331 3564 singuli
364 3480 406 3545 ad
438 3481 544 3545 locum
577 3498 613 3544 se
645 3478 841 3544 transierant
882 3476 1143 3560 supradictum),
1176 3480 1271 3544 villas
1306 3479 1497 3562 acassam,

211 3595 358 3673 Brutacz,
382 3589 648 3672 Swarmierziczb
680 3596 713 3656 et
735 3591 832 3672 Polep
864 3610 938 3656 cum
959 3593 1057 3674 agris,
1080 3591 1184 3672 siluis,
1214 3589 1357 3673 pascuis,
1386 3594 1499 3659 molen·

212 3707 308 3784 dinis,
332 3707 446 3785 vineis,
470 3706 560 3784 ortis,
583 3705 696 3786 pratis,
720 3704 856 3785 quesitis
879 3707 913 3767 et
934 3722 998 3769 non
1020 3704 1167 3786 quesitis,
1191 3709 1224 3769 et
1244 3704 1320 3769 aliis
1342 3706 1500 3787 pertinen·

213 3821 272 3884 ciis
296 3820 457 3883 uniuersis
480 3818 645 3897 donamus,
668 3821 704 3881 ut
718 3816 951 3898 recipientibus
974 3835 1010 3881 se
1030 3816 1152 3882 ibidem
1164 3817 1256 3882 iuxta
1272 3817 1501 3884 discrecionem

212 3939 246 3997 et
267 3931 506 3998 ordinacionem
532 3936 715 3996 nostrorum
743 3929 887 3994 fidelium
920 3926 1089 4010 Lircoldi⁹)
1116 3929 1249 4011 judicis,
1272 3928 1433 3995 Jolrannis
1466 3931 1503 3996 dc

212 4041 548 4129 dipensationis
571 4043 611 4107 de
622 4040 853 4124 Vridberchu),
877 4043 933 4124 qui
948 4042 1017 4106 Rex
1039 4042 1167 4121 dicitur,
1191 4038 1381 4123 inspecta²¹)
1398 4047 1502 4110 tamen

212 4175 422 4239 personarum
443 4155 579 4237 prouide
601 4156 767 4237 qualitate,
791 4155 909 4219 dentur
931 4153 990 4219 sub
1014 4154 1247 4219 distribucione
1269 4173 1414 4236 congma
1435 4174 1504 4239 pro

213 4270 360 4351 prietatis
383 4269 512 4334 nomine
533 4273 688 4351 perpetue
709 4267 912 4348 possidendo.
947 4267 991 4331 Vt
1012 4271 1120 4331 autem
1142 4267 1301 4348 premissa
1321 4269 1435 4334 omnia
1454 4270 1505 4335 de

211 4383 281 4447 bita
303 4382 464 4463 gaudeant
484 4381 637 4446 firmitate
665 4399 723 4445 nec
754 4380 936 4462 calumpnia
958 4381 1062 4445 locum
1092 4377 1278 4462 obtineatu)
1309 4381 1344 4445 in
1374 4381 1506 4463 eisdem,

214 4514 286 4559 cum
317 4494 557 4575 subscripcione
585 4495 718 4558 testium
751 4497 917 4575 presentes
947 4493 1106 4558 conscribi
1140 4497 1173 4558 et
1205 4494 1344 4576 sigillari
1374 4495 1507 4561 manda·

213 4604 363 4687 uimus¹⁴l
388 4607 421 4670 in
445 4606 578 4670 euidens
602 4606 820 4670 testimonium
843 4603 1106 4687 etmunimen15).
1130 4606 1243 4671 Testes
1259 4612 1335 4672 sunt
1356 4606 1510 4677 dominns
