3098 5392
676 405 751 456 uro.
1280 405 1362 473 1121

64 606 167 673 clesie
188 611 281 689 parte
310 607 350 673 ab
372 608 475 674 altera
498 611 804 691 compromiserunt3
835 610 876 675 de
899 629 962 692 quo
984 610 1199 677 instrumento
1222 631 1366 694 compro-

61 719 158 785 missi
181 739 278 785 manu
301 720 429 788 Nicolai
452 723 613 803 quondam
635 723 781 790 Diuissii
805 724 846 789 de
868 722 1082 805 Prachouicn,
1114 724 1224 790 clerici
1244 716 1375 792 Lutho?

61 834 232 900 mislensis
254 833 405 915 diocesis,
422 834 543 916 publici
571 836 732 918 imperiali
754 837 950 903 auctoritate
973 836 1101 910 notarii,
1124 836 1265 920 desuper
1288 858 1360 905 con·

60 944 143 1012 secti
165 946 265 1014 latius
289 948 487 1028 continetur3
512 949 554 1014 ad
577 950 751 1015 instantem
775 950 968 1031 peticionem
995 949 1198 1015 dominorum
1222 951 1363 1018 Counadi

62 1061 98 1124 in
121 1060 254 1143 Malyna
284 1066 317 1126 et
338 1061 499 1128 Leonardi
532 1062 565 1126 in
588 1062 754 1146 Pnyewica
786 1062 995 1128 ecclesiarum
1017 1061 1226 1143 plebanorum
1257 1083 1365 1131 coram

60 1171 157 1237 nobis
181 1174 430 1240 constitutorum
454 1174 489 1238 in
511 1173 564 1239 dei
588 1175 717 1241 nomine
739 1179 773 1239 et
792 1176 826 1239 in
841 1174 906 1240 hiis
932 1174 1064 1256 scriptis
1084 1178 1362 1259 pronuncciamus,

62 1284 270 1352 decernimus
293 1292 326 1350 et
348 1286 551 1353 declaramus
573 1305 632 1368 per
654 1287 762 1353 omnia
785 1288 818 1352 in
834 1288 895 1353 hec
910 1286 1025 1352 uerba:
1049 1287 1086 1352 In
1103 1288 1217 1369 primis
1233 1290 1362 1371 quidem

62 1399 348 1480 pronuncciamus,
370 1399 456 1482 quod
480 1399 585 1465 omnis
608 1401 779 1480 utriusque
794 1419 891 1477 sexus
906 1400 1012 1466 fidelis
1029 1401 1069 1466 de
1084 1400 1177 1483 plebe
1194 1403 1363 1483 parrochie

60 1511 97 1576 in
113 1508 254 1593 Malyna,
269 1512 352 1578 alias
372 1512 405 1577 in
422 1512 588 1579 Montibus
605 1512 753 1594 Cuthnis,
776 1519 948 1596 postquam
970 1513 1012 1578 ad
1033 1532 1136 1579 annos
1150 1513 1362 1580 discrecionis

60 1625 257 1706 peruenerit,
289 1625 396 1691 omnia
427 1645 486 1692 sua
516 1627 605 1692 solus
636 1632 769 1708 peccata
796 1628 903 1693 saltim
928 1628 1026 1693 semel
1058 1628 1091 1691 in
1115 1645 1200 1692 auno
1222 1626 1362 1693 fideliter

62 1735 256 1803 confiteatur
278 1739 408 1821 proprio
424 1759 483 1805 suo
507 1739 667 1806 sacerdoti
690 1741 724 1805 in
747 1758 806 1805 sua
829 1741 1008 1822 parrochia,
1031 1739 1158 1807 scilicet
1179 1741 1361 1823 Malynensi

62 1851 116 1916 nel
139 1850 173 1915 in
197 1850 362 1917 Montibus
379 1852 527 1933 Cuthnis,
550 1853 791 1935 iniunctamque
815 1853 877 1919 sibi
900 1854 1118 1935 penitenciam
1139 1854 1217 1919 totis
1237 1854 1360 1920 viribus

58 1964 202 2047 propriis
221 1964 351 2030 studeat
373 1966 561 2049 adimplere,
585 1967 768 2048 suscipiens
791 1972 979 2032 reuerenter
1008 1967 1049 2031 ad
1072 1966 1180 2032 minus
1204 1967 1303 2032 semel
1326 1969 1358 2032 in

58 2096 147 2143 anno
177 2077 297 2145 ibidem
327 2079 505 2145 eukaristie
535 2084 770 2145 recrementum
802 2077 983 2160 offeratque
1018 2078 1137 2144 debitis
1161 2079 1359 2160 temporibus

56 2190 94 2255 in
127 2208 187 2255 sua
216 2192 387 2272 parrochia
416 2197 451 2257 et
479 2197 587 2258 cetera
613 2192 689 2274 jura
718 2190 817 2257 faciat
840 2192 930 2257 iuxta
951 2192 1067 2256 bonam
1094 2196 1127 2256 et
1149 2192 1357 2274 approbatam

58 2304 338 2385 consuetudinem,
371 2304 472 2370 veluti
503 2304 585 2371 iuris
613 2303 691 2371 ordo
714 2305 859 2386 requirit
905 2305 987 2368 Item
1011 2304 1154 2370 uniuersi
1177 2305 1357 2388 presbyteri

56 2435 144 2483 noue
173 2418 311 2484 ecclesie
341 2436 378 2483 ac
401 2417 521 2501 singuli
552 2437 614 2482 uon
644 2417 764 2482 debent
787 2419 909 2482 intrare
931 2422 1055 2482 montes
1087 2417 1158 2483 siue
1180 2423 1283 2483 metas
1306 2437 1357 2484 ec-

56 2529 161 2595 clesie
184 2530 399 2611 parrochialis
422 2531 456 2596 in
478 2531 610 2614 Malyna
634 2532 705 2596 siue
728 2533 761 2596 in
785 2531 950 2597 Montibus
975 2530 1215 2596 Cuthnensibus
1242 2549 1281 2598 ac
1304 2552 1356 2598 ca-

55 2644 217 2726 pellarum
241 2645 385 2710 eiusdem
408 2645 450 2709 ad
466 2644 665 2710 visitandum
684 2642 829 2711 infirmos
844 2664 901 2710 seu
917 2645 1145 2711 decumbentes
1162 2664 1234 2710 cum
1250 2663 1356 2711 sacra-

54 2757 191 2836 mentis,
216 2762 253 2821 ut
274 2758 356 2840 ipsis
380 2759 437 2825 illa
452 2759 629 2841 porrigant,
651 2757 774 2840 absque
790 2758 923 2840 speciali
939 2759 1077 2825 licencia
1090 2757 1220 2840 plebani
1235 2758 1356 2824 ibidem

54 2871 90 2936 in
115 2869 280 2937 Montibus
311 2869 448 2937 Guthnis
478 2876 535 2937 aut
564 2872 635 2938 sine
666 2872 798 2954 speciali
830 2877 863 2936 et
884 2888 1037 2953 expressa
1059 2872 1196 2938 licencia
1216 2871 1354 2952 Morum,
1472 2888 1475 2893 ’

53 2984 114 3067 qui
147 2985 372 3050 auctoritatem
405 2984 584 3066 plenariam
618 2984 737 3050 habent
766 2984 950 3050 huiusmodi
986 2983 1228 3066 indulgendum.
1273 2985 1353 3050 Item

51 3115 151 3162 nemo
181 3097 221 3162 de
244 3098 338 3179 plebe
359 3097 572 3179 parrochialis
596 3097 732 3163 ecclesie
761 3097 795 3161 in
819 3096 941 3161 Malina
969 3115 1026 3161 seu
1050 3097 1178 3178 plebani
1204 3098 1238 3161 in
1262 3098 1354 3163 Mon-

50 3209 143 3276 tibus
162 3209 299 3276 Outhnis
322 3211 455 3294 sepeliri
478 3209 573 3276 debet
594 3216 673 3291 aput
695 3227 812 3274 nouam
835 3209 1005 3275 ecclesiam
1028 3212 1134 3277 autin
1151 3213 1353 3293 eademnisi

50 3325 184 3390 notorie
206 3329 239 3389 et
259 3323 432 3390 manifeste
454 3324 575 3390 ibidem
598 3324 722 3404 eligens
746 3323 954 3403 sepulturam.
991 3324 1071 3389 Item
1096 3325 1278 3408 quicunque
1300 3328 1352 3392 uel

50 3455 248 3520 quecunque
277 3437 458 3518 manifeste,
489 3443 526 3503 ut
556 3437 743 3518 predicitur,
775 3435 974 3518 sepulturam
1004 3436 1090 3518 apud
1112 3455 1230 3502 nouam
1253 3441 1352 3506 eccle-

50 3552 139 3618 siam
161 3551 306 3634 elegerit,
336 3568 461 3617 necnon
492 3568 601 3615 eorum
631 3548 693 3615 filii
716 3555 748 3613 et
770 3548 846 3629 filie,
877 3548 1051 3630 inpuberes
1083 3550 1135 3615 uel
1165 3550 1270 3616 adhuc
1293 3552 1351 3617 sub

49 3663 227 3747 utriusque
249 3669 419 3747 parentum
443 3663 495 3728 uel
510 3662 645 3727 alterius
668 3680 778 3727 eorum
798 3680 876 3728 cura
891 3663 1077 3743 existentes,
1093 3663 1196 3729 eciam
1212 3664 1352 3730 nondum

49 3778 260 3860 emancipati,
283 3781 392 3859 potest
413 3795 451 3842 ac
467 3782 604 3859 possunt
624 3775 711 3857 apud
734 3775 868 3841 eandem
890 3795 1009 3843 nouam
1024 3777 1192 3842 ecclesiam
1209 3777 1351 3858 sepeliri,

48 3896 192 3974 possunt
225 3909 353 3972 quoqne
386 3908 497 3957 omnes
527 3890 609 3955 tales
641 3890 693 3955 uel
723 3888 860 3971 quilibet
889 3907 1000 3954 eornm
1028 3894 1256 3970 postmortem
1278 3910 1350 3955 curn

47 4002 316 4087 presbyterorum
339 4008 372 4068 et
395 4002 567 4069 scolarium
597 4003 638 4068 de
660 4020 745 4067 noua
767 4001 906 4068 ecclesia
928 4002 1136 4083 processione
1159 4022 1230 4068 cum
1254 4008 1350 4069 cantu

49 4117 103 4184 vel
127 4115 200 4182 sine
223 4122 320 4183 cantu
338 4116 426 4184 foras
450 4115 594 4196 conduci,
619 4116 666 4181 sic
688 4120 806 4195 tamen,
836 4115 921 4198 quod
944 4115 1100 4197 plebanus
1127 4115 1161 4179 in
1184 4115 1349 4180 Montibus

46 4232 83 4297 in
108 4230 180 4296 suis
203 4231 367 4298 consuetis
385 4230 514 4314 juribus
537 4250 600 4295 non
623 4228 800 4309 fraudetur,
832 4228 889 4294 sed
912 4230 1024 4310 pocius
1048 4228 1224 4295 secundum
1252 4230 1350 4295 hone

47 4350 137 4411 stam
165 4344 432 4412 consuetudinem
463 4349 625 4410 seruatam
656 4342 811 4408 hacteuus
838 4342 893 4425 jus
924 4359 1019 4407 suum
1043 4342 1105 4408 sibi
1129 4347 1278 4408 seruetur
1300 4341 1349 4407 in-

45 4464 180 4542 tegrum
203 4462 236 4536 et
258 4457 396 4525 illesum.
420 4457 501 4525 Item
525 4457 553 4523 si
578 4456 650 4537 quis
674 4474 731 4537 pro
754 4454 961 4521 conducendo
983 4454 1096 4521 funere
1117 4457 1227 4537 aliquo
1250 4455 1350 4521 uellet

43 4571 171 4641 habero
199 4570 405 4657 presbyteros
435 4576 468 4638 ct
497 4572 636 4638 scolares
668 4569 836 4653 utriusque
853 4570 1002 4650 ecclesie,
1026 4569 1144 4637 veteris
1167 4569 1293 4638 scilicet
1315 4573 1348 4637 et

1158 4704 1190 4753 τι
