3098 5392
681 458 757 508 ¹407·
1281 454 1362 521 1085

63 671 157 732 satur
190 665 351 748 superius,
385 683 510 731 exnunc
541 666 672 735 inantea
704 669 892 746 perpetuam
922 663 1061 728 obtineri
1092 662 1209 728 debere
1235 662 1361 730 roboris

62 778 259 844 firmitatem.
294 779 339 843 Et
361 779 509 859 quamuis
533 778 711 861 supradicti
734 755 860 858 arbitri,
884 777 1094 842 arbitratorcs
1121 780 1154 840 et
1177 776 1362 842 amicabiles

64 892 299 973 compositores
334 891 374 957 de
405 892 553 974 dampnis
588 892 673 957 inter
703 891 866 974 predictas
897 895 1005 972 partes
1038 888 1191 954 hincinde
1219 895 1363 973 tempore

60 1006 279 1071 dissensionis
303 1024 412 1070 earum
439 1006 613 1071 contractis
638 1005 700 1075 sibi
723 1008 915 1087 potestatem
940 1003 1204 1085 pronuncciandi,
1234 1009 1269 1068 vt
1291 1022 1362 1085 pre-

60 1117 227 1197 scribitur,
259 1117 468 1197 moeruerint,
503 1121 610 1184 tameu
642 1117 769 1183 demum
799 1136 837 1182 ex
868 1116 996 1182 decreto
1024 1114 1282 1181 consiliariorum
1306 1134 1362 1181 no-

60 1236 205 1296 strornm
238 1229 378 1312 dampna
408 1229 590 1296 huiusmodi
623 1231 709 1296 inter
732 1231 821 1312 ipsas
845 1235 953 1311 partes
985 1227 1275 1310 pronuncciacione
1298 1227 1363 1293 suf-

58 1342 187 1408 ficienti
218 1349 294 1408 sunt
324 1342 364 1407 ad
396 1343 535 1408 invicem
567 1343 675 1409 debite
706 1347 921 1425 compensata,
957 1343 1004 1407 sic
1031 1341 1116 1422 quod
1140 1360 1215 1423 pars
1239 1348 1363 1424 partem

61 1475 126 1539 pro
150 1455 299 1537 dampnis
322 1455 508 1522 huiusmodi
532 1458 631 1523 nullis
664 1458 793 1522 inantea
815 1455 1014 1538 temporibus
1037 1459 1166 1520 moneat
1189 1455 1363 1536 quomodo·

58 1569 148 1635 libet
181 1547 238 1633 seu
272 1568 403 1634 infestet
433 1568 492 1634 sub
523 1586 606 1650 pena
637 1570 670 1634 in
695 1569 839 1651 predicta
867 1569 1168 1650 pronuncciacionis
1192 1567 1286 1632 litera
1309 1586 1362 1631 ex-

60 1687 222 1766 pressata.
248 1679 440 1747 blandamus
464 1684 564 1765 igitur
587 1683 824 1748 subcamerario
848 1683 938 1764 regui
955 1683 1058 1747 nostri
1082 1681 1216 1746 Boemie
1239 1700 1363 1745 necnon

56 1794 281 1876 burggrauiis,
312 1794 490 1875 capitaneis
515 1802 547 1860 ct
569 1794 761 1862 officialibus
785 1796 917 1875 nostris,
944 1795 999 1877 qui
1024 1814 1107 1859 nunc
1131 1801 1207 1859 suut
1231 1796 1280 1859 uel
1305 1813 1363 1876 pro

59 1916 212 1989 tempore
233 1908 364 1988 fuerint,
388 1908 524 1974 firmiter
546 1916 578 1974 et
601 1909 759 1989 districtc,
784 1915 944 1991 quatenus
967 1908 1109 1990 prefatos
1129 1909 1219 1973 ciues
1235 1914 1362 1972 nostros

56 2028 179 2089 eontra
202 2020 379 2102 predictam
403 2021 702 2101 pronuncciaoionie
726 2022 853 2087 literam
876 2029 909 2086 et
931 2021 1085 2086 articulos
1109 2021 1141 2084 in
1159 2019 1272 2085 eadem
1288 2039 1364 2085 con·

61 2140 176 2199 tentos
207 2152 409 2214 nequaquam
441 2134 620 2215 impediant
651 2153 707 2199 seu
731 2153 789 2216 per
811 2135 993 2217 quempiam
1018 2133 1168 2215 impediri
1190 2133 1363 2215 quomodo·

60 2248 147 2314 libet
170 2247 348 2329 paciantur,
380 2247 572 2328 quiupocius
595 2248 636 2311 ad
660 2247 908 2327 requisicioncm
943 2248 1086 2327 ipsorum
1120 2248 1206 2312 circa
1229 2245 1363 2312 eandem

61 2366 299 2427 manuteneant
332 2366 443 2424 nostro
474 2360 601 2425 nornine
630 2366 662 2424 et
692 2359 869 2424 efficaciter
899 2365 1060 2439 tueantur,
1095 2366 1190 2441 prout
1217 2359 1363 2441 indigna·

55 2475 190 2541 cionem
213 2478 356 2537 nostram
380 2472 605 2553 grauissimam
630 2474 791 2537 volueriut
814 2474 921 2538 arcius
945 2474 1078 2537 euitare,
1125 2473 1238 2536 Testes
1265 2472 1363 2537 lruius

57 2592 157 2654 sunt:
181 2584 474 2650 reuerendissimus
497 2584 530 2648 in
549 2584 678 2650 Christo
702 2591 792 2667 prater
816 2585 1024 2650 Wenceslaus
1046 2585 1229 2666 patriarcba
1248 2585 1362 2651 Antio·

59 2699 208 2777 cbensis,
239 2698 463 2776 cancellarius,
495 2697 689 2763 venerabilis
724 2697 891 2762 Conradns
916 2698 1038 2763 electus
1060 2698 1259 2774 Werdensis,
1289 2697 1364 2763 sub

55 2811 273 2883 camerarius,
305 2810 502 2876 honorabilis
525 2812 620 2877 Sulco
644 2812 829 2893 prepositus
853 2812 1151 2877 Glrotiessouiensis
1184 2818 1217 2877 et
1238 2812 1361 2877 Bobus-

54 2927 134 2993 sins
151 2923 357 2990 comendator
370 2925 402 2988 in
420 2924 596 3007 blanietyn,
610 2925 727 2989 nobilis
740 2924 892 2989 Albertus
909 2925 949 2988 dc
966 2923 1095 2990 Coldicz
1111 2931 1144 2989 et
1158 2925 1311 2991 Nicolaus
1324 2924 1364 2989 de

52 3041 179 3119 Praga,
196 3037 374 3102 consiliarii
391 3038 503 3102 nostri.
528 3038 735 3103 Presenciurn
751 3038 810 3102 sub
826 3039 916 3118 regie
933 3044 1042 3102 nostre
1062 3038 1240 3103 maiestatis
1256 3038 1363 3119 sigillo

55 3131 252 3218 testimonio
276 3150 466 3214 litterarum.
492 3151 610 3215 Datum
627 3151 769 3215 Mendici
786 3169 869 3215 anno
886 3150 1007 3215 domini
1023 3151 1196 3216 millesimo
1211 3152 1363 3232 quadrin-

53 3263 244 3349 gentesimo
269 3263 416 3345 septimo,
439 3262 493 3328 die
513 3264 692 3344 penultima
709 3263 869 3343 Octobris,
893 3281 1063 3344 regnorum
1080 3269 1264 3329 nostrorum
1279 3283 1363 3329 anno

52 3377 201 3447 Boemie
223 3375 472 3458 quadragesimo
495 3377 617 3458 quinto,
641 3377 857 3442 Romanorum
883 3395 956 3441 vero
982 3377 1146 3443 tricesimo
1170 3377 1319 3443 secundo.

317 3568 380 3649 [Na
403 3567 520 3651 obbu:]
543 3568 605 3633 Per
629 3569 792 3634 dominum
815 3569 1025 3650 Laczlroncur,
1050 3570 1240 3651 magistrum
1263 3569 1362 3648 curie,
1459 3598 1464 3607 ·

694 3682 835 3747 Jacobus
859 3685 1033 3748 canonicus
1057 3683 1240 3764 Prageusia.

175 3837 240 3922 [Na
262 3836 377 3919 rubu:]
401 3838 438 3901 ll.
463 3837 586 3919 Caspar
609 3837 649 3901 dc
672 3838 824 3903 Lesbios.

169 4053 243 4121 Orig.
269 4068 343 4120 perg.
369 4051 516 4105 varcbivu
546 4069 577 4103 ro.
605 4036 696 4106 'Zatce
735 4053 814 4106 Pel-et
842 4056 964 4106 utrdena.
1001 4054 1072 4122 Kop
1097 4053 1211 4107 vlrnize
1231 4053 1366 4123 privilegii

53 4170 72 4208 z
85 4170 109 4205 r.
125 4155 197 4204 1435
215 4164 232 4199 r
250 4147 362 4201 archien
380 4164 414 4200 m.
432 4148 512 4201 Loun
532 4165 568 4202 na
586 4148 603 4201 l.
616 4156 631 4202 8
646 4169 662 4199 a
676 4166 708 4201 za
721 4149 863 4216 capisam:
883 4150 1052 4207 „Arbitracio
1071 4150 1144 4204 inter
1160 4150 1268 4204 nobiles
1286 4147 1364 4203 terri-

53 4262 152 4320 genas
171 4244 314 4298 districtus
333 4243 466 4297 Zacensis
485 4243 598 4296 racione
619 4244 859 4309 braseatoriorum,
879 4245 1097 4299 braxatoriornm
1117 4253 1167 4299 etc
1194 4254 1221 4300 et
1238 4245 1366 4300 ciuitates

55 4349 131 4400 ete.“
156 4372 187 4381 -
213 4340 278 4395 sine
299 4340 366 4409 kop.
391 4342 548 4408 vpametnr'
573 4340 654 4392 koizo
679 4358 713 4393 m,
733 4329 817 4393 Zatco
836 4360 850 4392 z
869 4359 890 4394 r.
914 4350 978 4395 1383
997 4360 1033 4395 ue
1051 4343 1068 4395 l.
1086 4348 1119 4395 ‘25
1138 4363 1155 4394 a
1173 4342 1364 4411 canapinam:

57 4435 242 4507 „Arbitracio
263 4444 290 4489 et
309 4435 485 4489 confirmacio
504 4437 577 4488 inter
595 4439 723 4490 ciuitates
744 4448 771 4489 ct
790 4438 942 4505 terrigenas
961 4439 1102 4492 districtus
1122 4437 1269 4492 Zacensis*
1295 4455 1365 4493 ana

54 4539 75 4593 l.
97 4536 162 4589 ⁴81>
187 4550 221 4586 za
246 4532 390 4601 napisem:
420 4533 580 4593 ,Potvrnenr'
606 4554 621 4585 o
643 4536 737 4586 val-om
755 4535 818 4602 pisa
843 4554 859 4587 a
878 4535 993 4588 sladuov
1012 4536 1135 4601 ‹litiani-'3
1159 4535 1245 4602 jukoi
1264 4534 1272 4587 i
1291 4552 1306 4587 v
1322 4552 1364 4588 re·

54 4634 181 4703 gistrum
196 4628 334 4697 privilegii
348 4629 460 4683 archivu
480 4646 513 4681 m.
530 4630 645 4683 ballone
664 4629 703 4682 Nl
722 4630 780 4682 xll.
801 4662 832 4668 -
852 4630 1035 4700 Schlesingcr,
1053 4630 1203 4686 Staltbuab
1219 4648 1272 4686 ven
1289 4632 1364 4687 [trax
