3098 5392
208 435 274 501 316
837 433 913 487 1836.

209 642 311 707 lodiclr
329 642 510 724 pita-dicad,
533 640 625 723 croyl
646 643 711 706 uice
731 640 918 706 corduanos
940 639 1019 705 meai
1039 642 1089 716 ad,
1117 639 1214 723 aphri
1236 636 1298 719 uby
1319 659 1353 705 se
1377 637 1514 704 odccidel

210 754 415 820 lobecae'mu
449 755 547 820 dodra
579 757 690 830 mesta,
718 775 739 818 o
762 754 823 835 obp
848 755 897 836 Jej
916 753 1062 835 cybiroly
1095 752 1252 834 spamae
1286 753 1381 835 ocoby
1409 753 1515 818 radon

622 867 780 933 mestskou
801 866 821 931 k
839 873 928 932 tomu
948 867 1101 949 cyr-olent.

296 1060 460 1126 lohannes
487 1060 540 1125 dei
563 1061 673 1142 gracia
695 1061 828 1125 Boemie
849 1078 906 1124 rex
928 1078 967 1125 ac
989 1058 1280 1141 Lucemburgcnsis
1303 1077 1420 1124 comes.
1462 1058 1512 1122 Ad

211 1174 435 1240 uniuersorum
464 1173 618 1239 noticiam
639 1179 750 1238 tenore
772 1171 976 1254 presencium
1007 1172 1154 1237 volumus
1177 1171 1305 1254 publice
1326 1172 1512 1254 peruenire,

209 1287 305 1369 quod,
340 1307 413 1352 cum
445 1287 635 1352 cxoncracio
669 1305 728 1352 scu
760 1285 924 1369 deposicio
961 1286 1040 1351 salis
1070 1284 1276 1352 ascendentis
1311 1303 1369 1367 per
1390 1283 1512 1350 flumen

209 1400 310 1465 Albee
341 1400 375 1465 in
409 1401 543 1465 ciuitate
576 1400 800 1466 Luthomericz
831 1400 871 1465 ab
904 1401 1036 1481 antiquo
1070 1398 1142 1465 fieri
1165 1400 1385 1479 consueuerit,
1419 1400 1512 1464 cuins

211 1514 340 1596 quidem
363 1515 605 1580 exoneracionis
628 1514 801 1595 fructuset
816 1514 975 1579 obucntus
999 1533 1036 1579 ex
1060 1532 1097 1579 eo
1120 1513 1349 1596 prouenientes
1371 1513 1415 1577 ad
1439 1531 1512 1595 pcr-

210 1646 304 1692 sonas
329 1628 448 1692 ciuium
471 1628 505 1692 in
528 1626 752 1692 Luthomericz
788 1625 954 1708 spectabat
977 1625 1145 1708 diuidique
1172 1630 1393 1692 consueuerat
1427 1626 1513 1690 inter

212 1759 267 1805 eos
290 1760 348 1822 pro
378 1746 451 1805 rata
480 1739 653 1805 cuiuslibet
673 1740 901 1821 impensarum,
932 1745 965 1804 et
986 1740 1064 1805 lieet
1085 1738 1209 1820 prefate
1235 1738 1453 1805 obuonciones
1477 1740 1511 1803 in

164 1841 166 1845 ’
212 1872 289 1919 vens
324 1854 475 1918 cederent
503 1854 700 1934 personales,
731 1852 795 1935 ipsi
817 1857 924 1918 tamen
955 1853 1044 1917 ciues
1074 1852 1176 1918 nostri
1203 1852 1511 1918 Lnthomericenses

212 1986 290 2033 sano
313 1967 402 2033 ducti
425 1967 560 2033 consilio
592 1973 624 2032 et
646 1966 882 2033 deliberacione
903 1967 982 2032 tacti
1006 1966 1141 2031 salutari
1168 1966 1257 2048 ipsas
1293 1965 1511 2031 obnenoiones

212 2085 244 2144 et
266 2085 442 2162 prouentus
474 2080 552 2143 salis
582 2079 720 2160 predicti
751 2080 785 2143 in
808 2098 886 2145 rsus
909 2097 1093 2144 communes
1116 2083 1149 2143 et
1171 2079 1316 2144 ciuitatis
1339 2097 1400 2144 sue
1422 2079 1510 2143 vrili-

210 2197 310 2257 tatcm
332 2193 548 2258 uniuersalem
579 2198 767 2259 conuertere
789 2193 981 2272 maluerunt,
1012 2191 1185 2257 vtilitatem
1213 2175 1263 2258 rei
1285 2191 1417 2274 publice
1438 2210 1510 2274 pre-

210 2306 350 2371 ferentes
374 2307 511 2387 priuate,
542 2311 575 2370 ct
604 2306 844 2371 nichillominns
875 2304 967 2370 nobis
991 2310 1024 2370 et
1045 2309 1155 2370 nostre
1181 2306 1368 2387 persoluere
1391 2324 1449 2387 pro
1472 2324 1509 2370 eo

211 2437 337 2484 camere
367 2419 582 2501 quadraginta
612 2425 736 2502 septem
765 2436 941 2501 sexagenas
979 2436 1164 2500 grossorum
1199 2418 1407 2486 denariorum
1437 2436 1507 2500 pra·

215 2534 373 2615 gencium,
397 2537 429 2597 et
451 2532 625 2612 dederunt3
649 2551 707 2597 nos
724 2534 833 2613 itaque
852 2531 1055 2598 attendentes
1077 2532 1221 2614 ipsorum
1245 2533 1368 2599 ciuium
1389 2531 1508 2597 Lutho-

211 2648 439 2713 mericensium
461 2646 624 2712 laudabile
654 2648 864 2729 propositum,
894 2647 1023 2729 ipsique
1053 2647 1181 2713 ciuitati
1203 2647 1239 2712 in
1261 2651 1428 2729 posterum
1450 2646 1508 2710 hoc

209 2760 317 2842 ipsum
339 2761 461 2842 grande
483 2759 598 2825 afferre
621 2760 831 2841 commodum,
859 2761 988 2826 decreto
1010 2767 1167 2844 perpetuo
1194 2762 1376 2827 sanccimus
1399 2759 1507 2826 decer-

209 2879 321 2940 nentes
354 2892 393 2939 ac
427 2878 617 2953 statuentes,
649 2874 791 2955 prefatos
825 2879 1002 2956 prouentus
1032 2881 1065 2940 ct
1091 2874 1215 2939 fructus
1239 2892 1278 2940 ex
1300 2873 1507 2955 deposicione

209 3005 266 3052 seu
297 2988 528 3053 exoneracione
561 2987 783 3053 huiuscemodi
818 2988 897 3053 salis
930 2989 1159 3069 prouenientes
1189 2987 1224 3051 in
1255 3006 1332 3052 vsns
1363 2988 1507 3053 ciuitatis

207 3100 502 3166 Luthomericensis
532 3106 566 3165 et
594 3102 768 3167 utilitatem
798 3101 959 3183 publicam
990 3101 1106 3167 debere
1142 3103 1297 3167 conuerti.
1343 3101 1396 3165 Ad
1428 3101 1537 3166 hane.

207 3219 316 3279 autem
338 3213 619 3295 dispensationem
641 3215 822 3280 faciendam
845 3217 1015 3281 consilium
1038 3221 1071 3281 et
1092 3217 1191 3280 iurati
1219 3214 1366 3280 ciuitatis
1388 3215 1489 3281 Luth

210 3327 398 3393 noricensis
429 3328 549 3409 eligere
577 3333 728 3392 tenentur
759 3346 913 3409 personas
945 3335 1050 3395 certas
1072 3329 1225 3411 ydoneos,
1250 3345 1314 3408 que
1335 3327 1430 3392 iuxta
1452 3347 1544 3393 su-

207 3440 418 3506 discrecionis
438 3441 607 3506 arbitrium
629 3442 718 3524 ipsos
734 3439 858 3506 fructus
873 3442 1064 3523 recolligent
1085 3442 1119 3506 in
1142 3458 1285 3523 ususque
1305 3441 1413 3522 ipsius
1430 3440 1499 3506 ciui

208 3554 285 3618 tatis
315 3558 437 3636 quanto
472 3555 583 3619 sanius
613 3560 646 3619 et
675 3556 789 3620 utilius
812 3555 1007 3636 impendent.
1054 3555 1144 3620 Nulli
1182 3554 1283 3637 igitur
1306 3555 1405 3621 liceat
1429 3556 1536 3621 hanc

209 3666 430 3731 institucionis
463 3672 572 3731 nostre
605 3667 844 3750 indulgenciam
877 3667 1055 3751 infringere
1087 3674 1145 3734 aut
1176 3669 1207 3735 ei
1229 3685 1311 3733 ausu
1335 3669 1523 3734 temerario

207 3779 445 3860 quomodolibet
467 3781 636 3859 contraire,
664 3780 925 3863 indignacionem
947 3787 1091 3847 nostram
1114 3787 1148 3847 et
1168 3799 1269 3864 penus
1293 3783 1508 3863 grauissimas

207 3899 353 3973 promotu
375 3895 465 3976 regio
488 3893 690 3977 infligendas,
715 3896 743 3960 si
766 3913 860 3960 secus
884 3895 1045 3977 quispiam
1060 3900 1239 3978 atemptare
1260 3898 1501 3980 presumpserit,

207 4024 242 4070 sc
265 4009 392 4072 nouerit
414 4009 626 4073 incursurum.
673 4007 795 4072 Harum
819 4009 904 4072 serie
926 4013 959 4072 et
980 4009 1166 4075 testimonio
1189 4009 1369 4093 literarum,
1393 4011 1497 4096 quibus

207 4118 349 4200 sigillum
373 4126 481 4186 nostre
513 4122 694 4203 majestatis
730 4121 880 4186 duximus
903 4122 1158 4204 appendendum.
1181 4123 1304 4188 Datum
1348 4124 1454 4208 Prage
1472 4125 1497 4188 in

206 4232 319 4313 vigilia
341 4233 428 4298 beati
451 4235 578 4299 Nicolai
603 4234 800 4299 confessoris
834 4253 917 4299 anno
941 4234 1062 4300 domini
1084 4235 1258 4301 millesimo
1279 4239 1498 4304 mecentcsino

206 4345 372 4411 tricesimo
396 4352 494 4411 sento.

312 4533 383 4603 Orig.
408 4553 484 4606 perg.
503 4554 518 4588 r
538 4537 649 4590 archivo
677 4553 710 4588 m.
738 4537 885 4590 Litomelic
908 4536 948 4590 Νο
972 4544 988 4590 4
1012 4538 1107 4604 (standi
1124 4537 1147 4592 ὁ.
1165 4543 1218 4607 87).
1255 4540 1399 4596 Svolkon
1420 4542 1506 4612 petru

207 4628 378 4684 krtlovakon
395 4649 432 4686 na
449 4632 640 4689 tlutodervcne
664 4632 748 4686 sribia
771 4633 934 4687 zartienou.
965 4633 1008 4688 Na
1025 4635 1097 4689 rnbn
1113 4640 1219 4704 regest:
1248 4634 1408 4701 ,Indnlturn
1427 4654 1507 4711 snper
