3098 5392
681 439 757 488 rcoo.
1280 434 1364 501 1015

66 661 99 720 vt
121 653 329 737 premittitur,
360 671 418 719 seu
441 655 672 739 cuiuscumque
702 656 838 722 alterius
869 669 1006 736 persone
1030 647 1210 733 spiritualis
1232 645 1364 712 racione

63 768 281 851 predictorum
302 767 458 834 bonorum
480 769 516 835 in
537 768 724 837 Schintloch
748 773 858 836 contra
889 773 923 832 et
951 765 1109 832 aduersus
1135 760 1363 827 Wenoeslaum

62 882 104 948 de
126 881 223 948 Sacro
246 898 368 963 eampo,
393 881 577 948 eorumdem
598 880 754 949 bonorum
776 882 810 947 in
826 878 1012 947 Schintloch
1033 875 1215 960 legitimum
1235 889 1363 956 posses·

62 1013 179 1075 sorem,
218 992 346 1061 fidelem
376 1000 522 1062 nost-rum
559 995 722 1078 dilectum,
757 1014 883 1062 exnunc
912 993 1044 1060 inantea
1073 1009 1132 1073 per
1161 989 1247 1054 viem
1277 985 1362 1069 juris

60 1109 247 1174 nullatenus
270 1108 458 1191 procedant,
481 1111 665 1177 sentencias
687 1128 814 1195 quoqne
836 1114 869 1174 et
884 1107 1014 1190 singula
1035 1105 1101 1171 elia
1123 1108 1234 1170 contra
1256 1100 1363 1183 ipsum

60 1223 96 1287 in
119 1221 265 1304 predicte
287 1239 386 1288 censa
406 1227 599 1305 attemptata
620 1224 745 1304 tollant,
776 1226 907 1291 caesent
941 1224 975 1288 et
997 1218 1142 1302 predicto
1164 1215 1267 1282 Paulo
1290 1230 1362 1295 per·

60 1341 195 1417 petuam
217 1336 387 1403 silenoinm
409 1336 577 1418 imponant
599 1338 632 1404 et
654 1337 760 1420 ipsum
783 1336 818 1402 in
841 1335 986 1419 predicta
1008 1350 1108 1400 cansa
1135 1329 1177 1396 ad
1199 1328 1357 1395 lamosum

59 1449 314 1531 Sigismundum,
344 1449 437 1532 regni
459 1451 563 1517 nostri
585 1449 719 1517 Boemie
745 1449 1028 1529 subcamerarium,
1059 1443 1283 1513 consiliarium
1305 1460 1361 1507 no·

59 1568 175 1642 strum,
209 1566 243 1629 et
272 1561 414 1645 prelatos
444 1562 534 1629 ciues
566 1569 693 1630 nostros
728 1563 973 1630 Cnaslauienses
1002 1561 1179 1639 remittant,
1212 1554 1267 1621 rbi
1299 1553 1362 1620 sibi

60 1681 210 1759 pretextu
241 1676 459 1758 predictarum
489 1676 600 1743 decem
631 1695 863 1761 sexagenorum
893 1695 1009 1744 census
1040 1676 1074 1741 in
1097 1670 1284 1741 Schintlocb
1306 1688 1364 1751 per

59 1791 152 1872 ipsos
175 1788 339 1857 sufficiens
362 1794 396 1857 et
418 1790 569 1873 expedite
590 1789 720 1858 debebit
743 1792 875 1859 iusticia
896 1788 1086 1868 ministrari,
1111 1787 1144 1853 in
1167 1802 1230 1869 qua
1254 1785 1360 1867 ipsum

65 1921 127 1968 seu
156 1902 255 1969 alium
278 1903 424 1969 volumus
455 1902 637 1970 omnimode
666 1906 857 1987 contentari,
888 1903 1043 1987 alioquin,
1075 1902 1103 1968 si
1135 1917 1229 1966 secus
1259 1896 1361 1977 fieret,

59 2021 179 2083 extunc
212 2016 357 2100 predicto
392 2016 583 2084 Wenceslao
617 2024 731 2086 contra
760 2025 794 2086 et
826 2019 985 2086 aduersus
1022 2015 1203 2101 predictum
1226 2010 1362 2078 Paulum

58 2130 95 2194 in
120 2130 266 2212 predicta
287 2147 385 2196 causa
407 2130 448 2197 de
469 2129 591 2197 salubri
615 2138 649 2197 et
670 2138 828 2215 oportuno
849 2133 993 2199 remedio
1016 2129 1188 2215 prouidere
1210 2125 1359 2192 volumus

59 2249 96 2308 et
126 2242 288 2323 predictos
319 2242 408 2310 ciues
442 2250 571 2310 nostros
603 2242 860 2326 Gzaslauienses,
891 2246 947 2329 qui
973 2244 1015 2311 ad
1037 2243 1178 2327 regalem
1200 2256 1362 2308 cameram

64 2361 211 2422 nostram
234 2356 405 2439 pertinent,
437 2358 471 2424 in
494 2357 639 2439 ipsorum
661 2358 789 2442 juribus
814 2365 847 2424 et
867 2358 1082 2440 libertatibus,
1116 2355 1232 2439 quibus
1254 2355 1362 2421 hacte-

58 2488 125 2535 nus
148 2469 224 2536 freti
248 2475 333 2551 sunt,
363 2468 576 2537 effectualiter
607 2490 810 2540 conseruare.
856 2473 1048 2539 blendamns
1078 2471 1180 2539 eciam
1214 2468 1361 2535 vrzedni·

61 2582 200 2650 conibns
222 2582 441 2666 Progensibus
464 2590 498 2650 et
519 2590 636 2651 ceteris
659 2587 841 2653 tabularum
870 2592 957 2653 terre
982 2586 1118 2652 notariis
1141 2589 1175 2650 et
1197 2580 1361 2663 officiatis,

56 2696 198 2763 firmiter
226 2701 259 2762 et
281 2696 438 2778 districtc,
472 2702 631 2779 quatenus
665 2700 729 2783 ipsi
761 2700 924 2784 predictas
955 2699 1067 2766 decem
1090 2714 1267 2781 sexagenas
1290 2713 1361 2778 pre·

56 2811 150 2877 dioto
172 2811 273 2877 Paulo
294 2811 414 2877 tabulis
437 2816 525 2879 terre
547 2832 610 2879 non
633 2820 789 2882 annotent
819 2833 878 2882 neo
908 2813 1095 2896 inscribant,
1127 2815 1223 2895 prout
1256 2809 1362 2891 indig-

59 2925 232 2989 nacionem
254 2929 398 2991 nostram
420 2926 647 3008 grauissimam
669 2928 834 2995 voluerint
855 2928 964 2995 arcius
989 2928 1123 2995 euitare.
1152 2923 1359 2992 Presencium

59 3037 127 3104 sub
150 3039 240 3120 regie
262 3045 371 3105 nostre
393 3040 577 3106 maiestatis
612 3041 720 3124 sigillo
754 3041 940 3108 testimonio
964 3041 1139 3107 literarum.
1185 3040 1305 3104 Datum
1328 3037 1360 3103 in

56 3152 228 3217 Karlslein
251 3169 336 3218 anno
357 3153 479 3219 domini
503 3154 675 3222 millesimo
707 3156 1025 3238 quadringentesimo
1050 3155 1172 3238 quinto,
1196 3152 1250 3218 die
1274 3152 1360 3217 vice·

55 3268 145 3333 sima
167 3264 279 3348 quinta
301 3265 436 3349 Aprilis,
459 3285 632 3349 regnorum
654 3275 838 3336 nostrorum
858 3287 941 3335 anno
964 3269 1098 3334 Boemie
1113 3264 1360 3350 quadragesimo

55 3379 214 3460 secundo,
236 3380 454 3445 Romanorum
476 3398 552 3447 vero
575 3382 729 3448 vicesimo
753 3401 845 3449 nono.

577 3600 641 3684 [Na
663 3600 780 3684 ohbu:]
803 3599 854 3666 Ad
876 3599 1063 3666 mandatum
1086 3598 1207 3665 domini
1230 3598 1318 3681 regis

842 3713 1007 3780 Johannes
1030 3713 1070 3779 de
1093 3711 1261 3795 Bemberg.

171 3878 235 3963 [Na
258 3877 373 3959 rubuz]
396 3881 433 3947 u.
457 3880 577 3945 Paulus
600 3880 641 3946 do
663 3881 749 3946 Tost.

166 4094 238 4163 Orig.
258 4109 336 4166 perp.
360 4092 506 4150 varchivu
532 4111 567 4148 m.
586 4077 701 4149 l'uslovo
728 4093 793 4147 iad
812 4099 828 4147 8
847 4094 933 4155 (staro
957 4092 1025 4147 dlslo
1044 4095 1098 4161 23).
1137 4090 1221 4147 Podet
1237 4094 1361 4147 sutona

50 4196 80 4251 V
101 4190 279 4261 ,copiarium
298 4189 365 4261 dipl.
382 4190 610 4245 Praernislaen111“
637 4207 674 4244 na
692 4190 708 4243 1.
731 4196 778 4243 147
798 4191 813 4239 b
830 4188 961 4243 zachoval
990 4204 1020 4243 so
1039 4187 1133 4259 picpis
1162 4186 1258 4243 tolnoto
1285 4188 1362 4259 listn,

45 4291 174 4362 jakolto
193 4287 271 4357 ripis
289 4305 305 4340 z
322 4285 391 4341 kral.
411 4287 534 4355 register,
553 4287 588 4341 do
602 4286 716 4356 litoryclr
735 4286 780 4355 byl
798 4286 842 4339 ton
861 4288 974 4354 zaprsun,
994 4302 1028 4341 za
1040 4285 1165 4356 capisam
1186 4284 1359 4351 ,wenceslai

48 4389 89 4444 de
108 4386 197 4441 Sacro
214 4399 311 4452 campo
329 4382 526 4454 reuocator[ie]
545 4400 629 4453 sepner
646 4381 873 4451 incorporacione
893 4397 994 4437 censius
1014 4398 1065 4451 pro
1084 4381 1190 4438 altori.“
