3098 5392
696 449 770 503 ¹⁸4⁸·
1311 445 1374 511 411

184 655 324 724 Karolns
347 655 400 724 dei
423 657 533 742 grecia
555 658 770 725 Romanorum
793 675 850 723 rex
873 674 1000 740 semper
1021 660 1178 739 augustus
1198 660 1231 721 et
1245 655 1377 722 Boemie

113 788 149 835 er.
168 770 286 836 Notum
308 769 444 839 facimus
467 772 639 853 ruinersis,
670 773 756 853 quod
785 771 940 855 inspectis
963 769 1196 852 multiplicibus
1220 769 1375 834 studiosis

111 882 243 966 ›bsequiis
276 884 421 952 fidelium
453 890 636 952 nostrornm
665 885 847 967 juratorum
879 890 912 951 et
942 883 1165 950 uniuersitatis
1199 882 1318 947 ciuium
1341 880 1374 945 in

111 995 212 1078 delnik,
246 998 364 1081 quibus
397 1000 463 1082 ipsi
494 999 588 1066 nobis
618 1016 743 1065 necnon
773 999 859 1064 clare
887 996 1040 1064 memorie
1070 995 1189 1062 illustri
1223 992 1373 1074 Johanni,

111 1111 240 1189 puondam
262 1111 396 1178 Boemie
416 1112 497 1195 regi,
520 1113 659 1195 genitori
689 1117 800 1178 nostro
825 1111 1008 1191 karissimo,
1040 1109 1176 1176 sinceris
1206 1105 1374 1174 affectibus

111 1225 264 1292 timmote
285 1225 361 1292 fidei
383 1226 569 1292 constantin
583 1227 774 1309 placuerrmt
795 1231 829 1292 et
850 1243 887 1291 se
907 1228 1059 1308 poterunt
1072 1223 1208 1289 reddere
1223 1220 1375 1287 continuo

111 1339 251 1421 nociores,
284 1340 366 1422 ipsis
396 1344 429 1406 et
458 1340 699 1406 successoribus
728 1341 873 1423 ipsorum
903 1339 1064 1405 rniuersis
1094 1354 1219 1403 necnon
1250 1333 1377 1402 ciuitati

111 1448 270 1519 llelnicensi
293 1453 414 1534 stilum,
437 1454 580 1536 regimen
603 1459 637 1520 et
658 1454 902 1520 annotationem
921 1451 1103 1518 tabularum
1118 1454 1204 1516 terre
1218 1447 1376 1528 habende,

112 1565 221 1645 regenda
242 1572 276 1632 et
298 1566 468 1649 dirigenda
495 1568 734 1650 committimus,
765 1571 853 1651 ipsos
885 1568 974 1635 ciues
1004 1572 1037 1633 et
1066 1565 1233 1632 ciuitatem
1255 1563 1296 1629 ad
1319 1581 1377 1645 gu·

112 1672 315 1761 lomocionem,
337 1680 576 1763 possessionem
598 1687 632 1747 et
652 1680 791 1747 fructum
814 1680 960 1747 eiusdem
982 1677 1082 1746 officii
1105 1679 1224 1744 virtute
1246 1694 1376 1761 presen-

112 1787 170 1856 cium
187 1792 388 1875 reducentes,
411 1800 447 1859 vt
467 1795 629 1877 predictas
651 1794 779 1861 tabulas
801 1800 888 1862 terre
909 1794 1097 1877 gubernent,
1120 1792 1272 1875 omnique
1289 1790 1373 1873 jure,

112 1915 158 1982 rso,
175 1902 278 1970 fructu
301 1921 340 1971 eo
362 1906 502 1972 vtilitate
522 1906 719 1989 possideant,
742 1907 1008 1991 quemadmodum
1031 1905 1161 1972 easdem
1175 1904 1374 1989 temporibus

112 2011 172 2081 clue
195 2019 349 2086 memorie
376 2019 514 2086 illustris
543 2021 723 2102 Elinabeth,
754 2021 915 2105 qnondam
944 2021 1057 2104 regine
1086 2020 1228 2101 Boemie,
1261 2018 1374 2085 matris

112 2133 193 2196 latre
223 2131 405 2215 karissimo,
440 2134 474 2199 in
496 2135 702 2216 possessione
726 2133 861 2218 pacifica
893 2139 1067 2201 tenuerunt
1102 2138 1136 2200 et
1175 2133 1261 2200 sicut
1289 2132 1375 2198 idem

112 2237 220 2310 officinm
243 2247 431 2329 supradicto
444 2253 548 2315 mater
561 2255 673 2315 nostra
688 2249 770 2331 ipsis
786 2248 988 2331 dignoscitur
1003 2264 1163 2330 erogasse.
1187 2245 1374 2312 Inhibentes

113 2354 241 2425 uiuersis
263 2361 453 2443 capitaneis,
476 2363 672 2444 camerariis,
696 2363 954 2444 subcamerariis,
972 2360 1149 2446 judicibus,
1167 2358 1373 2443 justiciariis,

113 2463 281 2555 inculinus,
306 2473 583 2557 viceofficialibus,
605 2475 659 2560 qui
683 2494 741 2558 pro
763 2480 907 2557 tempore
925 2473 1056 2554 fuerint,
1078 2471 1228 2538 fidelibus
1243 2471 1373 2551 nostris,

113 2594 137 2643 lt
151 2585 304 2664 predictos
327 2587 417 2654 ciues
439 2587 665 2669 Melnieenses,
688 2606 891 2655 successores
913 2588 1057 2670 ipsorum
1074 2591 1107 2651 et
1121 2585 1287 2652 ciuitatem
1303 2603 1374 2667 pre-

113 2687 201 2764 littnm
229 2699 263 2764 in
285 2701 454 2784 regimine,
488 2703 563 2769 stilo
593 2708 626 2769 et
654 2704 867 2769 annotacione
899 2701 1073 2768 eorundem
1105 2699 1287 2766 tabularum
1316 2699 1375 2763 im-

113 2806 213 2883 ltdiont
234 2818 292 2879 out
314 2814 423 2880 sinant
445 2833 502 2898 per
525 2817 707 2899 quempiam
728 2816 829 2882 alium
849 2815 998 2898 impediri
1021 2814 1082 2881 snb
1103 2829 1188 2897 pena
1204 2817 1314 2880 nostre
1328 2811 1375 2877 in·

113 2914 290 3007 limacionis,
314 2946 419 3010 quam,
441 2929 496 3011 qui
512 2947 605 2995 secus
620 2929 742 3011 fecerit,
763 2948 799 2995 se
814 2935 986 3012 cognoscat
1000 2928 1143 3011 grauiter
1159 2927 1373 2992 incursurum.

113 3026 288 3105 truencinm
309 3039 369 3106 sub
392 3047 501 3108 nostre
524 3043 703 3109 maiestatis
731 3043 839 3125 sigillo
861 3043 1049 3108 litterarum.
1096 3041 1215 3106 Datum
1237 3038 1376 3105 Sittanie

114 3150 307 3217 medemini
330 3153 503 3221 millesimo
524 3155 750 3222 trecentesimo
772 3155 1019 3238 quadragesimo
1042 3158 1166 3233 octauo,
1193 3151 1375 3217 indiccione

114 3260 193 3344 lrimn,
223 3263 299 3330 XV⁰
320 3267 475 3333 kalendas
504 3267 711 3350 Septembris,
742 3287 913 3351 regnorum
942 3273 1124 3334 nostmrum
1154 3285 1238 3330 auno
1260 3264 1376 3329 Roma-

114 3384 194 3443 lorum
214 3379 327 3460 tercio,
349 3379 482 3446 Boemie
505 3399 580 3447 vero
602 3381 751 3447 secundo.

510 3536 575 3621 [Na
597 3536 713 3621 ohbu:]
780 3538 830 3603 Ad
840 3538 1034 3603 relacionem
1046 3535 1139 3602 ducis
1151 3534 1289 3601 Saxonis

730 3649 894 3716 Johannes
917 3650 1072 3733 plebanus
1094 3647 1331 3714 Nouiforensis.

183 3801 255 3871 0rig.
274 3818 349 3873 purg.
367 3820 384 3855 v
403 3802 515 3858 archivo
532 3820 567 3856 m.
585 3803 709 3858 Mdlntka
728 3803 778 3858 dt
798 3804 878 3871 (dlsla
896 3803 979 3858 sterit
998 3803 1035 3857 N⁰
1046 3809 1071 3869 3,
1090 3819 1109 3856 ιι
1127 3800 1217 3871 pedeti
1236 3803 1271 3870 6).
1291 3798 1309 3852 S
1327 3801 1373 3852 nt·

114 3885 169 3949 laem
185 3915 222 3953 na
239 3899 309 3952 rnbn
328 3898 418 3954 rukou
436 3898 501 3952 XVI
519 3899 613 3954 stolctl
639 3899 739 3963 ,Karla
763 3900 841 3953 krtle
860 3916 876 3955 o
896 3899 1017 3954 svobodd
1043 3899 1155 3953 statkdv
1174 3896 1209 3951 do
1228 3895 1298 3950 dealt
1317 3893 1375 3950 irla-

114 3997 146 4045 ut
161 3994 207 4049 bez
225 3996 333 4050 relact“
353 3995 436 4050 Pudet
453 3999 577 4051 utriena.
598 3997 623 4051 V
642 3997 722 4051 lmine
741 3997 875 4066 privilegii
893 4014 927 4051 m.
947 3996 1071 4050 Miluilra
1089 4012 1125 4049 na
1137 3994 1153 4047 l.
1169 4001 1181 4048 1
1198 4013 1222 4047 o.
1232 3992 1262 4060 je
1276 3994 1374 4048 ronnei

115 4096 156 4143 nto
174 4091 220 4146 list
238 4093 361 4162 plepsrtn
384 4109 417 4147 za
442 4093 581 4163 ntpisem:
612 4093 762 4163 ,Koupene
789 4093 883 4162 statlry
901 4095 932 4145 le
952 4092 1053 4146 mohou
1077 4091 1144 4145 sobe
1162 4089 1197 4143 do
1216 4088 1286 4143 desk
1303 4105 1375 4142 nem·

115 4187 166 4255 dcli
183 4188 284 4242 lissei*
306 4205 322 4242 a
335 4205 350 4241 ι
364 4189 525 4242 kontirmaci
543 4188 680 4258 privilegii
697 4188 872 4259 llldlniclry'ch
892 4188 969 4241 krale
988 4185 1164 4241 Ferdinanda
1175 4186 1188 4238 1
1200 4184 1226 4240 d.
1240 4201 1276 4239 na
1289 4183 1377 4239 hrode

115 4286 226 4340 molem
245 4291 280 4339 24
292 4285 351 4337 zali
367 4290 431 4338 toll
451 4283 533 4338 uvadl
552 4299 582 4339 so
600 4284 647 4338 list
664 4291 740 4340 tento
759 4285 851 4339 takto:
873 4284 957 4350 ,ltom
976 4284 1022 4337 list
1040 4284 1128 4338 clsale
1147 4281 1233 4336 Karia
1251 4297 1288 4336 na
1305 4297 1375 4335 nem-

115 4384 233 4453 &pravo
258 4381 372 4434 kralone
399 4380 523 4449 Alrbetp,
551 4379 644 4434 datum
665 4399 679 4433 v
699 4365 794 4434 Zitand
812 4380 887 4433 letha
914 4380 1029 4433 tislceho
1057 4379 1173 4432 tllsteho
1200 4377 1375 4448 ityrycsteho

115 4481 197 4547 nebo,
216 4478 369 4533 indictione
388 4476 485 4547 prima,
503 4475 553 4529 XV
571 4474 706 4529 kalendas
725 4474 917 4544 Septembris.“
932 4506 966 4514 —
979 4475 1077 4539 Pelzel,
1096 4474 1130 4528 K.
1151 4473 1220 4528 Karl
1233 4474 1258 4528 d.
1274 4474 1373 4529 Vierte.

115 4574 302 4633 tundenbuch
321 4574 361 4628 N⁰
378 4572 493 4626 cxcvi
512 4602 547 4611 —
565 4570 663 4642 Chytil,
684 4571 776 4625 Codex
796 4571 935 4625 lloraviao
955 4569 1014 4623 Vll.
1034 4578 1082 4624 str.
1102 4576 1161 4627 599.
