3098 5392
218 395 286 462 824
840 396 916 448 uass.

218 598 289 670 logie
307 599 459 670 professor,
484 598 878 667 archidiaconusBelinensis,
902 599 1054 655 Benessius
1078 596 1113 653 de
1136 595 1295 668 choboliea,
1312 595 1516 665 wenceslaus

218 694 340 751 decanus
359 694 448 751 sancti
465 694 654 765 Appollinaris
671 695 832 769 hagensis,
851 694 959 750 Gunsso
978 693 1012 748 de
1024 693 1203 761 Traiebouel,
1222 692 1397 748 decretorum
1416 693 1516 761 doctor,

216 797 320 861 custos,
337 790 434 846 Haslro
460 790 495 845 de
512 789 659 861 limenius,
682 789 815 846 Nicolaus
840 789 876 844 de
900 789 1049 857 Bauorou,
1074 788 1218 845 Johaunes
1243 787 1278 844 de
1300 787 1416 858 Jerxen,
1439 789 1515 844 boen·
1540 847 1544 856 ,

217 886 306 942 ciatus
330 887 360 941 in
384 887 510 954 decretis,
535 885 711 942 Hermannus
734 885 770 942 de
795 885 907 955 Morou,
937 886 1069 956 magister
1090 885 1245 952 Jobannss,
1272 900 1353 941 sacre
1376 884 1513 955 theologie

219 983 368 1054 professor,
385 982 525 1040 Martinus
544 982 633 1038 dictus
652 982 771 1054 Hispan,
788 982 900 1039 Blasius
919 983 1009 1039 dictum
1026 982 1132 1053 Lupus,
1150 981 1282 1038 Nicolaus
1300 981 1515 1047 chotenstein,

218 1080 346 1136 Andreas
359 1080 400 1135 >de
418 1079 563 1135 Geuicaka
583 1087 611 1135 st
627 1080 773 1137 Jaroslaus
798 1079 831 1135 de
849 1079 1016 1151 Poraessyn,
1041 1079 1174 1146 canonici,
1200 1083 1346 1148 totumque
1369 1078 1514 1151 capitulum

219 1176 335 1232 ecclesie
361 1176 511 1247 Pragensis
542 1176 680 1232 antedicta
709 1174 745 1232 ad
774 1176 904 1232 humilem
933 1175 1168 1248 supplicacionem
1197 1181 1322 1230 nostram
1351 1189 1514 1230 consensum

217 1271 341 1344 ipsorum
359 1273 513 1344 graciosum
531 1273 567 1328 ad
586 1274 638 1329 hoc
655 1274 828 1344 prebuerunt
852 1280 880 1328 et
896 1271 1011 1328 fundum
1034 1256 1160 1344 ipsorum
1185 1286 1217 1327 ac
1234 1270 1300 1326 dicti
1324 1270 1443 1341 capituli
1459 1285 1514 1341 prc-

218 1368 320 1423 dictum
339 1385 390 1440 pro
407 1368 567 1425 huiusmodi
591 1369 720 1439 cappella
736 1367 881 1424 fundanda
899 1375 928 1423 et
945 1368 1131 1424 construenda
1154 1367 1234 1423 nobis
1253 1382 1286 1422 ac
1304 1366 1379 1422 dicte
1395 1366 1514 1422 fraterni·

217 1464 269 1520 tati
287 1471 382 1520 nostre
401 1464 579 1541 donauerunt
607 1464 642 1519 de
660 1463 842 1519 conniuencia
868 1469 897 1519 et
920 1480 1060 1519 consensu
1086 1477 1220 1533 expresso
1245 1462 1474 1518 reuerendissimi
1488 1461 1514 1515 in

218 1559 309 1616 cristo
327 1560 415 1630 patris
428 1565 457 1615 et
469 1558 581 1627 domini,
604 1559 708 1615 domini
720 1559 866 1628 iohannis,
884 1558 1085 1630 archiepiscopi
1101 1556 1258 1628 Prsgensis,
1276 1558 1434 1630 apostolice
1446 1556 1513 1612 sedis

217 1656 311 1726 legati,
329 1656 381 1713 snb
401 1655 609 1713 condicionibus
628 1654 827 1727 infrascriptis:
844 1655 936 1710 Primo
954 1654 1091 1723 videlicet,
1109 1653 1183 1724 quod
1201 1671 1262 1723 nos,
1285 1653 1378 1725 ipsius
1395 1653 1514 1728 cappelle

219 1752 390 1819 fundatores,
408 1768 491 1808 vnum
509 1752 693 1823 presbiterum
712 1768 763 1808 seu
781 1752 867 1807 eciam
885 1751 1013 1807 clericum
1031 1751 1060 1806 in
1078 1749 1230 1806 minoribus
1254 1749 1403 1807 ordinibus
1420 1749 1513 1805 conati·

216 1855 306 1904 tutum
323 1849 462 1919 ydoneum
487 1848 522 1903 ad
548 1848 664 1903 eandem
688 1848 843 1918 cappellum
868 1846 942 1902 dicto
968 1846 1080 1903 domino
1108 1845 1319 1917 archiepiscopo
1346 1853 1398 1902 aut
1415 1846 1471 1901 suis
1487 1845 1512 1898 iu

217 1945 408 2015 spiritualibus
426 1943 535 2000 vicariis
553 1943 582 1998 in
594 1949 731 1999 rectorem
749 1943 838 2014 ipsius
857 1943 983 2014 cappella
1000 1941 1201 1998 instituendum
1220 1959 1272 2013 per
1289 1958 1342 1997 nos
1361 1958 1414 2013 pro
1432 1941 1512 2013 prima

217 2041 274 2095 vics
292 2040 455 2097 habebimus
481 2047 508 2096 et
526 2041 679 2112 poterimus
698 2046 870 2110 presentare,
895 2045 923 2094 et
941 2038 1050 2094 demum
1079 2037 1175 2094 eodem
1203 2044 1314 2094 rectore
1340 2038 1458 2093 cedente
1474 2035 1512 2090 rel

216 2133 377 2205 decedente,
396 2136 508 2205 quocies
528 2140 555 2190 ct
574 2134 685 2204 quando
702 2134 780 2190 locus
799 2135 953 2191 vacacionis
973 2133 1129 2201 occurrerit,
1147 2133 1248 2204 prefati
1266 2133 1374 2190 domiui
1391 2175 1425 2191 ..
1448 2134 1512 2203 eapi-

216 2232 304 2286 tulum
330 2232 471 2302 Pragense
496 2248 552 2287 una
578 2232 722 2288 nobiscum
750 2238 889 2300 tamquam
917 2247 977 2286 eum
1006 2230 1200 2286 fundatoribus
1227 2228 1302 2285 dicte
1330 2231 1457 2302 cappella
1481 2228 1512 2284 ad

218 2328 334 2383 eandem
352 2329 506 2399 cappellam
525 2344 673 2399 pomonam
692 2329 828 2399 ydoneam
846 2328 957 2384 insimul
975 2326 1118 2383 habebunt
1135 2331 1164 2382 et
1174 2326 1339 2383 habebimus
1358 2333 1513 2398 presentare

216 2424 386 2495 temporibus
395 2431 532 2495 perpetuo
541 2424 676 2481 affuturis.
687 2424 764 2492 Item,
775 2424 849 2495 qnod
859 2425 887 2479 in
897 2422 1055 2479 huiusmodi
1065 2423 1192 2494 cappella
1200 2437 1252 2493 per
1260 2429 1324 2479 octo
1334 2439 1425 2479 annos
1434 2423 1512 2478 cond·

216 2535 287 2574 nuos
305 2518 454 2575 inmediate
473 2526 623 2589 sequentes
642 2538 659 2576 a
676 2526 801 2592 tempore
819 2519 994 2576 fundacionis
1012 2519 1115 2574 fabrice
1133 2518 1224 2589 ipsius
1241 2521 1372 2591 cappelle
1390 2521 1512 2577 eondnue

216 2615 400 2686 computando
414 2622 495 2672 sexta
505 2632 572 2687 pers
585 2616 717 2672 offertorii
729 2621 758 2672 et
771 2617 887 2672 aliarum
901 2617 1073 2672 oblationum
1087 2615 1168 2671 modo
1181 2625 1357 2686 quocumque
1369 2615 1511 2672 obuenien·

216 2712 287 2767 cium
305 2717 399 2783 preter
411 2711 542 2768 fabricam
554 2719 583 2768 et
603 2727 703 2767 census
715 2719 867 2784 perpetuos
879 2713 940 2768 siue
949 2714 977 2767 in
988 2712 1061 2784 agris
1072 2712 1131 2768 siue
1148 2713 1177 2766 in
1185 2710 1312 2782 pecuniis
1321 2729 1374 2782 pro
1386 2712 1512 2768 altaribus

216 2807 276 2863 siue
294 2809 386 2865 missis
406 2810 548 2880 perpetuis
567 2807 760 2885 comparandis
780 2817 809 2865 et
824 2810 972 2865 luminaria
990 2815 1134 2880 perpetua,
1159 2808 1288 2864 uidelicet
1304 2807 1459 2879 lampades,
1480 2806 1510 2862 ad

215 2903 339 2975 prefatos
358 2905 526 2963 dominos..
544 2906 726 2977 prepositum,
741 2948 765 2964 ..
784 2906 918 2962 decanum
938 2911 966 2960 et
977 2905 1127 2976 capitulum
1137 2906 1167 2960 in
1181 2905 1290 2974 signum
1310 2904 1426 2960 dominii
1440 2903 1511 2959 fundi

215 3002 343 3071 prelibati
356 3003 518 3072 pertinebit3
537 3002 657 3058 residuis
676 3019 741 3058 uero
757 3003 879 3071 quinque
897 3002 1023 3073 partibus
1044 3001 1176 3057 offertorii
1194 3009 1223 3055 et
1235 3001 1412 3057 oblacionnm
1423 2999 1510 3054 huius·

215 3099 288 3152 modi
307 3115 358 3169 pro
376 3099 480 3154 fabrica
497 3106 648 3155 memorate
667 3101 794 3171 cappella
818 3099 1007 3155 conuertenda
1025 3099 1185 3156 reserastis.
1214 3094 1352 3153 Predictis
1370 3113 1438 3153 uero
1456 3102 1510 3151 octo

217 3194 297 3249 annis
316 3195 474 3262 transactis,
493 3196 553 3251 siue
571 3195 729 3251 huiusmodi
747 3195 854 3251 fabrica
871 3201 1033 3251 consumata
1056 3194 1141 3250 fuerit
1164 3194 1226 3250 siue
1250 3209 1315 3260 non,
1341 3200 1443 3249 extunc
1460 3207 1509 3246 me·

214 3288 303 3346 dietas
321 3289 453 3345 offertorii
472 3298 501 3346 et
518 3292 634 3346 aliarum
653 3291 855 3347 obuencionum
881 3291 910 3346 in
929 3290 1025 3345 eadem
1044 3289 1162 3360 cappela
1185 3288 1268 3344 modo
1286 3304 1453 3360 quocunque
1469 3290 1510 3343 ob·

212 3385 385 3441 ueniencium
404 3385 530 3442 adinstar
548 3394 647 3456 quarte
665 3387 759 3442 debite
777 3387 837 3441 iure
862 3386 998 3442 communi
1023 3385 1083 3442 dari
1102 3402 1119 3440 a
1136 3383 1357 3441 mendicantibus
1382 3386 1441 3442 suis
1458 3385 1509 3455 ple·

213 3482 293 3537 banis
311 3482 441 3538 censibus
460 3483 603 3554 perpetuis
628 3484 688 3539 siue
712 3484 742 3538 in
761 3483 938 3552 agriculturis
958 3483 1018 3537 siue
1043 3483 1072 3537 in
1097 3481 1222 3553 pecuniis
1247 3497 1301 3552 pro
1325 3481 1460 3538 altaribus
1485 3481 1508 3533 in

214 3577 310 3632 eadem
328 3578 456 3649 cappella
474 3579 613 3648 erigendis
640 3579 685 3634 uel
704 3578 796 3634 missis
822 3578 965 3649 perpetuis
990 3577 1183 3649 comparandis
1203 3577 1291 3632 eciam
1315 3583 1345 3633 ct
1367 3577 1509 3632 luminibus

212 3673 365 3744 perpetuis,
384 3681 452 3745 puta
468 3675 644 3746 lampadibus
662 3674 763 3731 ibidem
790 3675 982 3746 procurandis,
1005 3675 1150 3730 dumtaxat
1174 3675 1298 3744 exceptis
1323 3673 1360 3729 ad
1378 3672 1509 3745 predictos

212 3768 339 3824 dominos
352 3808 379 3825 ..
398 3771 579 3842 prepositum,
592 3812 619 3828 ..
638 3772 772 3827 decanum
792 3779 821 3826 et
838 3772 988 3843 capitulum
1005 3760 1131 3842 ipsorum
1151 3770 1180 3825 in
1199 3771 1308 3840 signum
1335 3770 1406 3825 iuris
1424 3775 1508 3840 patro·

213 3872 296 3921 notus
316 3881 350 3920 ex
369 3872 449 3937 parte
468 3883 522 3924 rua
540 3875 567 3924 et
585 3869 640 3924 alia
658 3869 792 3924 medietas
821 3868 855 3924 ad
874 3876 1009 3924 rectorem
1032 3867 1122 3939 ipsius
1146 3865 1281 3938 cappella,
1299 3867 1348 3936 qni
1366 3866 1449 3923 fuerit
1465 3879 1508 3935 pro

212 3966 346 4031 tempore,
365 3965 508 4035 perpetuis
526 3965 697 4036 temporibus
716 3966 867 4036 pertinebit
885 3965 1008 4034 qualibet
1031 3963 1251 4021 contradiccions
1276 3963 1376 4034 procul
1388 3969 1469 4018 mota
1486 3959 1508 4015 si

212 4063 304 4111 autem
323 4060 480 4129 quempiam
499 4076 584 4131 super
600 4059 687 4116 fundo
703 4060 861 4116 huiusmodi
875 4061 1001 4132 cappella
1019 4059 1164 4115 dumtaxat
1175 4066 1204 4115 st
1216 4074 1271 4114 non
1284 4059 1357 4114 alias
1375 4076 1427 4114 nec
1437 4059 1509 4114 aliter

211 4153 292 4207 nouis
312 4155 443 4225 pretactis
462 4155 569 4211 ciuibus
588 4155 771 4213 fraternitatis
795 4157 925 4229 Corporis
951 4156 1054 4213 Christi
1076 4173 1128 4227 per
1151 4155 1239 4212 dictos
1263 4155 1392 4212 dominos
1417 4171 1508 4227 prepo-

211 4249 303 4317 situm,
321 4250 454 4307 decanum
474 4258 502 4306 et
520 4253 673 4323 capitulum
693 4253 804 4324 donato,
827 4259 858 4308 ut
876 4236 1023 4325 prefertur,
1040 4253 1117 4309 litem
1140 4253 1246 4308 moueri
1271 4253 1427 4323 contigerit,
1452 4259 1509 4307 tunt

211 4346 346 4416 sepedicti
363 4347 467 4402 domini
482 4385 507 4401 ..
526 4351 697 4421 prepositus,
716 4349 837 4406 decanus
858 4356 886 4406 et
903 4350 1054 4422 capitulum
1072 4349 1149 4404 litem
1167 4348 1327 4405 huiusmodi
1345 4349 1375 4404 in
1394 4365 1426 4404 se
1438 4363 1508 4404 assu·

211 4458 287 4497 mere
305 4450 333 4497 et
350 4442 464 4498 fundum
484 4445 574 4514 ipsum
594 4445 742 4501 defensare
767 4447 937 4502 tenebuntur
956 4447 1080 4517 ipsorum
1100 4453 1128 4503 et
1146 4445 1262 4518 capituli
1279 4439 1378 4503 eorum
1395 4443 1509 4518 propriu

212 4539 367 4608 sumptibus
386 4547 414 4593 et
432 4544 572 4611 expensis.
590 4541 709 4612 Insuper
726 4541 852 4610 fatemur,
872 4543 946 4613 quod
966 4545 1076 4614 prefate
1102 4544 1218 4602 ecclesie
1241 4545 1412 4616 parrochiali
1431 4543 1510 4603 sancti
