3098 5392
679 437 755 488 rare.
1301 436 1364 504 179

107 635 191 723 bedu
218 647 251 708 et
272 648 418 727 ternpore
443 644 637 711 succedente
665 644 707 709 cd
737 644 843 728 ipsius
873 642 1006 709 claricii
1036 661 1148 725 preces
1180 648 1213 709 et
1241 645 1364 710 insten-

107 743 155 819 ‘l‘tn
172 755 286 823 dilecte
308 755 402 824 uobis
424 757 561 825 Niceluo
583 756 650 824 filio
674 776 743 839 suo,
770 757 835 823 ciui
850 761 960 824 nostre
975 756 1009 821 in
1027 755 1164 839 Chutna‚
1187 757 1364 825 donauerat

107 869 308 952 umerorum,
331 876 365 936 et
386 889 406 936 a
427 889 491 954 quo
513 877 621 938 tumen
643 871 715 955 ipse
736 871 891 938 Nicolaus
912 875 1057 953 tempore
1079 871 1272 937 succedente
1290 877 1364 954 post

107 979 182 1050 ltmn
211 984 337 1051 domini
358 984 543 1052 Weueeslai
573 1003 632 1069 per
662 986 823 1068 quondam
845 984 1022 1052 Henricum
1047 984 1089 1051 de
1110 984 1307 1068 Resemberg
1329 992 1362 1051 et

107 1095 245 1165 itlronem
267 1098 309 1165 de
330 1098 508 1165 Lundstein
538 1104 698 1166 ammotus
720 1099 784 1165 fuit
803 1098 1032 1181 potencialiter
1061 1101 1094 1162 et
1124 1097 1283 1164 iniuriose
1312 1118 1362 1163 re-

107 1209 182 1293 bus,
218 1212 285 1294 ipsi
306 1212 442 1280 Nicoluo
472 1231 533 1280 sua
561 1211 684 1294 fidelia,
716 1213 833 1297 quibus
864 1212 957 1280 nobis
987 1211 1120 1295 placuit,
1153 1211 1360 1277 aduertentes

107 1325 202 1392 nicia
223 1330 259 1394 et
279 1330 509 1408 cognoscentes
535 1327 689 1393 iniuriam
719 1326 782 1393 sibi
811 1326 938 1406 facum,
972 1324 1173 1391 reddidimus
1203 1325 1361 1406 graciose,

107 1444 202 1504 entes
234 1439 346 1521 ipsum
365 1438 536 1504 Nicoluum
558 1443 592 1505 et
613 1440 748 1507 heredes
778 1457 854 1506 suos
884 1439 971 1505 idem
999 1437 1158 1503 iudicium
1188 1456 1261 1503 cum
1291 1437 1362 1502 rni-

107 1551 161 1616 sis
185 1551 256 1616 suis
279 1550 490 1635 pertinenciis
513 1570 553 1619 er
574 1557 687 1620 nostra
709 1552 888 1621 donacione
909 1556 944 1617 et
965 1551 1174 1618 concessione
1195 1565 1309 1632 regere
1328 1555 1362 1616 et

107 1683 128 1728 e
149 1664 349 1732 hereditario
371 1665 502 1749 habere,
523 1671 636 1733 tenere
657 1672 691 1733 et
712 1668 920 1751 perhenniter
942 1663 1117 1749 possidere.
1142 1664 1179 1729 In
1202 1664 1295 1731 cuius
1311 1665 1360 1730 rei

109 1777 280 1842 timonium
300 1783 469 1860 presentes
491 1779 618 1847 litteras
640 1778 711 1846 fieri
734 1785 767 1846 et
789 1780 908 1864 sigillis
930 1778 1111 1845 maiestatis
1133 1782 1244 1844 nostre
1258 1779 1361 1862 jnssi·

107 1910 129 1955 rs
144 1892 345 1959 communiri.
369 1893 489 1958 Datum
504 1893 609 1977 Prage
623 1913 707 1960 neno
722 1892 878 1960 kalendas
893 1893 1133 1976 Augustianos
1149 1891 1271 1958 domini
1288 1893 1365 1958 mil?

107 2003 169 2070 imo
184 2005 412 2072 trecentesimo
427 2004 553 2073 decimo
568 2024 662 2087 nono,
684 2025 857 2089 regnorum
876 2024 952 2071 vero
967 2010 1151 2071 nostrorum
1165 2024 1249 2071 anno
1264 2026 1358 2072 nono.

160 2157 305 2214 Obscieno
323 2176 341 2212 r
358 2159 521 2216 konfirmaci
538 2159 580 2214 lrr.
600 2159 722 2215 Vtclara
737 2159 776 2214 IV
795 2160 820 2215 d.
839 2177 855 2213 r
873 2159 959 2215 Praze
978 2159 1120 2213 aderens
1139 2163 1206 2213 1388
1218 2176 1235 2212 r
1248 2159 1360 2215 archiru

115 2254 266 2324 Budejorie
293 2254 386 2326 Kopie
402 2273 419 2310 r
436 2254 613 2327 diplomutdii
631 2237 759 2311 (ieskdho
777 2271 881 2311 musea
900 2285 934 2296 -
952 2254 1053 2323 Emler,
1071 2255 1192 2324 Regestu
1203 2255 1250 2310 IIL
1263 2255 1287 2310 d.
1299 2260 1359 2311 509.

115 2351 264 2407 lurchiru
281 2368 317 2405 m.
335 2351 486 2421 Budbjoric
503 2350 613 2421 chorujl
631 2367 663 2407 se
680 2351 752 2407 delii
770 2351 837 2420 orig.
854 2351 958 2421 listiny,
976 2350 1091 2421 tykap'lcl
1110 2367 1141 2406 se
1157 2351 1252 2421 rychty
1270 2350 1359 2405 Bude-

107 2446 172 2515 ickt,
190 2463 207 2501 a
224 2447 295 2503 sice:
314 2447 335 2502 L
354 2449 399 2502 liet
415 2466 443 2502 re
460 2449 511 2502 dne
529 2452 563 2500 16
581 2449 674 2502 Mesae
691 2451 768 2514 1347,
786 2447 895 2518 lrterym
913 2447 1024 2518 rychtti
1035 2446 1223 2518 Bnddj0ricky
1236 2447 1357 2504 Mikultl

107 2543 159 2609 uic,
176 2543 323 2600 muniellra
336 2544 405 2612 jeho
422 2542 559 2600 Kateiine
577 2559 595 2600 c
612 2559 664 2614 syn
681 2542 777 2599 Klaric
793 2561 808 2597 z
827 2543 956 2599 ddcbodt
977 2544 1014 2598 til
1032 2543 1130 2598 dtvrtin
1156 2543 1251 2614 rychty
1269 2542 1358 2598 Bude·

107 2637 168 2693 ricke'
186 2640 280 2709 rennji
297 2639 382 2695 roiud
400 2641 470 2696 drolr
494 2639 580 2709 jednd
606 2640 683 2711 lropy
709 2656 749 2710 gr.
771 2655 808 2694 na
831 2637 894 2694 dudi
918 2639 1053 2694 lrrulrdm
1077 2638 1168 2694 sardia
1191 2640 1302 2696 lroatelu
1319 2656 1358 2695 sv.

107 2733 195 2790 bultio
211 2754 227 2790 r
245 2735 450 2806 Bnddjoriclch,
468 2736 565 2806 ajeni
583 2739 629 2790 znt
646 2736 740 2791 talto:
761 2734 869 2802 ,Nos..
890 2735 977 2804 jurati
994 2735 1071 2791 ciues
1089 2735 1118 2789 in
1131 2734 1268 2806 Budwoys
1288 2736 1359 2791 scire

107 2828 183 2886 lumns
200 2831 347 2887 rniuersos
366 2831 474 2902 publice
491 2836 691 2902 protestantes,
710 2830 783 2900 quod
800 2831 935 2886 honestus
949 2829 989 2884 vir
1007 2830 1146 2900 Nycoluus
1166 2832 1283 2898 Clarieii,
1302 2831 1358 2886 Cri-

107 2926 137 2979 }nu
161 2928 216 2983 eius
243 2945 313 2983 vxor
339 2933 367 2982 et
391 2927 523 2983 Clericius
547 2928 621 2982 lilius
650 2926 799 2982 eorundem
827 2926 862 2980 de
888 2926 1070 2996 prodentibus
1098 2943 1148 2981 seu
1175 2927 1358 2983 emolimentis

107 3037 142 3076 un
158 3025 277 3093 parcium
293 3023 390 3092 jndicii
408 3023 436 3077 in
455 3023 568 3079 ciuitate
586 3029 690 3091 nostra,
709 3038 874 3092 quocunque
892 3023 1002 3077 nemine
1016 3028 1189 3090 censeantur,
1203 3041 1254 3093 pro
1268 3025 1358 3079 salute

107 3117 206 3175 inarum
223 3122 356 3191 ipsorum,
375 3119 603 3191 predecessorum
623 3126 650 3173 et
670 3119 756 3174 eciam
781 3133 972 3174 successorum
992 3135 1086 3174 eorum
1111 3119 1312 3190 disposuerunt
1331 3127 1358 3174 ot

107 3212 256 3272 tinnuerunt
273 3233 355 3272 rnam
374 3231 540 3286 sexagenum
558 3232 717 3286 grossorum
736 3215 912 3270 denariorum
926 3216 1111 3287 pragensium,
1130 3217 1173 3270 rel
1186 3217 1358 3286 equiualons‚

117 3321 209 3368 moneta
233 3320 393 3380 mutaretur,
418 3312 477 3367 dari
502 3313 622 3383 plebano
649 3312 764 3368 ecclesie
788 3312 877 3368 sancti
901 3311 1016 3381 Nycelai
1043 3312 1144 3367 ibidem
1167 3312 1195 3366 in
1220 3313 1357 3382 Budwoys

107 3408 171 3472 ugulis
188 3412 267 3465 annis
286 3416 429 3481 perpetue,
448 3406 476 3464 et
494 3409 667 3465 hocdiuisim
684 3424 794 3479 semper
806 3410 834 3463 in
854 3415 973 3479 quatuor
984 3409 1154 3480 temporibus
1174 3426 1256 3463 vnum
1273 3409 1358 3464 sertor

107 3514 136 3569 ἔω,
151 3505 184 3559 ric
202 3506 275 3576 qnod
293 3508 438 3576 plebanus,
457 3507 504 3577 qui
522 3524 573 3579 pro
592 3514 657 3562 tunc
670 3507 762 3573 fuerit,
776 3506 891 3575 singulis
908 3512 1027 3575 quatuor
1039 3506 1208 3577 temporibus
1220 3512 1357 3577 perpetue
1371 3553 1373 3558 .

109 3610 137 3651 em
152 3602 345 3658 uniuersarium
363 3619 448 3674 supra
467 3619 662 3675 expressarum
679 3618 871 3672 personarum,
884 3602 1112 3674 predecessorum
1126 3610 1153 3658 et
1166 3621 1356 3660 successorum

107 3696 203 3752 >undem
210 3699 386 3770 [salutem]in
396 3700 503 3769 vigiliis,
513 3700 606 3756 missis
616 3706 644 3754 et
653 3699 714 3755 aliis
725 3700 884 3755 oracionem
894 3699 1031 3769 suffragiis
1042 3717 1174 3771 peragere
1183 3701 1291 3768 debeat,
1299 3702 1357 3757 aui-

107 3794 275 3849 ucorundem
285 3794 379 3849 dinine
388 3795 576 3851 misericordie
585 3795 717 3851 deuocius
727 3794 961 3851 recommendans.
981 3795 1058 3864 Quod
1078 3798 1102 3852 si
1123 3815 1179 3852 non
1191 3798 1295 3853 faceret
1307 3815 1357 3854 seu

107 3898 149 3941 tere
164 3891 320 3960 negligeret,
334 3891 405 3960 quod
419 3898 520 3946 extunc
532 3892 643 3962 prefata
655 3906 796 3961 sexagena
807 3890 841 3947 ud
855 3892 938 3947 ulium
957 3891 1046 3946 locum
1059 3893 1144 3963 pium,
1162 3894 1207 3948 vbi
1219 3895 1356 3964 premissa

108 3982 239 4055 durentur,
257 3992 445 4041 conuertatur.
475 3987 507 4041 In
526 3988 604 4042 cuius
627 3987 667 4041 rei
691 3987 879 4043 testimonium
905 3995 933 4043 et
957 3988 1091 4044 cautelam
1116 3990 1241 4059 presenti
1265 3990 1355 4046 littere

107 4078 172 4135 illum
191 4083 312 4138 ciuitatis
332 4089 427 4138 nostre
445 4083 533 4139 maius
549 4083 684 4152 Jussimus
710 4084 813 4154 apponi
833 4091 861 4139 et
884 4084 1013 4154 appendi.
1050 4087 1148 4141 Actum
1173 4086 1242 4141 feria
1260 4087 1357 4156 quinta

107 4191 122 4229 e
138 4175 298 4234 dominicum
317 4178 418 4235 Judica
435 4195 478 4233 me
496 4179 624 4236 dominus
643 4197 716 4236 anno
735 4179 838 4235 domini
856 4180 899 4234 Μ0
922 4182 1115 4236 trecentesimo
1142 4182 1354 4252 quadragesimo

109 4275 193 4332 timu'
214 4306 247 4316 -
267 4275 302 4330 IL
322 4277 366 4329 liet
383 4295 410 4330 ze
427 4279 724 4344 coaeternalem,
743 4277 788 4332 dle
811 4277 928 4332 lrtertho
946 4293 979 4330 re
999 4293 1084 4347 sporu
1103 4278 1230 4348 rychtiie
1243 4278 1354 4333 Klarice

107 4371 152 4428 ebo
171 4373 269 4428 bratra
286 4370 462 4427 Jindiicbcz
481 4373 554 4428 obou
580 4378 657 4428 stran
683 4373 774 4429 rolenl
796 4373 956 4428 dmlurcore
979 4372 1054 4428 farai
1078 4373 1173 4428 Budelr
1197 4374 1352 4430 abdikulir

107 4467 302 4540 tingerudinili
321 4471 474 4524 perornant
491 4484 508 4524 o
526 4469 624 4541 rycbtn
642 4468 850 4540 apilsluinosti
867 4470 926 4541 jejt,
945 4485 962 4524 a
980 4469 1106 4541 lrteryito
1126 4470 1174 4526 list
1191 4475 1237 4525 znl
1261 4472 1355 4526 takto:

109 4585 124 4621 r
140 4565 256 4623 Ulreich
274 4564 429 4636 Keplicner,
447 4565 580 4622 Albrecbt
597 4582 651 4621 von
669 4566 806 4633 Notolicz,
822 4566 971 4621 Heinreicb
984 4566 1129 4635 Cbersner,
1148 4567 1257 4623 Andros
1270 4568 1355 4637 fleys-

107 4682 153 4734 rer,
169 4662 312 4721 merwel
328 4660 482 4730 Peccauer,
499 4661 590 4718 Peslro
608 4662 720 4732 Pehem,
738 4662 821 4718 Peter
841 4661 1018 4732 Horabicrer‚
1042 4663 1125 4719 Peter
1148 4663 1281 4720 Strawbel
1301 4661 1355 4717 rnd

1139 4769 1188 4822 12*
