3098 5392
214 418 279 484 273
838 417 914 466 seen.

213 640 267 694 qno
280 621 390 694 quidem
401 618 530 674 maccello
543 618 655 674 habebit
666 624 693 675 et
704 619 759 674 iam
771 626 834 675 sctn
846 620 930 675 hsbet
940 620 1004 691 ipss
1014 619 1181 691 parochialis
1194 620 1313 677 ecclesis
1328 618 1382 677 XL
1397 636 1510 692 mesos

213 734 365 791 pragenses
384 717 464 773 annis
483 716 598 786 singulis
613 722 641 770 et
651 722 744 771 rector
754 717 843 787 ipsine
857 717 981 784 ecclesie,
1000 718 1047 788 qni
1059 734 1109 788 pro
1121 723 1247 788 tempore
1265 716 1361 785 tuerit,
1379 718 1410 773 in
1421 734 1505 773 ceusu

213 815 272 871 Nos
291 822 393 882 antem,
420 830 480 868 cnm
499 813 560 883 ipse
578 820 668 869 rector
693 812 808 869 ecclesie
830 814 998 885 parochialis
1021 813 1123 869 ibidem
1140 815 1170 869 iu
1186 813 1258 870 Tust
1282 819 1352 869 tunc
1369 813 1400 869 in
1417 820 1509 870 nostre

214 912 381 967 constitutus
400 916 476 965 esset
492 909 646 980 presencia,
664 911 835 980 qnesiuimns
854 911 889 965 ab
908 910 1013 978 eodem,
1031 926 1067 966 sn
1085 926 1139 981 que
1157 911 1391 982 proponebantur
1407 926 1458 982 per
1472 909 1512 975 ju·

214 1008 301 1062 dicem
313 1008 456 1075 etjnrstos
469 1006 588 1061 ciuitatis
599 1005 730 1076 predicte,
747 1023 813 1062 vers
823 1013 925 1075 essent,
935 1013 962 1063 st
971 1013 1060 1063 rtrum
1068 1007 1129 1078 ipss
1141 1013 1291 1063 contentus
1301 1012 1381 1063 osset
1397 1006 1509 1062 deesse

216 1105 294 1160 cione
313 1119 363 1159 sen
380 1103 588 1158 construccione
612 1101 758 1172 hospitalis
783 1103 838 1158 ism
862 1102 935 1159 dicti
971 1104 1024 1172 Qui
1048 1102 1192 1175 respondit
1214 1104 1310 1160 omnis
1327 1118 1381 1175 per
1394 1101 1507 1172 judicem

215 1206 243 1255 et
257 1201 366 1268 jnratos
394 1199 539 1269 proposita
558 1214 623 1252 vera
641 1213 718 1266 esse3
737 1199 811 1267 item,
836 1197 909 1270 qnod
926 1198 961 1254 de
985 1200 1073 1270 ipsins
1097 1199 1245 1271 hospitalis
1273 1199 1420 1255 erectione
1443 1199 1504 1253 bene

215 1296 434 1361 contentsbatur,
461 1310 523 1349 cnm
546 1295 662 1350 ecclesie
687 1311 736 1350 sne
756 1296 792 1350 sit
815 1295 888 1351 iacta
911 1296 984 1351 bono
1002 1312 1190 1367 recompensa
1225 1295 1305 1363 Item,
1333 1295 1400 1367 qnia
1423 1300 1501 1349 rector

214 1391 336 1446 eiusdem
361 1390 507 1461 hospitalis
532 1391 695 1462 peripsum
718 1391 867 1460 plebanum
891 1397 920 1446 et
937 1391 1012 1447 ciues
1036 1392 1156 1448 ciuitatis
1182 1392 1238 1448 iam
1256 1390 1331 1447 dicte
1349 1390 1385 1447 sd
1402 1390 1496 1446 comni·

213 1487 326 1542 tendum
345 1487 397 1542 sibi
415 1487 537 1557 regimen
555 1485 702 1555 hospitalis
721 1486 854 1555 sepedicti
871 1487 924 1542 loci
942 1486 1091 1543 diocesano
1110 1486 1193 1543 debet
1210 1487 1379 1558 presentsr‘a
1407 1485 1492 1553 Quibus

215 1584 254 1638 sic
272 1583 340 1638 actis
356 1582 443 1651 judex
459 1582 578 1649 etjnrati
590 1580 705 1652 predicti
723 1582 803 1637 nobis
815 1581 956 1637 humiliter
973 1583 1209 1654 supplicauerunt,
1227 1589 1257 1639 vt
1268 1582 1307 1651 id,
1325 1581 1421 1655 [qnod]
1436 1582 1490 1636 circs

213 1678 353 1748 hospitale
370 1678 523 1748 predictum
535 1677 636 1734 iactum
651 1685 694 1733 est
705 1695 756 1748 per
767 1678 953 1734 immediatum
965 1678 1191 1750 predecessorem
1200 1685 1338 1749 nostrum,
1350 1677 1487 1735 seilisetde

217 1776 319 1829 minum
334 1773 352 1829 J
354 1774 501 1842 ohsnnem,
515 1774 682 1843 Pragensem
697 1775 867 1845 episcopum,
877 1781 905 1829 et
916 1792 973 1841 eos,
985 1782 1074 1831 ratum
1090 1782 1118 1831 et
1131 1781 1241 1846 gratum
1254 1775 1422 1832 haberemus.
1444 1773 1485 1828 llos

213 1887 278 1926 vero
289 1869 466 1925 adnectentes
475 1870 640 1940 peticionem
650 1886 744 1925 eornm
752 1871 854 1925 iustam
865 1876 893 1925 et
904 1869 1049 1926 honestam
1058 1868 1127 1938 fore,
1135 1870 1227 1941 ipsam
1236 1870 1399 1941 recepimus,
1407 1868 1483 1935 omnio,

213 1983 268 2036 qne
286 1982 371 2037 snpra
389 1966 525 2037 premissa
543 1970 608 2021 sunt
626 1967 697 2022 circa
714 1965 853 2035 hospitale
871 1964 1032 2035 predictum,
1056 1982 1089 2021 sc
1105 1965 1192 2022 eciam
1216 1965 1396 2022 donacionem
1416 1962 1481 2018 siden

213 2064 346 2133 hospitali
371 2062 469 2118 iactam
495 2071 581 2118 ratam
602 2067 630 2117 et
647 2068 752 2131 gratam
776 2063 919 2132 habemus,
946 2063 1035 2132 ipsam
1053 2060 1088 2117 de
1106 2078 1181 2119 nouo
1204 2062 1381 2132 catificantes,
1406 2073 1480 2131 sppro

213 2161 311 2214 benten
322 2166 350 2212 et
360 2175 394 2212 ex
404 2165 479 2214 certa
488 2166 585 2214 nostra
594 2160 713 2214 sciencia
725 2158 816 2229 qrrosd
833 2175 928 2214 omnes
943 2158 1032 2229 ipsius
1048 2159 1186 2215 clausulas
1195 2158 1402 2226 confirmentes3
1413 2156 1478 2212 rolen-

211 2257 264 2321 tes,
277 2254 350 2325 quod
364 2256 519 2326 quicunqne
529 2255 750 2323 ratificscionem,
763 2255 995 2325 opprobacionem
1008 2261 1036 2310 et
1048 2254 1287 2311 confirmacionem
1300 2261 1405 2312 nostros
1415 2249 1478 2307 insli-

213 2367 267 2421 quo
281 2351 384 2406 violare
398 2367 448 2406 sen
460 2352 622 2422 perturbare
634 2352 842 2422 presumpserit,
860 2351 1078 2421 indignacionem
1096 2350 1142 2407 dei
1154 2353 1352 2423 omnipotentis
1370 2358 1396 2407 st
1410 2351 1476 2406 berte

212 2462 272 2500 rum
290 2446 364 2500 Petri
383 2454 411 2501 et
427 2447 514 2514 Pauli,
540 2448 728 2517 apostolorum
747 2448 814 2515 eins,
839 2447 1130 2519 sanctissimorumque
1153 2454 1334 2519 potronornm
1351 2452 1475 2503 nosnrnn

211 2542 277 2610 Viti,
295 2543 465 2598 Wenczeslei
490 2549 572 2612 atque
598 2542 738 2598 Adslberti
758 2550 785 2598 et
803 2549 926 2599 nostrum
945 2560 975 2599 se
1000 2543 1110 2598 nouerit
1132 2543 1311 2613 incursurus3
1337 2544 1418 2615 ipsam
1430 2552 1474 2594 rtr⁰

212 2654 378 2708 promonens
398 2645 425 2692 ot
443 2654 613 2693 conscensus
638 2639 755 2706 greciam
775 2644 802 2693 et
820 2639 952 2693 auxilium
977 2638 1127 2694 eorundem
1151 2640 1277 2697 obtineat
1292 2641 1322 2695 in
1338 2636 1474 2711 presentis
1539 2622 1541 2643 '

210 2734 324 2803 gloriam
343 2735 372 2787 in
389 2734 490 2788 fntnro.
527 2735 563 2788 Vt
581 2740 672 2788 autern
696 2733 854 2801 retificocio,
879 2735 1046 2805 approbacio
1068 2741 1096 2790 et
1114 2735 1289 2791 confirmacio
1313 2741 1403 2791 nostn
1416 2730 1474 2786 robur

211 2830 335 2885 obtinent
357 2835 492 2900 perpetue
519 2828 656 2884 firmitatis
680 2837 824 2899 presentes
851 2832 912 2886 fieri
931 2838 958 2886 et
976 2831 1126 2900 sigillorum
1152 2838 1309 2887 nostrornm
1332 2828 1473 2902 appensione

210 2925 339 2980 iussimus
354 2926 485 2980 roborari.
504 2927 602 2979 Actum
616 2934 644 2980 et
656 2926 749 2981 datium
769 2944 851 2997 anno,
869 2943 972 2993 mense,
990 2928 1034 2982 dic
1054 2933 1082 2982 et
1093 2928 1163 2995 loco,
1181 2928 1283 2999 quibus
1303 2932 1404 2998 supro.⁸
1419 2922 1472 2991 (lor-

210 3021 298 3074 mnlti
316 3020 389 3076 Jaus
405 3020 515 3090 Piimdy
533 3021 581 3075 list
599 3023 668 3089 202.)
687 3053 719 3062 -
738 3022 839 3087 Emler,
856 3023 978 3092 Regesta
995 3023 1040 3077 w.
1060 3022 1082 3079 d.
1102 3030 1177 3079 1889.

779 3250 843 3334 dn.
870 3270 940 3334 ror.

515 3406 612 3485 1332,
637 3405 680 3472 26
703 3407 841 3475 dnbna
876 3408 931 3475 Vc
953 3406 1201 3477 l'runlrlurtb.

211 3561 294 3626 Kra'l
308 3562 376 3628 Jors
398 3564 518 3645 sotinje
539 3563 698 3628 maeleim
713 3562 854 3629 lrlsis'tero
874 3562 1096 3630 llbldsuslcllso
1111 3564 1217 3648 prdoo
1233 3552 1470 3649 paraetoni

204 3673 334 3759 fernim
368 3673 512 3741 tostebm
544 3698 562 3739 c
584 3679 682 3743 solete
714 3676 866 3742 Lonneclr.
912 3679 1031 3745 Datum
1060 3680 1283 3748 Luoembureh
1315 3682 1349 3746 iu
1379 3671 1471 3745 oreris

782 3793 933 3858 Paschae.

313 3942 434 4011 Regests
451 3945 530 4000 boica
548 3945 617 4011 VIL,
637 3952 677 3999 ll.
696 3976 728 3984 -
748 3946 848 4013 Emler,
866 3946 987 4016 Regests
1003 3946 1052 4002 III.
1070 3946 1093 4003 d.
1113 3955 1188 4005 1894.

780 4175 843 4258 dis.
870 4193 940 4258 loe.

633 4344 729 4423 1332,
755 4344 874 4435 [still.
897 4348 930 4416 V
954 4347 1083 4419 Prone.

211 4498 294 4562 Krdl
316 4499 383 4563 Joo
408 4500 568 4584 piepojrsje
589 4500 609 4564 t
631 4505 731 4567 inesto
755 4503 854 4569 Peste
875 4526 927 4570 nee
951 4505 1076 4582 Zeiluet,
1103 4504 1228 4573 eltere‘
1250 4528 1283 4573 ee
1306 4509 1397 4591 ploti
1417 4501 1489 4575 roei

517 4613 595 4677 rirok
618 4615 658 4678 13
680 4615 789 4681 lsr's‘oen
811 4618 850 4681 ‹lo
872 4616 998 4700 komory
1021 4617 1193 4685 ltrdlooeke'.
