3098 5392
225 404 290 469 582
835 405 909 455 raes.

225 628 385 712 gentibus,
408 628 449 693 ad
465 627 569 711 ipsam
581 629 692 695 villam
707 634 740 695 et
753 629 986 696 monasterium
1001 633 1147 696 nostrum
1161 630 1304 713 pertinet
1318 635 1352 696 et
1363 631 1504 714 pertinere

219 723 395 807 debebunt.
420 741 649 809 Promittentes
671 743 882 810 nibilominus
904 761 963 825 pro
978 743 1072 810 nobis
1095 748 1129 809 et
1143 743 1389 811 successoribus
1402 742 1504 811 nostris

226 854 330 921 dictas
363 854 483 921 limites
518 861 551 923 et
578 857 703 923 methas
736 858 785 924 sio
806 875 865 941 per
887 856 991 924 dictos
1013 839 1153 926 arbitros
1175 857 1290 940 lactas,
1313 857 1506 925 limitatasot

225 973 372 1036 ostensas
389 969 449 1036 sub
465 970 606 1052 puritate
629 974 662 1035 et
685 969 916 1037 obseruaoione
937 970 1105 1054 religionis
1127 975 1240 1037 nosue
1261 974 1353 1037 retas
1368 974 1402 1037 st
1414 973 1505 1054 graba

222 1086 335 1149 tenere
368 1087 401 1149 et
433 1083 552 1149 habere
584 1101 622 1150 ao
655 1084 820 1166 perpetuis
854 1083 1053 1167 temporibus
1083 1082 1320 1151 inuiolabiliter
1342 1082 1505 1151 obseruare

224 1195 263 1262 In
297 1214 433 1278 qnorum
467 1197 610 1264 omnium
643 1196 865 1264 testimonium
898 1201 932 1263 et
952 1196 1049 1264 fidem
1070 1197 1250 1281 pleniorem
1272 1197 1384 1281 sigilla
1403 1203 1505 1275 noeua

229 1309 382 1376 videlicet
393 1309 556 1377 abbatisse
571 1313 604 1375 et
619 1313 797 1376 conuentus
816 1308 1044 1393 predictorum,
1059 1309 1266 1393 presentibus
1281 1315 1361 1376 sunt
1372 1326 1505 1394 appensa

224 1424 346 1489 Datum
360 1421 464 1506 Prage
478 1441 562 1489 anno
578 1422 701 1490 domini
715 1422 888 1489 millesimo
903 1423 1130 1489 trecentesimo
1153 1423 1357 1506 sexagesimo
1372 1421 1503 1490 secundo.

328 1593 400 1663 Orig.
418 1593 514 1664 listiny
532 1595 559 1649 te
577 1595 623 1665 byl
640 1593 748 1665 druhdy
767 1595 906 1650 varchirn
919 1612 954 1649 m.
967 1593 1160 1664 Mtlnssnapod
1171 1593 1195 1649 b
1208 1598 1237 1663 93
1258 1594 1348 1651 ariak
1358 1591 1504 1650 nuaohorrl

224 1705 263 1745 se.
297 1689 395 1760 Piepis
413 1688 618 1761 vdiplomattii
643 1691 804 1760 musejnlm3
832 1689 916 1747 staril
942 1689 1027 1760 lropie
1044 1706 1077 1745 ae
1095 1689 1160 1745 XVI
1177 1690 1241 1745 stol
1260 1691 1373 1746 rlrnize
1391 1687 1504 1762 privilegii

223 1786 398 1856 Melnickych
422 1803 459 1841 na
481 1787 499 1840 l.
517 1793 534 1840 4
551 1802 585 1841 za
602 1785 742 1857 utpisem:
774 1786 919 1853 „Smlouva
936 1801 953 1840 o
972 1800 1048 1839 meae
1067 1785 1167 1841 elada
1189 1802 1223 1840 ne
1243 1785 1287 1841 vsi
1304 1785 1426 1848 Vrntic“‚
1449 1781 1502 1839 ldcl

224 1882 291 1937 take
309 1898 346 1938 na
363 1883 381 1936 l.
400 1884 460 1937 leb
478 1881 563 1953 deslry
584 1881 701 1953 pieklad
724 1897 756 1936 ze
780 1881 846 1936 xv1
870 1881 964 1937 stolstl
985 1898 1019 1936 aa
1041 1881 1182 1952 ntpisem:
1212 1880 1273 1951 „Na
1288 1881 1359 1937 luka
1375 1897 1394 1937 a
1409 1879 1501 1952 pmtra‘

224 1978 356 2049 piicbdzi.
385 1978 455 2034 Krtl
473 1977 630 2035 Fordinand
648 1979 662 2033 I
679 1977 800 2048 potvrdil
818 1977 867 2034 list
882 1983 961 2034 tento
979 1977 1154 2048 mqjestttem
1173 1975 1201 2032 d.
1217 1993 1258 2033 na
1271 1976 1361 2035 bradb
1377 1974 1499 2032 Pralsktn

224 2078 258 2129 24
275 2076 335 2130 zali
357 2080 434 2130 1⁶4⁷.
1179 2073 1186 2085 '

794 2259 859 2344 Cis.
882 2278 957 2345 402.

596 2432 693 2514 1363,
716 2433 762 2502 17
784 2432 937 2503 bienna
960 2433 994 2503 V
1016 2432 1147 2503 Prane.

230 2567 330 2669 Cestio
350 2612 368 2657 a
390 2591 479 2675 Lupo,
502 2591 642 2675 nsjwtli
664 2588 825 2656 marsolet
847 2611 869 2655 a
890 2587 1053 2656 lumbati
1073 2588 1251 2657 boesas
1271 2567 1414 2667 Caluo,
1432 2603 1495 2654 omo

228 2706 332 2789 doauje
362 2704 506 2788 alecium,
539 2703 618 2770 dodoi
650 2725 683 2771 se
711 2705 751 2770 do
781 2707 884 2769 mesta
898 2702 972 2788 jebo
993 2701 1185 2771 Ndmccke'bo
1207 2704 1320 2771 Bredas
1335 2697 1496 2788 plectilem,

124 2821 127 2827 '
470 2840 515 2885 aa
537 2818 596 2884 dod
616 2818 680 2884 leta
702 2819 758 2885 ode
778 2817 870 2885 vs'ecb
884 2819 991 2902 plaid,
1014 2819 1105 2885 maai
1124 2840 1146 2885 a
1168 2816 1278 2885 ddoab.

331 2992 399 3060 Nos
434 2993 562 3061 Ozenlro
594 2995 634 3060 de
656 2994 756 3078 Lypa‚
789 3013 957 3078 supremus
980 2994 1072 3078 regni
1095 2993 1229 3061 Boemie
1248 2987 1497 3062 marschalcnsel

230 3107 435 3189 camerarius,
472 3114 505 3174 et
526 3108 711 3189 Heinricus,
744 3107 831 3175 filius
855 3109 1000 3175 eiusdem
1030 3108 1151 3175 domini
1175 3107 1369 3188 Onenlronis,
1390 3104 1428 3173 ad
1446 3099 1498 3168 vni·

229 3236 396 3286 uersorum
417 3222 572 3287 noticiam
593 3221 798 3304 presentibus
822 3221 969 3288 volumus
991 3222 1171 3305 peruenire,
1187 3218 1276 3304 quod
1296 3239 1357 3288 nos
1379 3213 1497 3288 ciuiuus

229 3336 339 3396 nostre
372 3331 479 3399 Brode
512 3335 756 3401 Theutunicalis
790 3334 1010 3401 condicionem
1043 3336 1189 3401 volentes
1219 3333 1331 3403 iacere
1360 3332 1499 3401 meliorem

231 3444 378 3511 omnibus
400 3446 584 3513 hominibus
607 3448 649 3513 ad
672 3448 806 3513 eandem
829 3447 995 3514 ciuitatem
1017 3447 1221 3514 venientibus
1243 3448 1411 3532 ipsamque
1430 3443 1500 3511 iulu-

230 3557 336 3624 bitare
366 3560 548 3625 volentibus
574 3579 594 3625 a
620 3560 697 3627 data
718 3561 917 3644 presentium
939 3579 959 3626 a
980 3560 1064 3627 festo
1092 3560 1180 3627 beati
1202 3559 1363 3629 Johaunis
1384 3558 1501 3642 baptiso

230 3673 361 3738 venturi
384 3674 528 3754 proxime
543 3674 585 3739 ad
601 3674 682 3741 duos
696 3694 798 3742 annos
815 3675 983 3742 continuos
999 3675 1112 3741 damus
1129 3679 1162 3741 et
1176 3675 1383 3743 concedimus
1398 3675 1502 3758 plenan

232 3787 424 3867 libertatem,
448 3788 593 3855 volentes
617 3790 705 3871 ipsos
729 3807 838 3854 ornnes
857 3788 899 3854 ad
914 3789 1091 3871 predictam
1119 3789 1285 3856 ciuitatem
1306 3794 1448 3856 nostran
1465 3800 1506 3849 rc·

229 3899 354 3964 nientes
378 3899 418 3964 ab
441 3901 588 3966 omnibus
612 3901 847 3982 exactionibus,
872 3901 1178 3984 contribncionibus,
1201 3902 1322 3969 steuris
1345 3907 1379 3969 et
1392 3916 1507 3986 genera·

229 4013 305 4079 liter
327 4032 347 4078 a
369 4013 568 4095 quibuslibet
590 4014 777 4082 dacionibus
800 4015 885 4080 infra
905 4016 1089 4098 predictum
1109 4020 1238 4100 tempus
1260 4015 1331 4083 iore
1351 4015 1512 4084 liberoset

230 4132 406 4208 exemptor,
431 4128 655 4209 promittentes
676 4128 760 4193 bona
783 4132 816 4193 et
838 4128 966 4193 sincera
988 4127 1051 4194 fide
1070 4129 1141 4195 sine
1162 4128 1238 4195 dolo
1259 4131 1346 4198 malo
1368 4130 1515 4214 pendente

230 4240 355 4322 prefato
377 4243 515 4308 termino
538 4241 698 4307 libertatis
722 4243 810 4324 ipsos
826 4242 860 4307 in
876 4241 989 4308 eadem
1004 4242 1153 4309 libertate
1170 4241 1312 4310 fideliter
1334 4260 1518 4313 conseruare

230 4372 290 4420 uec
306 4374 364 4436 per
379 4374 438 4422 nos
454 4361 511 4420 aut
525 4360 653 4420 nostros
670 4353 824 4420 officiales
841 4354 1002 4436 quoslibet
1016 4354 1201 4440 aliqualiter
1221 4355 1382 4440 inpedire
1406 4357 1523 4426 Harum

229 4474 413 4534 nostrarum
435 4469 620 4534 testimonio
643 4469 834 4550 litterarum,
860 4469 976 4551 quibus
999 4470 1108 4553 sigilla
1129 4474 1241 4538 nostra
1255 4469 1297 4537 de
1313 4477 1405 4539 certa
1420 4478 1524 4541 nostra

229 4583 371 4649 sciencia
394 4588 470 4648 sunt
492 4602 643 4666 appensa.
690 4585 810 4649 Datum
833 4584 937 4666 Prage
958 4602 1042 4650 anno
1065 4583 1187 4650 domini
1207 4582 1386 4654 millesimo
1408 4593 1528 4656 trecen
