3098 5392
244 469 330 552 1'054
409 430 415 444 ⁶
855 484 930 535 moe.

240 692 387 760 omnibus
412 690 480 756 suis
503 689 700 758 utilitatibus
723 697 758 757 et
780 691 990 774 pertinenciis
1013 710 1072 772 pro
1096 691 1193 758 nobis
1218 700 1257 758 et
1281 695 1418 761 nostris
1441 711 1540 760 succes

240 806 369 873 soribus
391 823 607 871 reseruamus.
640 804 683 869 Et
706 809 741 869 vt
763 803 887 887 prefate
910 804 1014 870 incole
1036 822 1094 885 per
1109 822 1171 870 nos
1196 823 1237 870 se
1259 809 1425 873 sentiant
1440 807 1549 873 vberi:

241 920 432 999 consolatos,
467 921 559 1001 ipsis,
593 918 766 984 heredibus
801 939 839 986 ac
871 919 1113 984 successoribus
1146 937 1266 986 eorum
1304 921 1399 987 hanc

239 1031 376 1098 facimus
407 1031 590 1114 specialem,
626 1032 711 1114 quod
743 1032 805 1113 ipsi
837 1033 871 1096 in
895 1030 1001 1097 causis
1028 1030 1220 1113 judiciariis
1244 1032 1411 1100 adinstar
1432 1032 1545 1099 Maiori

241 1146 386 1212 ciuitatis
409 1146 583 1227 Prageusis
606 1144 874 1211 consuetudinem
897 1144 1073 1210 obseruare
1096 1143 1268 1211 debebunt
1292 1149 1472 1231 perpetuis
1485 1153 1547 1212 tem

240 1258 373 1341 poribus
405 1264 438 1324 et
460 1257 587 1340 hebere,
618 1278 656 1323 ac
687 1259 728 1323 ad
752 1258 932 1340 predictam
956 1258 1121 1323 ciuitatem
1144 1256 1363 1339 Pragensem
1387 1279 1484 1343 super
1502 1259 1546 1323 du·

239 1372 303 1436 biis
326 1376 360 1437 et
382 1372 557 1436 sentenciis
580 1368 781 1435 diffiniendis
805 1389 971 1436 recursum
994 1369 1113 1434 habere
1137 1375 1170 1433 et
1189 1371 1387 1452 appellare,
1410 1375 1544 1456 quociens

240 1485 325 1566 ipsis
349 1490 382 1549 et
398 1484 530 1550 cuilibet
545 1490 713 1566 grauatum
731 1503 766 1550 se
782 1484 947 1550 estimanti
971 1482 1136 1548 uidebitur
1158 1489 1383 1564 oportunum.
1407 1489 1441 1553 Si
1455 1495 1544 1551 auten

239 1603 299 1664 etc.
334 1598 459 1682 [Konec
491 1602 558 1663 teto
591 1600 702 1681 listiny
735 1599 846 1665 slovub
876 1598 1020 1664 souhlasl
1050 1616 1066 1662 s
1096 1597 1238 1663 koncem
1272 1598 1543 1682 p‘redchtzejlctbo

207 1737 209 1742 ¹
238 1711 317 1777 listu
340 1711 465 1779 daueho
487 1713 592 1776 mestu
622 1710 827 1776 Pelbiimovu
861 1731 904 1775 na
934 1717 989 1776 etr.
1017 1708 1124 1792 10421.
1149 1746 1192 1756 -
1229 1710 1362 1778 Datum
1395 1712 1541 1794 Pragein

239 1824 380 1906 capitulo
404 1825 547 1907 generali
570 1843 654 1889 anno
677 1824 799 1890 domini
822 1823 993 1889 millesimo
1016 1822 1356 1905 quadringentesimo
1381 1833 1480 1905 sexto,
1500 1825 1541 1889 (lle

240 1938 383 2004 secunda
406 1938 528 2003 mensis
549 1937 706 2003 Octobris.

342 2108 415 2176 Orig.
441 2125 516 2177 paug.
541 2125 556 2159 v
581 2109 692 2162 urchiru
718 2127 752 2162 m.
771 2109 912 2178 Rukycan.
949 2110 1006 2163 Obe
1031 2107 1121 2177 peceti
1141 2108 1210 2175 jsou
1238 2111 1374 2181 utrieny.
1412 2112 1540 2181 Piipojeri

239 2206 258 2260 k
276 2205 342 2259 lietu
366 2203 493 2271 dololka,
518 2205 618 2258 kterou
642 2205 768 2274 kapitula
792 2207 903 2260 kostela
920 2205 1079 2260 Pralskeho
1098 2203 1247 2272 schvaluje
1267 2205 1391 2261 udeleui
1408 2213 1474 2278 pra'r
1489 2206 1538 2272 obp·

238 2301 360 2355 vatelum
386 2302 475 2354 mesta
498 2299 631 2370 Rokycuu
660 2303 864 2371 arcibiskupem
888 2302 1041 2371 prirlrem,
1064 2303 1167 2355 ronnei
1192 2302 1298 2356 elovnb
1324 2304 1455 2358 soulrlasi
1474 2320 1487 2357 s
1503 2300 1538 2353 lo

237 2397 339 2451 lotkou
366 2411 383 2447 r
407 2396 475 2449 listu
502 2395 747 2451 Pellriimovskem.
783 2397 807 2448 V
831 2396 950 2466 registr-u
977 2397 1065 2452 clsaie
1092 2396 1249 2465 signanda
1280 2416 1298 2452 a
1327 2400 1348 2453 l.
1370 2406 1440 2454 1436
1462 2398 1538 2451 skri-

238 2496 323 2546 iecim
343 2491 455 2546 archivu
472 2491 663 2546 Roudnickc'uu
683 2493 752 2561 sign.
772 2493 809 2546 vl
828 2493 885 2546 pp
909 2500 938 2547 19
958 2509 995 2547 na
1012 2494 1029 2547 l.
1044 2499 1078 2547 33
1097 2493 1123 2554 ie
1136 2493 1235 2562 piepis
1254 2494 1327 2550 lustu
1347 2495 1537 2551 tobotorkon·

246 2587 351 2643 firmaci
363 2588 451 2642 cisuie
467 2587 617 2655 signanda
636 2588 784 2657 absaloni,
803 2587 873 2642 lrdcl
887 2605 917 2644 se
936 2588 998 2642 itou
1011 2595 1070 2657 tyto
1082 2590 1195 2658 zmbny:
1218 2594 1239 2654 ¹)
1257 2590 1364 2647 Srineo
1387 2595 1408 2655 ²)
1423 2591 1535 2645 Rolnam

246 2684 369 2751 ³)schaizi
387 2685 409 2751 ⁴)
428 2690 574 2752 sperantes
596 2686 615 2752 δ)
633 2701 721 2738 notras
741 2686 761 2753 ⁰)
782 2693 843 2738 ectu
863 2684 955 2738 schazi
974 2685 995 2751 ⁷)
1014 2684 1091 2738 cuma
1110 2688 1130 2751 θ)
1150 2685 1282 2754 quolibet
1302 2688 1325 2753 ’p
1345 2685 1470 2742 nom

806 2926 870 3005 Cla.
898 2941 971 3006 806.

636 3129 734 3210 1406,
758 3133 780 3198 2
803 3129 915 3215 iljna.
947 3131 980 3199 V
1002 3129 1133 3197 Prone.

236 3320 379 3405 Praeslp
402 3320 583 3402 arcibislccp
606 3321 735 3404 Zbynel
758 3324 847 3405 Zuja‘c
867 3343 885 3386 e
907 3320 1119 3388 Hoscaburku
1148 3323 1237 3388 ἀάυά
1268 3327 1469 3408 obyuulelaba
1494 3329 1528 3385 tr·

235 3434 349 3500 bovello
371 3439 472 3499 saresta
500 3437 590 3518 Tp'na
611 3435 677 3498 aad
709 3434 843 3500 Vltaoou
858 3456 879 3498 a
893 3435 944 3501 vsi
965 3435 1070 3501 Pr'ecic
1091 3434 1149 3500 b'sc
1164 3433 1261 3500 skure
1284 3439 1426 3521 stejae'bc
1445 3436 1527 3507 eaesi,

227 3546 306 3631 jobo
336 3547 533 3630 obyvatclalm
558 3548 825 3630 Pclbr'imeoskym
849 3571 870 3612 a
892 3546 1143 3633 Robycanskpm
1174 3553 1371 3634 astaaooaje
1396 3553 1453 3634 pii
1478 3555 1525 3613 toa

234 3659 377 3726 eoldslai
402 3660 473 3743 jab
501 3661 609 3742 praua
643 3684 662 3726 o
688 3661 881 3742 pooinnosta]
906 3659 1035 3744 jukobto
1062 3660 1260 3746 poddaay'cb
1296 3663 1526 3747 arcibishpaiu

791 3771 977 3840 Prabalcebo.

339 3966 455 4034 Sbinco
481 3967 533 4032 dei
557 3968 667 4048 gracia
690 3967 865 4050 Pragensis
896 3968 1034 4034 ecclesie
1062 3967 1334 4052 archiepiscopus
1357 3976 1393 4036 et
1413 3973 1522 4052 aposto·

238 4081 300 4146 lice
330 4081 418 4146 sedis
450 4082 653 4162 legatus-
680 4083 765 4147 Sane
796 4083 829 4147 iu
861 4082 964 4148 nostri
1000 4081 1169 4163 presencia
1204 4084 1378 4149 constituti
1414 4079 1520 4166 prouidi

237 4194 342 4259 incole
365 4195 454 4275 opidi
479 4195 581 4260 nostri
605 4194 744 4259 lorensis
777 4196 809 4259 in
832 4196 892 4260 Tin
916 4194 1112 4261 Bechiucuei
1143 4213 1182 4259 ex
1206 4199 1345 4279 atraque
1368 4205 1457 4280 parte
1476 4193 1519 4258 tlu-

235 4306 331 4371 minis
356 4311 389 4371 et
418 4308 494 4372 ville
517 4313 628 4372 nostre
651 4308 864 4388 Prziedczicz‚
888 4327 951 4390 que
974 4309 1051 4374 villa
1076 4306 1223 4390 predicto
1246 4315 1361 4376 nostro
1386 4310 1478 4394 opido
1495 4307 1517 4372 iu

234 4419 382 4484 omnibus
408 4422 560 4486 oneribus
592 4423 796 4502 compatitur,
820 4419 932 4487 fideles
963 4423 1066 4489 nostri
1096 4421 1220 4503 dilecti,
1249 4423 1346 4490 nobis
1378 4436 1517 4507 exponere

234 4541 438 4608 curauerunt,
462 4536 601 4616 qualiter
625 4535 688 4615 ipsi
712 4537 801 4599 nulle
824 4536 1023 4602 munimenta
1046 4555 1105 4602 nec
1127 4535 1305 4620 priuilegia
1328 4556 1427 4621 super
1447 4539 1514 4619 ipso·

234 4663 307 4710 rum
326 4647 454 4728 juribus
478 4654 510 4712 et
532 4648 735 4714 libertatibus
766 4649 933 4733 hucusque
962 4649 1144 4716 habuerint.
1167 4650 1305 4719 —Nos
1337 4669 1413 4719 uero
1434 4648 1512 4712 -n
