3098 5392
214 425 280 490 620
839 422 915 470 1368.

215 633 310 697 nitati
340 631 484 713 predicte
514 647 657 710 pronunc
691 635 864 694 censentur
886 633 920 693 et
939 628 1121 711 antiquitus
1143 627 1365 696 censebantur
1387 632 1422 693 et
1438 645 1506 693 con·

213 745 373 810 sistebant
391 744 591 827 temporibus
613 744 795 824 retroactis,
818 743 866 808 ita
888 741 1049 823 videlicet,
1084 743 1171 824 quod
1192 742 1346 809 ammodo
1370 743 1406 808 in
1419 740 1507 807 dictis

213 858 306 925 bonis
335 858 446 924 liberis
476 859 626 940 superius
654 857 829 923 nominatis
859 857 1027 922 dumtaxat
1053 857 1267 939 proximiores
1298 855 1412 939 amici,
1440 854 1507 920 dunt

212 971 348 1037 heredes
370 990 433 1037 non
454 967 615 1052 inerint,⁷)
638 969 778 1036 debeant
799 969 982 1044 succedere,
1012 976 1109 1051 prout
1130 970 1164 1035 in
1186 969 1283 1036 bouis
1304 969 1508 1035 admensura-

211 1086 256 1151 tis
276 1085 431 1168 predictis
454 1085 586 1151 solitum
608 1090 658 1149 est
679 1089 820 1150 actenus
844 1083 1020 1164 obseruari,
1043 1102 1082 1151 eo
1104 1090 1211 1150 tamen
1234 1084 1343 1165 saluo,
1367 1083 1462 1165 quod,
1485 1081 1507 1145 si

212 1200 291 1265 dicti
314 1200 404 1265 ciues
427 1199 501 1264 sine
523 1199 627 1265 incole
649 1198 690 1264 de
712 1196 845 1263 Chadau
867 1197 1015 1263 ammodo
1042 1197 1152 1281 aliqua
1171 1197 1257 1264 bona
1279 1197 1350 1264 alia
1373 1201 1463 1264 extra
1482 1200 1508 1259 et

212 1317 322 1394 preter
351 1311 436 1377 bona
464 1310 568 1377 libera
597 1310 783 1393 supradicta
813 1310 965 1376 duxerint
986 1311 1211 1394 comparanda,
1233 1312 1271 1378 in
1292 1311 1434 1379 arbitrio
1455 1309 1509 1375 erit

213 1425 301 1508 regis
332 1424 465 1490 Boemie
495 1442 554 1505 pro
586 1427 733 1505 tempore
762 1423 942 1504 existentis,
966 1423 995 1489 si
1017 1425 1200 1490 consentire
1222 1421 1408 1509 voluerit&
1431 1420 1509 1506 qnod

212 1539 326 1605 eedem
346 1537 432 1605 bona
453 1535 670 1620 comparanda
690 1537 801 1602 taliter
822 1539 894 1603 inre
909 1538 1125 1605 successionis
1148 1543 1346 1606 censeantur
1361 1536 1509 1621 predicto.

212 1652 406 1719 Mandemus
436 1652 538 1735 igitur
569 1651 731 1717 uniuersis
754 1656 787 1743 et
809 1652 947 1734 singulis
970 1654 1090 1718 nostris
1112 1659 1147 1718 et
1167 1653 1261 1736 regni
1282 1652 1422 1719 Boemie
1443 1649 1509 1716 sub

214 1765 293 1833 ditis
317 1772 350 1834 et
370 1765 521 1833 fidelibus
544 1765 685 1845 dilectis,
709 1769 868 1847 quatenus
890 1765 1067 1848 ciuitatem,
1086 1766 1175 1832 ciues
1198 1770 1232 1833 et
1252 1766 1383 1832 incolas
1404 1781 1509 1846 supra·

212 1880 317 1948 dictos
348 1899 472 1948 necnon
498 1879 583 1946 bona
605 1877 707 1944 libera
729 1877 894 1945 antedicta
915 1884 949 1945 et
971 1898 1082 1946 eorum
1104 1880 1227 1946 incolas
1249 1884 1287 1947 et
1305 1894 1508 1963 possessores

212 1996 246 2060 in
270 1995 357 2061 dicto
376 1995 452 2077 jure
475 1991 691 2059 successionis
723 2010 781 2074 per
804 2011 839 2058 se
861 1993 913 2059 vel
935 1993 1017 2060 alios
1040 2013 1104 2060 non
1126 1991 1308 2076 impediant
1329 2010 1438 2077 neque
1457 1991 1509 2057 im-

212 2109 318 2192 pediri
354 2109 553 2190 permittant,
584 2105 776 2187 qninpocius
806 2123 862 2172 eos
898 2106 933 2171 in
963 2125 1001 2172 eo
1029 2110 1261 2172 manuteneant
1289 2104 1510 2173 fauorabilitar

212 2229 246 2287 et
268 2225 461 2287 conseruent
486 2219 545 2285 sub
568 2237 652 2302 pena
682 2219 792 2302 grauis
821 2218 1061 2303 indignacionis
1091 2224 1211 2302 nostre,
1234 2237 1344 2302 quam,
1368 2219 1400 2286 si
1420 2233 1509 2285 secus

212 2336 356 2415 fecerint,
387 2353 423 2400 se
453 2334 605 2400 nouerint
635 2335 832 2400 incursuros,
877 2333 1087 2401 Pnesencium
1117 2333 1176 2400 snb
1198 2337 1310 2400 nostre
1333 2331 1509 2416 imperialis

211 2448 392 2514 maiestatis
428 2448 536 2530 sigillo
565 2449 751 2514 testimonio
780 2447 970 2512 litterarum.
1016 2447 1135 2513 Datum
1165 2447 1200 2512 in
1234 2445 1333 2528 opido
1367 2443 1508 2528 predicto

212 2562 344 2628 Obodan
368 2580 453 2629 anno
475 2562 597 2628 domini
619 2561 789 2627 millesimo
810 2561 1038 2627 trecentesimo
1060 2560 1261 2643 sexagesimo
1285 2559 1437 2643 septimo,
1459 2557 1505 2622 in·

212 2675 354 2742 dictione
386 2675 508 2758 quinta,
539 2676 686 2741 kalendis
717 2674 819 2756 iunii,
849 2693 1021 2757 regnorum
1042 2681 1227 2741 nostrorum
1247 2690 1335 2740 auno
1358 2671 1508 2739 vicesimo

212 2789 326 2870 primo,
350 2789 477 2870 imperii
501 2809 576 2856 vero
599 2790 700 2855 tercio
724 2790 857 2856 decimo.

315 2941 472 3010 Registrum
498 2943 633 3013 privilegii
657 2943 768 2998 archivo
787 2961 821 2997 m.
839 2942 956 2998 Kadane
973 2943 999 2998 N
1002 2945 1013 2976 ⁰
1030 2949 1046 2998 3
1063 2960 1098 2998 aa
1115 2943 1255 3013 ntpisem:
1285 2940 1398 3007 „Litora
1414 2936 1505 2994 Karob'

212 3037 395 3107 imperatoris,
413 3037 486 3107 qnod
506 3039 571 3093 villa
587 3039 756 3109 Burgstadtl‚
777 3040 841 3094 villa
859 3038 987 3094 Ohoczan
1005 3056 1066 3094 cnm
1082 3039 1147 3108 jure
1164 3043 1331 3109 patronatus
1350 3034 1505 3091 ecclesiast

212 3133 313 3188 allodio
338 3140 397 3200 etc,
424 3140 454 3189 nt
477 3135 507 3189 in
524 3135 614 3191 forma
636 3143 723 3206 patet,
750 3143 891 3204 tamquam
914 3135 988 3190 bona
1011 3135 1118 3191 ciuitati
1145 3133 1344 3189 admensurata
1365 3129 1504 3202 perpetuis

211 3230 380 3299 temporibus
393 3237 562 3285 censeantur
578 3237 606 3284 et
624 3231 658 3285 de
676 3230 903 3285 deuolucionibus
915 3228 1097 3285 eorumdem.“
1119 3258 1153 3269 -
1170 3228 1235 3283 Jins
1246 3225 1333 3298 lnnpie
1351 3225 1431 3282 aXV
1444 3223 1501 3279 stol.

212 3325 331 3380 rOhaos
350 3342 440 3380 rerum
459 3326 674 3383 memorabilium
696 3327 719 3381 d.
737 3333 785 3381 331
810 3343 848 3381 na
872 3332 920 3381 str.
950 3331 1000 3380 149
1027 3325 1173 3381 varchirn
1199 3341 1234 3378 m.
1261 3322 1354 3394 Prahy
1381 3319 1500 3378 rtdmito

212 3421 349 3491 variantp:
372 3425 390 3491 ¹)
409 3421 558 3493 Burgstadl
575 3452 608 3462 -
628 3424 648 3493 ²)
666 3421 802 3476 Ohoczien
821 3453 854 3462 —
873 3424 894 3492 ⁸}
906 3421 1044 3477 Zaboklik
1062 3452 1095 3462 -
1114 3424 1135 3491 ⁴)
1148 3419 1313 3477 Radlrowioz
1326 3413 1499 3486 -·)1>urnnl

211 3547 246 3558 -
270 3518 291 3586 ⁶)
311 3515 405 3572 Gadan
423 3547 457 3559 -
475 3519 497 3586 7)
515 3517 624 3573 fueram
642 3534 693 3572 nec
710 3517 813 3573 fuerint
831 3549 864 3559 —
884 3519 904 3588 ⁸)
923 3518 1016 3572 velint.

775 3713 839 3795 dis.
869 3729 942 3795 428.
1041 3701 1043 3705 y

586 3885 683 3962 1368,
708 3889 751 3954 16
774 3886 925 3954 bienna.
948 3883 981 3952 V
996 3883 1128 3953 Prane.

214 4040 307 4108 Clsor'
339 4044 438 4108 Kercl
470 4045 492 4107 I
496 4043 525 4105 V
551 4043 695 4125 saiisujc
726 4041 870 4124 rycbtcir'i
903 4063 924 4106 a
954 4042 1137 4125 pitsedngim
1167 4041 1269 4103 mesta
1300 4037 1418 4111 Mortis,
1444 4031 1495 4112 abt

212 4155 370 4238 lipsium·
391 4157 530 4240 chtcoci
550 4176 568 4220 s
590 4154 809 4232 Hcscnborkc,
831 4156 1023 4239 npvylltmo
1042 4153 1159 4219 mistro
1183 4150 1313 4233 lommy
1332 4144 1496 4218 bretevile

213 4271 309 4337 esebo
328 4292 411 4354 epau
424 4271 499 4355 jabo
528 4271 648 4336 l'c'le'mu
669 4271 814 4336 odvdddls'
836 4269 956 4335 drichod
984 4290 1018 4335 sa
1039 4269 1089 4334 cla
1110 4264 1291 4340 mestskdbm
1306 4264 1362 4348 jad
1380 4262 1497 4345 panon

212 4389 273 4450 tem
295 4408 313 4450 o
336 4389 457 4452 summe
476 4387 561 4450 1300
583 4384 642 4467 lep
664 4408 712 4468 pr.
731 4387 824 4470 prad.
848 4385 968 4467 sapsal.
992 4385 1111 4450 Datum
1134 4383 1257 4464 Pragae
1279 4374 1334 4444 die
1359 4379 1400 4444 16
1418 4394 1498 4442 men·

357 4503 402 4567 sis
425 4502 547 4581 Martii,
570 4519 741 4583 regnorum
763 4507 946 4566 nostrornm
969 4517 1052 4565 auno
1075 4498 1127 4578 22,
1151 4493 1278 4577 imperii
1303 4491 1354 4558 13.

879 4639 942 4704 Per
963 4654 1077 4703 manus
1099 4635 1137 4700 B.
1154 4605 1201 4700 de
1223 4630 1461 4698 Gaastalowica.
