<?xml version="1.0" encoding="UTF-8"?>
<!DOCTYPE html PUBLIC "-//W3C//DTD XHTML 1.0 Transitional//EN"
    "http://www.w3.org/TR/xhtml1/DTD/xhtml1-transitional.dtd">
<html xmlns="http://www.w3.org/1999/xhtml" xml:lang="en" lang="en">
 <head>
  <title>
</title>
<meta http-equiv="Content-Type" content="text/html;charset=utf-8" />
  <meta name='ocr-system' content='tesseract 3.04.00' />
  <meta name='ocr-capabilities' content='ocr_page ocr_carea ocr_par ocr_line ocrx_word'/>
</head>
<body>
  <div class='ocr_page' id='page_1' title='image "./sbrkapramenprva01kingoog/sbrkapramenprva01kingoog_0652.png"; bbox 0 0 3098 5392; ppageno 0'>
   <div class='ocr_carea' id='block_1_1' title="bbox 218 414 901 482">
    <p class='ocr_par' dir='ltr' id='par_1_1' title="bbox 218 414 901 482">
     <span class='ocr_line' id='line_1_1' title="bbox 218 414 901 482; baseline 0.001 -16"><span class='ocrx_word' id='word_1_1' title='bbox 218 414 283 482; x_wconf 66' lang='lat'>613</span> <span class='ocrx_word' id='word_1_2' title='bbox 824 416 901 468; x_wconf 78' lang='lat' dir='ltr'>rasa.</span> 
     </span>
    </p>
   </div>
   <div class='ocr_carea' id='block_1_2' title="bbox 210 624 1510 4224">
    <p class='ocr_par' dir='ltr' id='par_1_2' title="bbox 210 624 1510 4224">
     <span class='ocr_line' id='line_1_2' title="bbox 217 624 1507 708; baseline 0.002 -18"><span class='ocrx_word' id='word_1_3' title='bbox 217 624 367 690; x_wconf 87' lang='lat' dir='ltr'>libertate</span> <span class='ocrx_word' id='word_1_4' title='bbox 395 626 579 705; x_wconf 86' lang='lat' dir='ltr'>statuimus,</span> <span class='ocrx_word' id='word_1_5' title='bbox 609 630 645 690; x_wconf 82' lang='lat' dir='ltr'>vt</span> <span class='ocrx_word' id='word_1_6' title='bbox 672 644 731 707; x_wconf 89' lang='lat' dir='ltr'>per</span> <span class='ocrx_word' id='word_1_7' title='bbox 760 644 854 691; x_wconf 90' lang='lat' dir='ltr'>omne</span> <span class='ocrx_word' id='word_1_8' title='bbox 874 631 1012 708; x_wconf 87' lang='lat' dir='ltr'>tempus,</span> <span class='ocrx_word' id='word_1_9' title='bbox 1034 644 1099 708; x_wconf 91' lang='lat' dir='ltr'>qno</span> <span class='ocrx_word' id='word_1_10' title='bbox 1120 624 1283 691; x_wconf 76' lang='lat' dir='ltr'>nundinas</span> <span class='ocrx_word' id='word_1_11' title='bbox 1305 625 1507 707; x_wconf 78' lang='lat' dir='ltr'>supradictas</span> 
     </span>
     <span class='ocr_line' id='line_1_3' title="bbox 218 737 1508 823; baseline 0.001 -19"><span class='ocrx_word' id='word_1_12' title='bbox 218 737 385 804; x_wconf 83' lang='lat' dir='ltr'>obseruari</span> <span class='ocrx_word' id='word_1_13' title='bbox 400 738 613 818; x_wconf 84' lang='lat' dir='ltr'>decredimus,</span> <span class='ocrx_word' id='word_1_14' title='bbox 636 743 674 804; x_wconf 91' lang='lat' dir='ltr'>ut</span> <span class='ocrx_word' id='word_1_15' title='bbox 693 738 865 820; x_wconf 77' lang='lat' dir='ltr'>prefertur,</span> <span class='ocrx_word' id='word_1_16' title='bbox 887 739 996 805; x_wconf 93' lang='lat' dir='ltr'>nullus</span> <span class='ocrx_word' id='word_1_17' title='bbox 1017 745 1178 806; x_wconf 83' lang='lat' dir='ltr'>mercator</span> <span class='ocrx_word' id='word_1_18' title='bbox 1195 740 1351 822; x_wconf 88' lang='lat' dir='ltr'>nullaque</span> <span class='ocrx_word' id='word_1_19' title='bbox 1364 757 1508 823; x_wconf 68' lang='lat' dir='ltr'>pesona</span> 
     </span>
     <span class='ocr_line' id='line_1_4' title="bbox 219 851 1509 935; baseline 0.002 -19"><span class='ocrx_word' id='word_1_20' title='bbox 219 851 437 935; x_wconf 87' lang='lat' dir='ltr'>cuiuscunque</span> <span class='ocrx_word' id='word_1_21' title='bbox 473 857 588 933; x_wconf 88' lang='lat' dir='ltr'>status,</span> <span class='ocrx_word' id='word_1_22' title='bbox 630 852 830 919; x_wconf 89' lang='lat' dir='ltr'>condicionis</span> <span class='ocrx_word' id='word_1_23' title='bbox 871 853 943 918; x_wconf 88' lang='lat' dir='ltr'>sine</span> <span class='ocrx_word' id='word_1_24' title='bbox 979 852 1100 935; x_wconf 82' lang='lat' dir='ltr'>gradus</span> <span class='ocrx_word' id='word_1_25' title='bbox 1136 853 1266 933; x_wconf 66' lang='lat' dir='ltr'>exient,</span> <span class='ocrx_word' id='word_1_26' title='bbox 1302 858 1509 920; x_wconf 77' lang='lat' dir='ltr'>mercatorem</span> 
     </span>
     <span class='ocr_line' id='line_1_5' title="bbox 217 964 1509 1050; baseline 0.002 -21"><span class='ocrx_word' id='word_1_27' title='bbox 217 964 318 1029; x_wconf 84' lang='lat' dir='ltr'>alium</span> <span class='ocrx_word' id='word_1_28' title='bbox 346 965 486 1032; x_wconf 84' lang='lat' dir='ltr'>aliamue</span> <span class='ocrx_word' id='word_1_29' title='bbox 514 985 695 1048; x_wconf 75' lang='lat' dir='ltr'><strong>personam,</strong></span> <span class='ocrx_word' id='word_1_30' title='bbox 726 985 927 1050; x_wconf 83' lang='lat' dir='ltr'>quecumque</span> <span class='ocrx_word' id='word_1_31' title='bbox 959 967 1004 1033; x_wconf 91' lang='lat' dir='ltr'>sit</span> <span class='ocrx_word' id='word_1_32' title='bbox 1025 967 1093 1047; x_wconf 85' lang='lat' dir='ltr'>illa,</span> <span class='ocrx_word' id='word_1_33' title='bbox 1115 985 1214 1048; x_wconf 88' lang='lat' dir='ltr'>super</span> <span class='ocrx_word' id='word_1_34' title='bbox 1235 985 1439 1050; x_wconf 87' lang='lat' dir='ltr'>quocumque</span> <span class='ocrx_word' id='word_1_35' title='bbox 1459 966 1509 1032; x_wconf 83' lang='lat' dir='ltr'>de</span> 
     </span>
     <span class='ocr_line' id='line_1_6' title="bbox 219 1077 1510 1164; baseline 0.002 -21"><span class='ocrx_word' id='word_1_36' title='bbox 219 1077 287 1144; x_wconf 90' lang='lat' dir='ltr'>bite</span> <span class='ocrx_word' id='word_1_37' title='bbox 316 1079 412 1145; x_wconf 87' lang='lat' dir='ltr'>aliter</span> <span class='ocrx_word' id='word_1_38' title='bbox 442 1079 626 1164; x_wconf 80' lang='lat' dir='ltr'>vbicunqne</span> <span class='ocrx_word' id='word_1_39' title='bbox 659 1086 823 1147; x_wconf 79' lang='lat' dir='ltr'>wutracto</span> <span class='ocrx_word' id='word_1_40' title='bbox 852 1086 1013 1147; x_wconf 88' lang='lat' dir='ltr'>arrestare</span> <span class='ocrx_word' id='word_1_41' title='bbox 1042 1081 1096 1146; x_wconf 89' lang='lat' dir='ltr'>nel</span> <span class='ocrx_word' id='word_1_42' title='bbox 1125 1081 1282 1164; x_wconf 81' lang='lat' dir='ltr'>impetere</span> <span class='ocrx_word' id='word_1_43' title='bbox 1313 1081 1429 1163; x_wconf 87' lang='lat' dir='ltr'>possit,</span> <span class='ocrx_word' id='word_1_44' title='bbox 1457 1087 1510 1145; x_wconf 91' lang='lat' dir='ltr'>ant</span> 
     </span>
     <span class='ocr_line' id='line_1_7' title="bbox 218 1191 1509 1277; baseline 0.005 -22"><span class='ocrx_word' id='word_1_45' title='bbox 218 1191 314 1257; x_wconf 88' lang='lat' dir='ltr'>aliter</span> <span class='ocrx_word' id='word_1_46' title='bbox 346 1191 545 1259; x_wconf 86' lang='lat' dir='ltr'>iudicialiter</span> <span class='ocrx_word' id='word_1_47' title='bbox 574 1194 748 1260; x_wconf 89' lang='lat' dir='ltr'>conuenire</span> <span class='ocrx_word' id='word_1_48' title='bbox 781 1194 834 1259; x_wconf 88' lang='lat' dir='ltr'>uel</span> <span class='ocrx_word' id='word_1_49' title='bbox 866 1195 970 1260; x_wconf 87' lang='lat' dir='ltr'>eciam</span> <span class='ocrx_word' id='word_1_50' title='bbox 999 1198 1090 1260; x_wconf 85' lang='lat' dir='ltr'>extra</span> <span class='ocrx_word' id='word_1_51' title='bbox 1120 1192 1319 1260; x_wconf 82' lang='lat' dir='ltr'>iudicialiter</span> <span class='ocrx_word' id='word_1_52' title='bbox 1345 1213 1509 1277; x_wconf 68' lang='lat' dir='ltr'>occupare,</span> 
     </span>
     <span class='ocr_line' id='line_1_8' title="bbox 217 1304 1510 1388; baseline 0.002 -18"><span class='ocrx_word' id='word_1_53' title='bbox 217 1304 283 1370; x_wconf 91' lang='lat' dir='ltr'>nisi</span> <span class='ocrx_word' id='word_1_54' title='bbox 311 1305 420 1388; x_wconf 88' lang='lat' dir='ltr'>ipsum</span> <span class='ocrx_word' id='word_1_55' title='bbox 448 1305 593 1373; x_wconf 90' lang='lat' dir='ltr'>debitum</span> <span class='ocrx_word' id='word_1_56' title='bbox 622 1308 657 1373; x_wconf 92' lang='lat' dir='ltr'>in</span> <span class='ocrx_word' id='word_1_57' title='bbox 686 1306 775 1373; x_wconf 87' lang='lat' dir='ltr'>dicta</span> <span class='ocrx_word' id='word_1_58' title='bbox 804 1307 939 1373; x_wconf 88' lang='lat' dir='ltr'>ciuitate</span> <span class='ocrx_word' id='word_1_59' title='bbox 968 1307 1187 1374; x_wconf 85' lang='lat' dir='ltr'>nundinarum</span> <span class='ocrx_word' id='word_1_60' title='bbox 1214 1306 1404 1374; x_wconf 86' lang='lat' dir='ltr'>huiusmodi</span> <span class='ocrx_word' id='word_1_61' title='bbox 1433 1307 1510 1372; x_wconf 93' lang='lat' dir='ltr'>dun·</span> 
     </span>
     <span class='ocr_line' id='line_1_9' title="bbox 217 1419 1509 1504; baseline 0.002 -21"><span class='ocrx_word' id='word_1_62' title='bbox 217 1422 307 1484; x_wconf 88' lang='lat' dir='ltr'>taxat</span> <span class='ocrx_word' id='word_1_63' title='bbox 327 1424 472 1504; x_wconf 86' lang='lat' dir='ltr'>tempore</span> <span class='ocrx_word' id='word_1_64' title='bbox 494 1421 538 1487; x_wconf 92' lang='lat' dir='ltr'>sit</span> <span class='ocrx_word' id='word_1_65' title='bbox 559 1425 767 1487; x_wconf 71' lang='lat' dir='ltr'>conuectum</span> <span class='ocrx_word' id='word_1_66' title='bbox 790 1419 824 1486; x_wconf 86' lang='lat' dir='ltr'>Si</span> <span class='ocrx_word' id='word_1_67' title='bbox 848 1420 921 1503; x_wconf 91' lang='lat' dir='ltr'>quis</span> <span class='ocrx_word' id='word_1_68' title='bbox 936 1426 1044 1487; x_wconf 87' lang='lat' dir='ltr'>antem</span> <span class='ocrx_word' id='word_1_69' title='bbox 1059 1426 1209 1504; x_wconf 85' lang='lat' dir='ltr'>pretextu</span> <span class='ocrx_word' id='word_1_70' title='bbox 1222 1420 1385 1487; x_wconf 75' lang='lat' dir='ltr'>libmtatia</span> <span class='ocrx_word' id='word_1_71' title='bbox 1399 1421 1509 1487; x_wconf 89' lang='lat' dir='ltr'>huius·</span> 
     </span>
     <span class='ocr_line' id='line_1_10' title="bbox 213 1531 1508 1618; baseline 0.003 -22"><span class='ocrx_word' id='word_1_72' title='bbox 213 1531 301 1597; x_wconf 92' lang='lat' dir='ltr'>modi</span> <span class='ocrx_word' id='word_1_73' title='bbox 336 1533 370 1598; x_wconf 94' lang='lat' dir='ltr'>in</span> <span class='ocrx_word' id='word_1_74' title='bbox 402 1533 548 1600; x_wconf 86' lang='lat' dir='ltr'>eiusdem</span> <span class='ocrx_word' id='word_1_75' title='bbox 571 1532 744 1614; x_wconf 79' lang='lat' dir='ltr'>libertatis,</span> <span class='ocrx_word' id='word_1_76' title='bbox 776 1552 851 1618; x_wconf 86' lang='lat' dir='ltr'>ymo</span> <span class='ocrx_word' id='word_1_77' title='bbox 872 1539 983 1601; x_wconf 88' lang='lat' dir='ltr'>nostre</span> <span class='ocrx_word' id='word_1_78' title='bbox 1003 1535 1185 1601; x_wconf 86' lang='lat' dir='ltr'>maiestatis</span> <span class='ocrx_word' id='word_1_79' title='bbox 1206 1533 1362 1601; x_wconf 84' lang='lat' dir='ltr'>iniuriam</span> <span class='ocrx_word' id='word_1_80' title='bbox 1382 1539 1418 1601; x_wconf 89' lang='lat' dir='ltr'>et</span> <span class='ocrx_word' id='word_1_81' title='bbox 1439 1554 1508 1602; x_wconf 88' lang='lat' dir='ltr'>con-</span> 
     </span>
     <span class='ocr_line' id='line_1_11' title="bbox 214 1646 1508 1730; baseline 0.002 -19"><span class='ocrx_word' id='word_1_82' title='bbox 214 1650 371 1728; x_wconf 88' lang='lat' dir='ltr'>temptum</span> <span class='ocrx_word' id='word_1_83' title='bbox 393 1646 526 1730; x_wconf 75' lang='lat' dir='ltr'><strong>aliquod</strong></span> <span class='ocrx_word' id='word_1_84' title='bbox 542 1646 696 1713; x_wconf 89' lang='lat' dir='ltr'>delictum</span> <span class='ocrx_word' id='word_1_85' title='bbox 717 1652 862 1730; x_wconf 88' lang='lat' dir='ltr'>tempore</span> <span class='ocrx_word' id='word_1_86' title='bbox 877 1647 1095 1713; x_wconf 89' lang='lat' dir='ltr'>nundinarum</span> <span class='ocrx_word' id='word_1_87' title='bbox 1117 1646 1203 1714; x_wconf 84' lang='lat' dir='ltr'>infra</span> <span class='ocrx_word' id='word_1_88' title='bbox 1224 1649 1373 1730; x_wconf 87' lang='lat' dir='ltr'>spacium</span> <span class='ocrx_word' id='word_1_89' title='bbox 1392 1667 1508 1714; x_wconf 83' lang='lat' dir='ltr'>memo</span> 
     </span>
     <span class='ocr_line' id='line_1_12' title="bbox 215 1759 1505 1844; baseline 0.005 -22"><span class='ocrx_word' id='word_1_90' title='bbox 215 1764 322 1824; x_wconf 90' lang='lat' dir='ltr'>ratum</span> <span class='ocrx_word' id='word_1_91' title='bbox 344 1760 544 1826; x_wconf 90' lang='lat' dir='ltr'>committere</span> <span class='ocrx_word' id='word_1_92' title='bbox 573 1759 694 1827; x_wconf 83' lang='lat' dir='ltr'>ibidem</span> <span class='ocrx_word' id='word_1_93' title='bbox 723 1761 966 1843; x_wconf 67' lang='lat' dir='ltr'>presumpserit,</span> <span class='ocrx_word' id='word_1_94' title='bbox 995 1767 1093 1844; x_wconf 90' lang='lat' dir='ltr'>atque</span> <span class='ocrx_word' id='word_1_95' title='bbox 1121 1760 1295 1828; x_wconf 82' lang='lat' dir='ltr'>riolanerit</span> <span class='ocrx_word' id='word_1_96' title='bbox 1322 1761 1505 1828; x_wconf 86' lang='lat' dir='ltr'>huiusmodi</span> 
     </span>
     <span class='ocr_line' id='line_1_13' title="bbox 214 1871 1506 1957; baseline 0.005 -20"><span class='ocrx_word' id='word_1_97' title='bbox 214 1871 405 1955; x_wconf 86' lang='lat' dir='ltr'>libertatem,</span> <span class='ocrx_word' id='word_1_98' title='bbox 435 1873 478 1939; x_wconf 85' lang='lat' dir='ltr'>ad</span> <span class='ocrx_word' id='word_1_99' title='bbox 508 1873 768 1941; x_wconf 72' lang='lat' dir='ltr'>satisfaccionem</span> <span class='ocrx_word' id='word_1_100' title='bbox 798 1874 990 1957; x_wconf 78' lang='lat' dir='ltr'>condignam</span> <span class='ocrx_word' id='word_1_101' title='bbox 1010 1873 1175 1941; x_wconf 87' lang='lat' dir='ltr'>mediante</span> <span class='ocrx_word' id='word_1_102' title='bbox 1195 1875 1330 1942; x_wconf 75' lang='lat' dir='ltr'>iusticia</span> <span class='ocrx_word' id='word_1_103' title='bbox 1350 1876 1506 1944; x_wconf 87' lang='lat' dir='ltr'>constrin-</span> 
     </span>
     <span class='ocr_line' id='line_1_14' title="bbox 215 1987 1507 2071; baseline 0.003 -20"><span class='ocrx_word' id='word_1_104' title='bbox 215 1992 318 2069; x_wconf 81' lang='lat' dir='ltr'>gatur.</span> <span class='ocrx_word' id='word_1_105' title='bbox 340 1987 385 2052; x_wconf 85' lang='lat' dir='ltr'>Et</span> <span class='ocrx_word' id='word_1_106' title='bbox 407 1988 601 2070; x_wconf 82' lang='lat' dir='ltr'>generaliter</span> <span class='ocrx_word' id='word_1_107' title='bbox 623 1988 766 2054; x_wconf 77' lang='lat' dir='ltr'>vninemi</span> <span class='ocrx_word' id='word_1_108' title='bbox 789 1994 822 2055; x_wconf 92' lang='lat' dir='ltr'>et</span> <span class='ocrx_word' id='word_1_109' title='bbox 843 1989 965 2071; x_wconf 79' lang='lat' dir='ltr'>singuli</span> <span class='ocrx_word' id='word_1_110' title='bbox 979 1988 1166 2056; x_wconf 90' lang='lat' dir='ltr'>huiusmodi</span> <span class='ocrx_word' id='word_1_111' title='bbox 1187 1987 1352 2056; x_wconf 78' lang='lat' dir='ltr'>nundinas</span> <span class='ocrx_word' id='word_1_112' title='bbox 1373 1988 1507 2055; x_wconf 68' lang='lat' dir='ltr'>visiun·</span> 
     </span>
     <span class='ocr_line' id='line_1_15' title="bbox 215 2098 1505 2185; baseline 0.002 -21"><span class='ocrx_word' id='word_1_113' title='bbox 215 2104 266 2164; x_wconf 82' lang='lat' dir='ltr'>tes</span> <span class='ocrx_word' id='word_1_114' title='bbox 287 2098 436 2166; x_wconf 91' lang='lat' dir='ltr'>omnibns</span> <span class='ocrx_word' id='word_1_115' title='bbox 458 2106 491 2167; x_wconf 91' lang='lat' dir='ltr'>et</span> <span class='ocrx_word' id='word_1_116' title='bbox 514 2101 652 2183; x_wconf 81' lang='lat' dir='ltr'>singulis</span> <span class='ocrx_word' id='word_1_117' title='bbox 674 2101 890 2183; x_wconf 74' lang='lat' dir='ltr'>libertatibus,</span> <span class='ocrx_word' id='word_1_118' title='bbox 921 2099 1221 2182; x_wconf 87' lang='lat' dir='ltr'>consuetudinibus,</span> <span class='ocrx_word' id='word_1_119' title='bbox 1242 2101 1374 2184; x_wconf 76' lang='lat' dir='ltr'>graciis,</span> <span class='ocrx_word' id='word_1_120' title='bbox 1407 2102 1505 2185; x_wconf 88' lang='lat' dir='ltr'>priui-</span> 
     </span>
     <span class='ocr_line' id='line_1_16' title="bbox 216 2212 1507 2298; baseline 0.002 -21"><span class='ocrx_word' id='word_1_121' title='bbox 216 2212 311 2294; x_wconf 74' lang='lat' dir='ltr'>legiis</span> <span class='ocrx_word' id='word_1_122' title='bbox 334 2219 367 2280; x_wconf 92' lang='lat' dir='ltr'>et</span> <span class='ocrx_word' id='word_1_123' title='bbox 383 2212 513 2296; x_wconf 88' lang='lat' dir='ltr'>juribus</span> <span class='ocrx_word' id='word_1_124' title='bbox 535 2214 677 2296; x_wconf 83' lang='lat' dir='ltr'>gaudere</span> <span class='ocrx_word' id='word_1_125' title='bbox 698 2213 816 2281; x_wconf 88' lang='lat' dir='ltr'>debent</span> <span class='ocrx_word' id='word_1_126' title='bbox 838 2219 872 2280; x_wconf 89' lang='lat' dir='ltr'>et</span> <span class='ocrx_word' id='word_1_127' title='bbox 893 2213 1010 2297; x_wconf 84' lang='lat' dir='ltr'>perfui,</span> <span class='ocrx_word' id='word_1_128' title='bbox 1030 2212 1148 2298; x_wconf 89' lang='lat' dir='ltr'>quibus</span> <span class='ocrx_word' id='word_1_129' title='bbox 1170 2214 1342 2281; x_wconf 67' lang='lat' dir='ltr'>&amp;aeneis</span> <span class='ocrx_word' id='word_1_130' title='bbox 1363 2214 1507 2281; x_wconf 71' lang='lat' dir='ltr'>multatis</span> 
     </span>
     <span class='ocr_line' id='line_1_17' title="bbox 214 2326 1509 2411; baseline 0.001 -20"><span class='ocrx_word' id='word_1_131' title='bbox 214 2331 324 2392; x_wconf 88' lang='lat' dir='ltr'>nostre</span> <span class='ocrx_word' id='word_1_132' title='bbox 352 2326 515 2393; x_wconf 89' lang='lat' dir='ltr'>nundinas</span> <span class='ocrx_word' id='word_1_133' title='bbox 547 2328 718 2394; x_wconf 83' lang='lat' dir='ltr'>visitantes</span> <span class='ocrx_word' id='word_1_134' title='bbox 747 2334 893 2410; x_wconf 88' lang='lat' dir='ltr'>tempore</span> <span class='ocrx_word' id='word_1_135' title='bbox 921 2327 1139 2394; x_wconf 88' lang='lat' dir='ltr'>nundinarum</span> <span class='ocrx_word' id='word_1_136' title='bbox 1160 2328 1347 2395; x_wconf 86' lang='lat' dir='ltr'>huiusmodi</span> <span class='ocrx_word' id='word_1_137' title='bbox 1368 2327 1509 2411; x_wconf 75' lang='lat' dir='ltr'>gandent</span> 
     </span>
     <span class='ocr_line' id='line_1_18' title="bbox 215 2440 1509 2524; baseline 0.002 -18"><span class='ocrx_word' id='word_1_138' title='bbox 215 2445 248 2506; x_wconf 91' lang='lat' dir='ltr'>et</span> <span class='ocrx_word' id='word_1_139' title='bbox 263 2440 502 2521; x_wconf 85' lang='lat' dir='ltr'>quomodolibet</span> <span class='ocrx_word' id='word_1_140' title='bbox 511 2443 693 2523; x_wconf 89' lang='lat' dir='ltr'>pociuntur.</span> <span class='ocrx_word' id='word_1_141' title='bbox 705 2441 898 2508; x_wconf 87' lang='lat' dir='ltr'>blandamus</span> <span class='ocrx_word' id='word_1_142' title='bbox 914 2441 1016 2523; x_wconf 82' lang='lat' dir='ltr'>igitur</span> <span class='ocrx_word' id='word_1_143' title='bbox 1030 2441 1193 2508; x_wconf 80' lang='lat' dir='ltr'>vniuersis</span> <span class='ocrx_word' id='word_1_144' title='bbox 1207 2445 1241 2508; x_wconf 89' lang='lat' dir='ltr'>et</span> <span class='ocrx_word' id='word_1_145' title='bbox 1260 2441 1402 2524; x_wconf 64' lang='lat' dir='ltr'>sinfflrlis</span> <span class='ocrx_word' id='word_1_146' title='bbox 1423 2442 1509 2524; x_wconf 87' lang='lat' dir='ltr'>prin·</span> 
     </span>
     <span class='ocr_line' id='line_1_19' title="bbox 218 2552 1508 2636; baseline 0.002 -17"><span class='ocrx_word' id='word_1_147' title='bbox 218 2552 356 2636; x_wconf 83' lang='lat' dir='ltr'>cipibus,</span> <span class='ocrx_word' id='word_1_148' title='bbox 378 2555 609 2622; x_wconf 86' lang='lat' dir='ltr'>ecclesiasticis</span> <span class='ocrx_word' id='word_1_149' title='bbox 635 2561 668 2621; x_wconf 90' lang='lat' dir='ltr'>et</span> <span class='ocrx_word' id='word_1_150' title='bbox 690 2555 900 2635; x_wconf 87' lang='lat' dir='ltr'>secularibus,</span> <span class='ocrx_word' id='word_1_151' title='bbox 923 2554 1106 2635; x_wconf 80' lang='lat' dir='ltr'>comitibus,</span> <span class='ocrx_word' id='word_1_152' title='bbox 1127 2553 1314 2635; x_wconf 82' lang='lat' dir='ltr'>baronibus,</span> <span class='ocrx_word' id='word_1_153' title='bbox 1336 2553 1508 2635; x_wconf 78' lang='lat' dir='ltr'>nobilibus,</span> 
     </span>
     <span class='ocr_line' id='line_1_20' title="bbox 212 2666 1510 2752; baseline 0.001 -19"><span class='ocrx_word' id='word_1_154' title='bbox 212 2667 381 2751; x_wconf 89' lang='lat' dir='ltr'>militibus,</span> <span class='ocrx_word' id='word_1_155' title='bbox 410 2668 592 2750; x_wconf 83' lang='lat' dir='ltr'>clientibus,</span> <span class='ocrx_word' id='word_1_156' title='bbox 621 2669 839 2752; x_wconf 82' lang='lat' dir='ltr'>burggraniis,</span> <span class='ocrx_word' id='word_1_157' title='bbox 874 2666 1077 2750; x_wconf 84' lang='lat' dir='ltr'>officialibus,</span> <span class='ocrx_word' id='word_1_158' title='bbox 1095 2666 1262 2750; x_wconf 89' lang='lat' dir='ltr'>jndicibus</span> <span class='ocrx_word' id='word_1_159' title='bbox 1283 2668 1457 2734; x_wconf 75' lang='lat' dir='ltr'>ciuitamm</span> <span class='ocrx_word' id='word_1_160' title='bbox 1476 2672 1510 2734; x_wconf 88' lang='lat' dir='ltr'>et</span> 
     </span>
     <span class='ocr_line' id='line_1_21' title="bbox 212 2779 1509 2863; baseline -0.001 -15"><span class='ocrx_word' id='word_1_161' title='bbox 212 2782 356 2848; x_wconf 88' lang='lat' dir='ltr'>locorum</span> <span class='ocrx_word' id='word_1_162' title='bbox 383 2781 650 2849; x_wconf 83' lang='lat' dir='ltr'>vninersitatibns</span> <span class='ocrx_word' id='word_1_163' title='bbox 683 2787 717 2848; x_wconf 90' lang='lat' dir='ltr'>et</span> <span class='ocrx_word' id='word_1_164' title='bbox 748 2782 865 2849; x_wconf 85' lang='lat' dir='ltr'>ceteris</span> <span class='ocrx_word' id='word_1_165' title='bbox 896 2782 1018 2848; x_wconf 82' lang='lat' dir='ltr'>nostris</span> <span class='ocrx_word' id='word_1_166' title='bbox 1048 2779 1198 2847; x_wconf 86' lang='lat' dir='ltr'>fidelibus</span> <span class='ocrx_word' id='word_1_167' title='bbox 1228 2785 1262 2846; x_wconf 89' lang='lat' dir='ltr'>et</span> <span class='ocrx_word' id='word_1_168' title='bbox 1290 2779 1432 2847; x_wconf 86' lang='lat' dir='ltr'>subditis</span> <span class='ocrx_word' id='word_1_169' title='bbox 1453 2798 1509 2863; x_wconf 89' lang='lat' dir='ltr'>per</span> 
     </span>
     <span class='ocr_line' id='line_1_22' title="bbox 213 2893 1508 2978; baseline -0.001 -17"><span class='ocrx_word' id='word_1_170' title='bbox 213 2913 348 2978; x_wconf 77' lang='lat' dir='ltr'>regnum</span> <span class='ocrx_word' id='word_1_171' title='bbox 378 2896 511 2963; x_wconf 90' lang='lat' dir='ltr'>Boemie</span> <span class='ocrx_word' id='word_1_172' title='bbox 543 2895 678 2963; x_wconf 87' lang='lat' dir='ltr'>vbilibet</span> <span class='ocrx_word' id='word_1_173' title='bbox 707 2895 904 2976; x_wconf 91' lang='lat' dir='ltr'>constitutis,</span> <span class='ocrx_word' id='word_1_174' title='bbox 934 2894 1139 2978; x_wconf 85' lang='lat' dir='ltr'>presentibus</span> <span class='ocrx_word' id='word_1_175' title='bbox 1169 2895 1292 2977; x_wconf 87' lang='lat' dir='ltr'>puriter</span> <span class='ocrx_word' id='word_1_176' title='bbox 1320 2899 1355 2960; x_wconf 90' lang='lat' dir='ltr'>et</span> <span class='ocrx_word' id='word_1_177' title='bbox 1377 2893 1508 2975; x_wconf 82' lang='lat' dir='ltr'>futuris,</span> 
     </span>
     <span class='ocr_line' id='line_1_23' title="bbox 214 3006 1509 3092; baseline -0.002 -17"><span class='ocrx_word' id='word_1_178' title='bbox 214 3011 367 3092; x_wconf 76' lang='lat' dir='ltr'>quatinus</span> <span class='ocrx_word' id='word_1_179' title='bbox 389 3011 561 3077; x_wconf 70' lang='lat' dir='ltr'>visitantes</span> <span class='ocrx_word' id='word_1_180' title='bbox 582 3009 744 3075; x_wconf 89' lang='lat' dir='ltr'>nundinas</span> <span class='ocrx_word' id='word_1_181' title='bbox 768 3009 981 3092; x_wconf 85' lang='lat' dir='ltr'>supradictas,</span> <span class='ocrx_word' id='word_1_182' title='bbox 1004 3013 1167 3074; x_wconf 82' lang='lat' dir='ltr'>morantes</span> <span class='ocrx_word' id='word_1_183' title='bbox 1187 3013 1223 3074; x_wconf 90' lang='lat' dir='ltr'>et</span> <span class='ocrx_word' id='word_1_184' title='bbox 1241 3006 1434 3074; x_wconf 83' lang='lat' dir='ltr'>recedentes</span> <span class='ocrx_word' id='word_1_185' title='bbox 1454 3007 1509 3073; x_wconf 81' lang='lat' dir='ltr'>ab</span> 
     </span>
     <span class='ocr_line' id='line_1_24' title="bbox 213 3120 1509 3205; baseline 0.001 -18"><span class='ocrx_word' id='word_1_186' title='bbox 213 3120 289 3188; x_wconf 90' lang='lat' dir='ltr'>inde</span> <span class='ocrx_word' id='word_1_187' title='bbox 318 3123 352 3188; x_wconf 93' lang='lat' dir='ltr'>in</span> <span class='ocrx_word' id='word_1_188' title='bbox 385 3124 474 3190; x_wconf 88' lang='lat' dir='ltr'>nullo</span> <span class='ocrx_word' id='word_1_189' title='bbox 502 3125 674 3189; x_wconf 88' lang='lat' dir='ltr'>molestent</span> <span class='ocrx_word' id='word_1_190' title='bbox 703 3123 833 3205; x_wconf 91' lang='lat' dir='ltr'>penitus</span> <span class='ocrx_word' id='word_1_191' title='bbox 863 3123 915 3189; x_wconf 78' lang='lat' dir='ltr'>rel</span> <span class='ocrx_word' id='word_1_192' title='bbox 945 3121 1143 3205; x_wconf 85' lang='lat' dir='ltr'>perturbent,</span> <span class='ocrx_word' id='word_1_193' title='bbox 1165 3122 1359 3204; x_wconf 83' lang='lat' dir='ltr'>qninpocina</span> <span class='ocrx_word' id='word_1_194' title='bbox 1380 3122 1430 3188; x_wconf 86' lang='lat' dir='ltr'>eis</span> <span class='ocrx_word' id='word_1_195' title='bbox 1451 3139 1509 3204; x_wconf 88' lang='lat' dir='ltr'>per</span> 
     </span>
     <span class='ocr_line' id='line_1_25' title="bbox 212 3234 1509 3318; baseline 0.001 -17"><span class='ocrx_word' id='word_1_196' title='bbox 212 3235 283 3301; x_wconf 87' lang='lat' dir='ltr'>loca</span> <span class='ocrx_word' id='word_1_197' title='bbox 315 3235 557 3302; x_wconf 89' lang='lat' dir='ltr'>transeuntibus</span> <span class='ocrx_word' id='word_1_198' title='bbox 586 3236 628 3301; x_wconf 92' lang='lat' dir='ltr'>de</span> <span class='ocrx_word' id='word_1_199' title='bbox 657 3254 771 3302; x_wconf 88' lang='lat' dir='ltr'>securo</span> <span class='ocrx_word' id='word_1_200' title='bbox 795 3236 955 3303; x_wconf 91' lang='lat' dir='ltr'>conductu</span> <span class='ocrx_word' id='word_1_201' title='bbox 976 3235 1171 3318; x_wconf 90' lang='lat' dir='ltr'>prouideant</span> <span class='ocrx_word' id='word_1_202' title='bbox 1194 3252 1233 3303; x_wconf 89' lang='lat' dir='ltr'>ac</span> <span class='ocrx_word' id='word_1_203' title='bbox 1254 3253 1311 3302; x_wconf 88' lang='lat' dir='ltr'>eos</span> <span class='ocrx_word' id='word_1_204' title='bbox 1333 3239 1368 3300; x_wconf 90' lang='lat' dir='ltr'>et</span> <span class='ocrx_word' id='word_1_205' title='bbox 1388 3234 1509 3302; x_wconf 87' lang='lat' dir='ltr'>dictam</span> 
     </span>
     <span class='ocr_line' id='line_1_26' title="bbox 211 3348 1508 3432; baseline 0 -17"><span class='ocrx_word' id='word_1_206' title='bbox 211 3348 377 3415; x_wconf 88' lang='lat' dir='ltr'>ciuitatem</span> <span class='ocrx_word' id='word_1_207' title='bbox 407 3349 479 3415; x_wconf 88' lang='lat' dir='ltr'>siue</span> <span class='ocrx_word' id='word_1_208' title='bbox 507 3351 612 3432; x_wconf 89' lang='lat' dir='ltr'>ipsius</span> <span class='ocrx_word' id='word_1_209' title='bbox 643 3349 766 3415; x_wconf 86' lang='lat' dir='ltr'>incolas</span> <span class='ocrx_word' id='word_1_210' title='bbox 788 3351 823 3415; x_wconf 91' lang='lat' dir='ltr'>in</span> <span class='ocrx_word' id='word_1_211' title='bbox 844 3350 1062 3415; x_wconf 92' lang='lat' dir='ltr'>nundinarum</span> <span class='ocrx_word' id='word_1_212' title='bbox 1083 3348 1288 3416; x_wconf 86' lang='lat' dir='ltr'>libertatibus</span> <span class='ocrx_word' id='word_1_213' title='bbox 1311 3348 1508 3432; x_wconf 87' lang='lat' dir='ltr'>supradictis</span> 
     </span>
     <span class='ocr_line' id='line_1_27' title="bbox 210 3461 1508 3546; baseline -0.001 -17"><span class='ocrx_word' id='word_1_214' title='bbox 210 3482 269 3546; x_wconf 89' lang='lat' dir='ltr'>pro</span> <span class='ocrx_word' id='word_1_215' title='bbox 302 3481 399 3546; x_wconf 88' lang='lat' dir='ltr'>posse</span> <span class='ocrx_word' id='word_1_216' title='bbox 437 3468 667 3530; x_wconf 85' lang='lat' dir='ltr'>manuteneant</span> <span class='ocrx_word' id='word_1_217' title='bbox 695 3462 919 3529; x_wconf 83' lang='lat' dir='ltr'>fauorabiliter</span> <span class='ocrx_word' id='word_1_218' title='bbox 959 3469 993 3530; x_wconf 90' lang='lat' dir='ltr'>et</span> <span class='ocrx_word' id='word_1_219' title='bbox 1034 3467 1235 3544; x_wconf 87' lang='lat' dir='ltr'>conseruent,</span> <span class='ocrx_word' id='word_1_220' title='bbox 1266 3480 1332 3528; x_wconf 91' lang='lat' dir='ltr'>non</span> <span class='ocrx_word' id='word_1_221' title='bbox 1364 3461 1508 3528; x_wconf 86' lang='lat' dir='ltr'>sinentes</span> 
     </span>
     <span class='ocr_line' id='line_1_28' title="bbox 212 3574 1508 3660; baseline 0 -18"><span class='ocrx_word' id='word_1_222' title='bbox 212 3593 268 3643; x_wconf 91' lang='lat' dir='ltr'>eos</span> <span class='ocrx_word' id='word_1_223' title='bbox 297 3595 355 3658; x_wconf 90' lang='lat' dir='ltr'>per</span> <span class='ocrx_word' id='word_1_224' title='bbox 384 3595 420 3642; x_wconf 90' lang='lat' dir='ltr'>se</span> <span class='ocrx_word' id='word_1_225' title='bbox 450 3577 501 3644; x_wconf 85' lang='lat' dir='ltr'>vel</span> <span class='ocrx_word' id='word_1_226' title='bbox 523 3577 605 3643; x_wconf 88' lang='lat' dir='ltr'>alios</span> <span class='ocrx_word' id='word_1_227' title='bbox 631 3577 800 3660; x_wconf 82' lang='lat' dir='ltr'>quospiam</span> <span class='ocrx_word' id='word_1_228' title='bbox 822 3576 983 3659; x_wconf 90' lang='lat' dir='ltr'>impediri,</span> <span class='ocrx_word' id='word_1_229' title='bbox 1006 3581 1103 3659; x_wconf 90' lang='lat' dir='ltr'>prout</span> <span class='ocrx_word' id='word_1_230' title='bbox 1123 3575 1305 3642; x_wconf 86' lang='lat' dir='ltr'>maiestatis</span> <span class='ocrx_word' id='word_1_231' title='bbox 1326 3580 1440 3642; x_wconf 70' lang='lat' dir='ltr'>nosue</span> <span class='ocrx_word' id='word_1_232' title='bbox 1461 3574 1508 3642; x_wconf 86' lang='lat' dir='ltr'>of·</span> 
     </span>
     <span class='ocr_line' id='line_1_29' title="bbox 210 3687 1509 3772; baseline 0 -18"><span class='ocrx_word' id='word_1_233' title='bbox 210 3688 335 3755; x_wconf 79' lang='lat' dir='ltr'>sensam</span> <span class='ocrx_word' id='word_1_234' title='bbox 367 3694 532 3771; x_wconf 65' lang='lat' dir='ltr'>umquam</span> <span class='ocrx_word' id='word_1_235' title='bbox 563 3688 651 3772; x_wconf 81' lang='lat' dir='ltr'>regis</span> <span class='ocrx_word' id='word_1_236' title='bbox 681 3688 814 3755; x_wconf 87' lang='lat' dir='ltr'>Boemie</span> <span class='ocrx_word' id='word_1_237' title='bbox 844 3690 1016 3756; x_wconf 75' lang='lat' dir='ltr'>voluerunt</span> <span class='ocrx_word' id='word_1_238' title='bbox 1038 3691 1170 3756; x_wconf 89' lang='lat' dir='ltr'>enitare.</span> <span class='ocrx_word' id='word_1_239' title='bbox 1214 3688 1427 3757; x_wconf 86' lang='lat' dir='ltr'>Presencium</span> <span class='ocrx_word' id='word_1_240' title='bbox 1448 3687 1509 3755; x_wconf 91' lang='lat' dir='ltr'>snb</span> 
     </span>
     <span class='ocr_line' id='line_1_30' title="bbox 211 3801 1509 3885; baseline 0.002 -19"><span class='ocrx_word' id='word_1_241' title='bbox 211 3801 389 3883; x_wconf 88' lang='lat' dir='ltr'>imperialis</span> <span class='ocrx_word' id='word_1_242' title='bbox 427 3803 609 3869; x_wconf 89' lang='lat' dir='ltr'>maiestatis</span> <span class='ocrx_word' id='word_1_243' title='bbox 649 3808 760 3869; x_wconf 86' lang='lat' dir='ltr'>nostre</span> <span class='ocrx_word' id='word_1_244' title='bbox 797 3804 906 3885; x_wconf 82' lang='lat' dir='ltr'>sigillo</span> <span class='ocrx_word' id='word_1_245' title='bbox 948 3804 1135 3871; x_wconf 88' lang='lat' dir='ltr'>testimonio</span> <span class='ocrx_word' id='word_1_246' title='bbox 1165 3804 1342 3870; x_wconf 85' lang='lat' dir='ltr'>literarum.</span> <span class='ocrx_word' id='word_1_247' title='bbox 1386 3803 1509 3869; x_wconf 78' lang='lat' dir='ltr'>Datum</span> 
     </span>
     <span class='ocr_line' id='line_1_31' title="bbox 214 3912 1509 4000; baseline 0.003 -21"><span class='ocrx_word' id='word_1_248' title='bbox 214 3912 324 3979; x_wconf 84' lang='lat' dir='ltr'>Cadan</span> <span class='ocrx_word' id='word_1_249' title='bbox 353 3933 438 3981; x_wconf 80' lang='lat' dir='ltr'>anno</span> <span class='ocrx_word' id='word_1_250' title='bbox 467 3915 589 3983; x_wconf 91' lang='lat' dir='ltr'>domini</span> <span class='ocrx_word' id='word_1_251' title='bbox 624 3917 796 3982; x_wconf 88' lang='lat' dir='ltr'>millesimo</span> <span class='ocrx_word' id='word_1_252' title='bbox 816 3917 1043 3984; x_wconf 88' lang='lat' dir='ltr'>trecentesimo</span> <span class='ocrx_word' id='word_1_253' title='bbox 1066 3917 1267 4000; x_wconf 83' lang='lat' dir='ltr'>sexagesimo</span> <span class='ocrx_word' id='word_1_254' title='bbox 1287 3917 1509 4000; x_wconf 65' lang='lat' dir='ltr'>septimam·</span> 
     </span>
     <span class='ocr_line' id='line_1_32' title="bbox 213 4027 1507 4113; baseline 0.003 -20"><span class='ocrx_word' id='word_1_255' title='bbox 213 4027 354 4094; x_wconf 88' lang='lat' dir='ltr'>dictione</span> <span class='ocrx_word' id='word_1_256' title='bbox 387 4030 509 4111; x_wconf 87' lang='lat' dir='ltr'>quinta,</span> <span class='ocrx_word' id='word_1_257' title='bbox 544 4035 658 4113; x_wconf 82' lang='lat' dir='ltr'>quarto</span> <span class='ocrx_word' id='word_1_258' title='bbox 688 4029 842 4095; x_wconf 83' lang='lat' dir='ltr'>kalendas</span> <span class='ocrx_word' id='word_1_259' title='bbox 872 4029 975 4111; x_wconf 88' lang='lat' dir='ltr'>Junii,</span> <span class='ocrx_word' id='word_1_260' title='bbox 1003 4048 1177 4112; x_wconf 81' lang='lat' dir='ltr'>regnorum</span> <span class='ocrx_word' id='word_1_261' title='bbox 1208 4035 1395 4097; x_wconf 88' lang='lat' dir='ltr'>nostrorum</span> <span class='ocrx_word' id='word_1_262' title='bbox 1423 4048 1507 4097; x_wconf 79' lang='lat' dir='ltr'>anno</span> 
     </span>
     <span class='ocr_line' id='line_1_33' title="bbox 212 4141 1035 4224; baseline 0.005 -18"><span class='ocrx_word' id='word_1_263' title='bbox 212 4141 366 4208; x_wconf 77' lang='lat' dir='ltr'>vicesimo</span> <span class='ocrx_word' id='word_1_264' title='bbox 388 4141 502 4224; x_wconf 89' lang='lat' dir='ltr'>primo,</span> <span class='ocrx_word' id='word_1_265' title='bbox 525 4143 654 4224; x_wconf 88' lang='lat' dir='ltr'>imperii</span> <span class='ocrx_word' id='word_1_266' title='bbox 676 4160 752 4208; x_wconf 88' lang='lat' dir='ltr'>vero</span> <span class='ocrx_word' id='word_1_267' title='bbox 778 4144 878 4209; x_wconf 88' lang='lat' dir='ltr'>tercio</span> <span class='ocrx_word' id='word_1_268' title='bbox 902 4143 1035 4210; x_wconf 87' lang='lat' dir='ltr'>decimo.</span> 
     </span>
    </p>
   </div>
   <div class='ocr_carea' id='block_1_3' title="bbox 765 4279 1518 4480">
    <p class='ocr_par' dir='ltr' id='par_1_3' title="bbox 765 4279 1518 4480">
     <span class='ocr_line' id='line_1_34' title="bbox 765 4279 1518 4369; baseline 0.003 -21"><span class='ocrx_word' id='word_1_269' title='bbox 765 4281 830 4366; x_wconf 88' lang='lat' dir='ltr'>[Na</span> <span class='ocrx_word' id='word_1_270' title='bbox 852 4279 967 4369; x_wconf 86' lang='lat' dir='ltr'>ohbu:]</span> <span class='ocrx_word' id='word_1_271' title='bbox 990 4283 1053 4349; x_wconf 89' lang='lat' dir='ltr'>Per</span> <span class='ocrx_word' id='word_1_272' title='bbox 1074 4282 1240 4349; x_wconf 89' lang='lat' dir='ltr'>dominnm</span> <span class='ocrx_word' id='word_1_273' title='bbox 1261 4279 1304 4348; x_wconf 89' lang='lat' dir='ltr'>de</span> <span class='ocrx_word' id='word_1_274' title='bbox 1324 4280 1462 4350; x_wconf 79' lang='lat' dir='ltr'>Koldics</span> <span class='ocrx_word' id='word_1_275' title='bbox 1515 4280 1518 4285; x_wconf 79' lang='grc'><strong>’</strong></span> 
     </span>
     <span class='ocr_line' id='line_1_35' title="bbox 1043 4394 1411 4480; baseline 0.008 -19"><span class='ocrx_word' id='word_1_276' title='bbox 1043 4394 1411 4480; x_wconf 79' lang='lat' dir='ltr'>Nicolausdetlrapica</span> 
     </span>
    </p>
   </div>
   <div class='ocr_carea' id='block_1_4' title="bbox 315 4441 571 4535">
    <p class='ocr_par' dir='ltr' id='par_1_4' title="bbox 315 4441 571 4535">
     <span class='ocr_line' id='line_1_36' title="bbox 315 4441 571 4535; baseline 0.008 -23"><span class='ocrx_word' id='word_1_277' title='bbox 315 4441 377 4532; x_wconf 88' lang='lat' dir='ltr'>[Na</span> <span class='ocrx_word' id='word_1_278' title='bbox 398 4445 511 4535; x_wconf 89' lang='lat' dir='ltr'>rubn:]</span> <span class='ocrx_word' id='word_1_279' title='bbox 534 4448 571 4514; x_wconf 91' lang='lat' dir='ltr'>R.</span> 
     </span>
    </p>
   </div>
   <div class='ocr_carea' id='block_1_5' title="bbox 210 4582 1505 4753">
    <p class='ocr_par' dir='ltr' id='par_1_5' title="bbox 210 4582 1505 4753">
     <span class='ocr_line' id='line_1_37' title="bbox 314 4582 1505 4656; baseline 0.002 -20"><span class='ocrx_word' id='word_1_280' title='bbox 314 4582 387 4653; x_wconf 81' lang='lat' dir='ltr'>Orig.</span> <span class='ocrx_word' id='word_1_281' title='bbox 403 4600 480 4654; x_wconf 79' lang='lat' dir='ltr'>perg.</span> <span class='ocrx_word' id='word_1_282' title='bbox 497 4601 513 4638; x_wconf 85' lang='grc' dir='ltr'><strong>ι</strong></span> <span class='ocrx_word' id='word_1_283' title='bbox 532 4584 644 4640; x_wconf 82' lang='lat' dir='ltr'>archivu</span> <span class='ocrx_word' id='word_1_284' title='bbox 661 4600 697 4638; x_wconf 92' lang='lat' dir='ltr'>m.</span> <span class='ocrx_word' id='word_1_285' title='bbox 713 4582 831 4640; x_wconf 74' lang='lat' dir='ltr'>Kadane</span> <span class='ocrx_word' id='word_1_286' title='bbox 848 4585 886 4641; x_wconf 85' lang='lat' dir='ltr'>N⁰</span> <span class='ocrx_word' id='word_1_287' title='bbox 903 4592 919 4640; x_wconf 84' lang='grc'>3</span> <span class='ocrx_word' id='word_1_288' title='bbox 938 4585 988 4654; x_wconf 82' lang='lat' dir='ltr'>(lit</span> <span class='ocrx_word' id='word_1_289' title='bbox 1007 4585 1053 4656; x_wconf 87' lang='lat' dir='ltr'>D).</span> <span class='ocrx_word' id='word_1_290' title='bbox 1089 4585 1107 4640; x_wconf 86' lang='lat' dir='ltr'>S</span> <span class='ocrx_word' id='word_1_291' title='bbox 1125 4585 1226 4640; x_wconf 81' lang='lat' dir='ltr'>vellron</span> <span class='ocrx_word' id='word_1_292' title='bbox 1248 4583 1340 4655; x_wconf 75' lang='lat' dir='ltr'>pedeti</span> <span class='ocrx_word' id='word_1_293' title='bbox 1357 4582 1505 4640; x_wconf 66' lang='lat' dir='ltr'>elsmlrou</span> 
     </span>
     <span class='ocr_line' id='line_1_38' title="bbox 210 4679 1505 4753; baseline 0.001 -19"><span class='ocrx_word' id='word_1_294' title='bbox 210 4695 248 4734; x_wconf 81' lang='lat' dir='ltr'>na</span> <span class='ocrx_word' id='word_1_295' title='bbox 269 4693 345 4749; x_wconf 72' lang='lat' dir='ltr'>perp.</span> <span class='ocrx_word' id='word_1_296' title='bbox 369 4680 496 4753; x_wconf 80' lang='lat' dir='ltr'>proutlru</span> <span class='ocrx_word' id='word_1_297' title='bbox 518 4680 681 4736; x_wconf 72' lang='lat' dir='ltr'>millenae.</span> <span class='ocrx_word' id='word_1_298' title='bbox 716 4681 808 4752; x_wconf 87' lang='lat' dir='ltr'>Kopie</span> <span class='ocrx_word' id='word_1_299' title='bbox 830 4698 847 4736; x_wconf 83' lang='lat' dir='ltr'>r</span> <span class='ocrx_word' id='word_1_300' title='bbox 865 4683 1009 4752; x_wconf 82' lang='lat' dir='ltr'>registrum</span> <span class='ocrx_word' id='word_1_301' title='bbox 1033 4681 1171 4751; x_wconf 79' lang='lat' dir='ltr'>privilegii</span> <span class='ocrx_word' id='word_1_302' title='bbox 1193 4697 1229 4736; x_wconf 77' lang='lat' dir='ltr'>na</span> <span class='ocrx_word' id='word_1_303' title='bbox 1245 4679 1365 4737; x_wconf 73' lang='lat' dir='ltr'>Kadanb</span> <span class='ocrx_word' id='word_1_304' title='bbox 1380 4679 1422 4737; x_wconf 78' lang='lat' dir='ltr'>N·</span> <span class='ocrx_word' id='word_1_305' title='bbox 1436 4685 1454 4734; x_wconf 76' lang='grc'><strong>4</strong></span> <span class='ocrx_word' id='word_1_306' title='bbox 1469 4695 1505 4735; x_wconf 75' lang='lat' dir='ltr'>aa</span> 
     </span>
    </p>
   </div>
   <div class='ocr_carea' id='block_1_6' title="bbox 0 0 1554 5392">
    <p class='ocr_par' dir='ltr' id='par_1_6' title="bbox 0 0 1554 5392">
     <span class='ocr_line' id='line_1_39' title="bbox 0 0 1554 5392; baseline 0 0"><span class='ocrx_word' id='word_1_307' title='bbox 0 0 1554 5392; x_wconf 95' lang='lat' dir='ltr'> </span> 
     </span>
    </p>
   </div>
  </div>
 </body>
</html>
