3098 5392
657 448 731 498 reor.
1291 449 1353 515 149

75 649 184 718 iadau
190 651 413 738 pr'imdr'eay'cb
420 678 431 735 ,·
442 651 543 720 notak
553 651 657 736 auyoy
667 651 740 721 trel
752 655 846 721 domu
851 655 1040 738 prooddool,
1052 655 1188 738 lide‘ja'cb
1197 656 1353 737 poddont,

69 763 146 845 joloi
165 767 178 829 i
198 766 376 832 r'aneolntcu‘
397 788 419 832 a
440 767 592 848 ndyndr'i,
614 768 697 851 moyb‘
716 768 893 834 borniddti.
917 768 1132 858 Stordominco
1146 769 1200 833 moi
1208 768 1354 850 plotnost

73 878 201 956 parieti,
222 901 244 944 a
266 877 327 944 ltdo
341 879 593 960 pontecastro
615 879 880 963 odKatno'Hory
902 902 923 945 a
944 881 1024 946 bade
1044 880 1143 946 sulm
1163 881 1236 947 mtto·
1254 880 1353 948 lolem

78 989 147 1070 llory
167 989 323 1073 dopodctt,
353 991 439 1056 musi
451 993 487 1073 jc
507 991 696 1057 arboreum
726 992 783 1058 acb
809 993 1040 1058 miacmietrdm
1056 992 1234 1077 postoups‘ti
1255 1015 1277 1058 a
1297 994 1347 1059 ob·

77 1100 130 1164 drit
148 1102 315 1168 adbrudou
334 1105 379 1167 42
397 1106 495 1186 proisi
515 1124 555 1168 aa
577 1103 692 1168 mono
718 1106 847 1171 str't‘bru.
893 1106 969 1171 Mili
989 1104 1089 1170 Ιιοῑεηι
1109 1104 1249 1189 odnay'cb
1273 1110 1352 1171 most

79 1217 157 1279 lons
173 1214 269 1281 oikdo
290 1215 400 1281 krdmu
420 1216 494 1281 miti
515 1217 573 1281 ani
593 1218 723 1283 daumio
747 1218 950 1301 procoeooats'
971 1239 992 1282 a
1014 1217 1053 1283 do
1074 1221 1153 1284 mest
1175 1216 1242 1283 tecla
1263 1218 1351 1283 matie

81 1345 103 1388 sa
123 1328 268 1394 mobodad
298 1327 422 1404 bomem
451 1329 564 1411 capno,
592 1328 687 1412 paea
716 1351 738 1394 a
767 1329 857 1395 blico
886 1329 929 1394 lou
950 1330 1060 1395 stoebe
1079 1329 1174 1394 mmo
1195 1329 1345 1396 dovdieto‘.

82 1438 196 1507 loma
225 1445 405 1508 misianum
433 1440 635 1528 Hrodacky‘m
662 1444 880 1526 pr't'olostbaje
908 1464 942 1509 se
969 1444 1015 1509 los
1044 1444 1111 1509 Bor
1139 1442 1216 1509 ultae
1248 1446 1351 1509 mata

83 1549 151 1630 tao,
165 1556 328 1638 potorarq'c
349 1576 383 1620 ac
403 1554 497 1621 allud
518 1555 605 1621 abolit
624 1577 646 1621 a
667 1559 814 1640 uysoaajc
835 1556 990 1640 svobodap'
1013 1555 1065 1621 trlr
1082 1557 1212 1640 vp'rocm‘
1223 1577 1269 1622 aa
1283 1555 1344 1622 deo

10 1670 13 1691 '
489 1670 641 1736 aaroacot
655 1691 770 1753 penny
795 1671 908 1736 Maria.

10 1978 12 1985 Ι
157 1896 220 1962 Nos
243 1896 397 1962 Albertns
426 1896 480 1962 dei
510 1897 620 1979 gracia
641 1897 858 1965 Romanorum
887 1916 944 1963 rer
975 1916 1101 1979 semper
1130 1901 1288 1978 augustus
1319 1901 1353 1962 et

10 1990 12 2037 :
87 2020 124 2070 nos
150 2009 331 2076 Fridcricus
361 2009 414 2076 dei
443 2010 552 2091 gracia
582 2010 648 2076 dux
670 2011 803 2076 Auenie
825 2014 859 2076 et
879 2010 986 2090 Stiria,
1017 2009 1165 2076 dominus
1198 2006 1350 2074 Oarniole

86 2112 260 2205 binchieque
281 2125 316 2188 et
336 2121 454 2188 Portus
477 2121 612 2204 Naonis,
636 2129 746 2189 notum
768 2123 903 2190 facimus
926 2122 1087 2189 uniuersis
1116 2128 1283 2205 presentes
1312 2121 1352 2186 li-

86 2232 146 2298 taras
155 2236 358 2318 inspecturis,
380 2235 467 2318 quod
489 2235 530 2301 de
552 2254 640 2302 mera
662 2234 857 2302 liberalitate
880 2241 990 2301 nostra
1012 2236 1179 2318 cupientes
1195 2235 1303 2301 omnia
1317 2239 1351 2299 et

87 2339 180 2426 singula
211 2348 319 2415 facere
345 2352 378 2412 et
399 2367 439 2413 ea
469 2366 541 2414 cnm
570 2347 687 2415 affectu
718 2348 861 2430 quolibet
893 2348 1079 2430 adimplere,
1113 2367 1176 2431 que
1209 2347 1349 2431 singulis

10 2512 12 2557 ι
88 2450 378 2526 immunitatum
401 2462 513 2543 Graan,
538 2460 673 2542 Jermer,
697 2459 862 2541 Chrndirn,
885 2461 1000 2527 Mutba
1022 2465 1055 2526 et
1076 2460 1184 2527 Policz
1199 2461 1350 2526 nouimus

88 2581 134 2635 esse
151 2592 287 2657 congrua
309 2580 342 2640 et
364 2593 475 2641 eornm
497 2575 694 2659 profectibus
720 2573 934 2657 profutura,¹)
966 2574 1055 2656 ipsas
1078 2575 1112 2641 in
1134 2579 1278 2641 nostram
1299 2591 1349 2639 re-

88 2679 206 2762 eioientos
229 2689 382 2771 graciam,
417 2688 656 2770 proteccionem
679 2693 712 2753 et
733 2687 886 2767 fauorem,
920 2687 1023 2768 primo
1050 2687 1198 2753 volumus
1221 2692 1254 2751 et
1275 2704 1348 2768 pro·

88 2793 218 2880 niumus,
241 2804 278 2866 vt
298 2800 423 2867 nullum
445 2796 599 2876 ciuium²l
632 2799 791 2865 dictarum
818 2798 997 2878 ciuitatum,
1028 2795 1119 2881 quib
1141 2797 1350 2864 fideiussores

14 2906 16 2913 '
88 2900 171 2977 labere
191 2918 300 2994 potest
310 2909 335 2993 ⁴)
359 2913 412 2976 uel
435 2918 555 2978 certem
577 2911 791 2977 residenciam
813 2912 1064 2993 possessionum,
1095 2928 1157 2993 que
1185 2910 1349 2992 possessio

87 3023 221 3089 estimatur
243 3024 286 3088 ad
308 3025 542 3107 quinquaginta
563 3042 689 3090 marcas
716 3024 851 3105 argenti,
886 3028 996 3088 contra
1027 3023 1161 3089 formam
1191 3023 1273 3105 ipris
1296 3022 1350 3087 de

85 3129 156 3201 tinere
184 3139 236 3203 nel
268 3156 384 3220 capere
409 3137 594 3220 aliqualiter
605 3134 628 3215 ὗ)
653 3136 833 3202 debeamus.
879 3136 971 3217 Item,
1003 3136 1159 3216 volumus,
1183 3141 1218 3200 vt
1247 3155 1350 3201 carne

84 3248 158 3313 unua
190 3256 301 3316 noster
335 3269 494 3332 nusquam
524 3249 557 3315 in
591 3249 699 3331 aliqua
732 3250 865 3313 ciuitate
899 3266 996 3330 super
1026 3250 1133 3315 causis
1168 3248 1349 3314 iudicandis

83 3352 174 3427 indicio
196 3361 364 3445 presidere
379 3362 502 3443 debeat,
526 3364 591 3428 nisi
614 3363 646 3426 in
669 3363 726 3427 illa
749 3363 891 3443 ciuitate,
915 3363 948 3427 in
971 3379 1034 3442 qua
1057 3380 1154 3427 cause
1176 3367 1252 3426 sunt
1275 3361 1349 3428 sub-

78 3479 132 3551 orte,
153 3476 238 3541 sicut
258 3475 293 3540 in
315 3475 420 3540 literis
442 3477 664 3557 principaliter
686 3477 812 3558 plenius
836 3476 1027 3541 continetur.
1038 3472 1062 3554 ⁶)
1078 3475 1169 3554 Item,
1194 3475 1222 3539 si
1245 3494 1347 3540 came·

75 3587 158 3652 urius
182 3595 293 3654 noster
310 3588 476 3670 jndicibus
498 3594 531 3653 et
552 3588 711 3653 dictarum
732 3587 900 3654 ciuitatum
916 3587 1042 3653 ciuibus
1058 3587 1185 3652 dederit
1207 3590 1239 3653 in
1261 3607 1350 3653 man-

71 3696 149 3781 datis,
173 3706 209 3764 vt
230 3719 347 3766 causas
370 3701 601 3781 cuiuscumque
623 3701 701 3765 facti
723 3702 756 3765 in
779 3702 913 3767 ciuitate
943 3701 1090 3766 subortas
1120 3721 1184 3767 non
1214 3701 1351 3767 debeant

65 3810 198 3879 iudicare
230 3819 265 3878 et
294 3813 335 3878 do
364 3813 486 3878 eisdem
520 3815 627 3878 causis
661 3813 741 3878 nulli
771 3813 877 3878 facere
910 3814 1040 3879 iusticie
1073 3815 1348 3896 complementum,

62 3928 283 3993 nichilominus
307 3927 464 4008 uolumus,
488 3933 523 3992 vt
541 3928 615 4009 ipsi,
638 3926 735 3991 iudex
758 3932 790 3991 et
812 3927 920 4008 iurati,
943 3927 1105 4008 predictas
1129 3946 1243 3992 causas
1265 3927 1350 3992 iudi·

57 4048 125 4107 cent
154 4048 187 4106 et
216 4040 339 4105 facient
368 4041 408 4105 de
438 4042 485 4105 eis
516 4040 646 4105 iusticie
679 4041 944 4122 complementum
977 4037 1185 4121 sccundumb
1216 4039 1350 4105 formam

55 4158 132 4222 iuris
155 4155 304 4221 ciuitatis
319 4155 482 4238 prioribus
502 4155 699 4237 temporibus
715 4155 932 4237 approbatam,
956 4155 1098 4237 exceptis
1113 4154 1216 4218 tribus
1232 4154 1349 4235 causis,

53 4270 204 4335 uidelicet
226 4269 320 4349 falso,
344 4274 455 4349 stupro
479 4272 512 4332 et
534 4268 779 4349 presumpcione
807 4269 987 4347 temeraria,
1019 4286 1080 4349 que
1109 4267 1350 4349 beymsuchung

50 4385 214 4466 vulgariter
244 4381 375 4462 dicitur,
406 4399 486 4462 quas
518 4386 583 4446 tres
607 4400 722 4446 causas
745 4382 810 4445 iam
832 4380 936 4446 dictas
959 4381 1104 4446 volumus
1128 4398 1184 4461 per
1205 4385 1350 4445 nostrum

48 4498 264 4563 camerarium
289 4493 437 4560 iudicari.
462 4494 613 4559 Preterea
635 4493 732 4558 dictis
756 4493 880 4559 ciuibus
903 4494 1052 4559 duximus
1072 4492 1256 4558 huiusmodi
1278 4511 1350 4575 gra-

46 4615 129 4679 ciam
151 4610 351 4688 faciendam,
384 4614 419 4673 ut
449 4608 568 4673 nullam
603 4608 768 4672 collectam
790 4608 842 4673 uel
865 4613 1005 4674 stauram
1027 4607 1120 4673 nobis
1143 4606 1221 4673 dare
1243 4611 1276 4671 et
1297 4623 1350 4671 ox·
