3150 5378
676 392 751 442 ¹4⁰⁶·
1282 391 1366 456 1029

170 602 380 668 wenceslaus
415 600 468 665 dei
503 600 613 682 gracia
647 599 865 665 Romanorum
898 616 955 664 rex
989 617 1115 682 semper
1147 603 1304 682 augustus
1335 603 1368 665 et

62 717 196 782 Boemie
212 734 277 782 rex.
303 714 470 780 Fidelibus
497 714 617 778 nostris
642 711 771 779 dilectis
787 713 883 778 Petro
906 709 1187 795 liylyczyowecz¹)
1210 713 1367 779 Ponteusi

64 838 98 896 et
121 830 307 896 Wlasskoni
332 827 515 893 Cadanensi
536 826 722 910 burgrauiis
745 828 887 910 graciam
910 826 1034 909 regiam
1069 831 1102 892 et
1124 844 1218 892 omne
1238 826 1366 893 bonum.

65 944 196 1010 Fideles
220 942 347 1009 dilectit
380 944 429 1007 De
453 946 561 1008 uestre
583 940 660 1008 fidei
683 941 860 1024 legalitatis
884 959 921 1006 ac
945 940 1252 1022 circumspectionis
1275 940 1369 1006 indu-

63 1060 146 1122 stria
168 1059 296 1139 plenam
318 1062 351 1122 et
370 1055 586 1121 indubitatam
601 1054 752 1122 fiduciam
769 1054 961 1135 obtinentes,
979 1072 1035 1120 uos
1052 1053 1161 1120 ambos
1177 1054 1212 1119 in
1228 1053 1368 1121 solidum

62 1177 96 1234 et
129 1168 304 1251 quemlibet
334 1175 486 1249 vestrum,
511 1169 552 1235 ad
574 1168 755 1251 supplicem
787 1168 907 1234 ciuium
931 1173 963 1234 et
993 1168 1171 1234 incolarum
1198 1168 1369 1235 ciuitatum

61 1284 233 1349 districtus
269 1284 432 1361 Zacensis,
469 1281 622 1347 videlicet
650 1282 814 1362 Zaoensis,
845 1282 1026 1363 Pontensis,
1060 1280 1271 1362 Cadanensis,
1303 1281 1368 1348 Lu-

62 1398 176 1463 nensis
199 1403 231 1462 et
248 1395 537 1462 ChomutouiensIs
561 1414 692 1477 precum
717 1396 921 1476 instanciam,
945 1414 1069 1462 necnon
1092 1395 1133 1461 ad
1152 1399 1258 1461 status
1281 1396 1368 1461 utili·

62 1512 143 1576 tatis
175 1517 207 1575 et
234 1510 398 1592 proiectus
428 1528 537 1575 eorum
568 1509 647 1575 vtile
679 1508 930 1590 incrementum,
961 1510 1037 1590 quia
1068 1509 1131 1575 etsi
1162 1508 1279 1590 cuique
1316 1509 1367 1574 ius

65 1629 100 1689 et
132 1624 282 1705 proprius
313 1623 391 1689 ordo
426 1622 604 1689 servandus
636 1627 695 1703 est,
731 1627 850 1704 quanto
885 1622 988 1704 magis
1023 1622 1057 1687 in
1080 1621 1232 1688 ciuilibus
1259 1621 1364 1704 dispo·

63 1737 244 1802 sicionibus
269 1737 358 1802 nulla
381 1735 477 1801 debet
499 1734 609 1802 induci
633 1734 789 1817 confusio,
812 1755 853 1801 ne
876 1734 920 1802 ibi
943 1735 1105 1818 dispendii
1122 1737 1228 1802 locum
1243 1736 1369 1801 iactura

63 1851 222 1929 inueniat,
253 1849 304 1915 vbi
336 1849 499 1932 proiectus
532 1849 711 1916 exuberans
739 1868 885 1916 crescere
908 1849 1053 1931 debebat,
1088 1849 1367 1932 infrascriptorum

61 1963 286 2043 articulorum,
316 1963 535 2030 clausularum
557 1970 590 2029 et
612 1962 834 2031 ordinacionis
857 1966 1061 2043 auctoritate,
1091 1965 1162 2029 vice
1185 1968 1217 2029 et
1239 1964 1368 2028 nomine

61 2078 188 2143 nostris
221 2083 345 2142 tutores
377 2083 409 2142 ct
432 2077 608 2159 legittimus
631 2083 820 2144 executores
844 2078 1071 2144 constituimus
1095 2078 1216 2142 virtute
1238 2093 1368 2158 presen-

60 2191 150 2257 cium
175 2197 207 2254 et
229 2191 388 2269 locamus;
417 2189 606 2256 mandantes
629 2190 859 2256 nichilominus
883 2192 973 2256 vobis
998 2190 1203 2273 presentibus
1232 2188 1368 2255 firmiter

60 2312 97 2369 et
122 2304 280 2384 districte,
306 2309 465 2385 quatenus
488 2303 529 2369 ad
552 2304 800 2387 requisicionem
826 2304 987 2371 dictorum
1003 2305 1126 2370 ciuium
1141 2309 1174 2371 et
1189 2303 1368 2369 incolarum

62 2417 240 2483 ciuitatum
271 2417 488 2499 predictarum
519 2418 631 2497 tocies,
665 2418 796 2501 quocies
823 2437 904 2501 opus
927 2417 1035 2500 luerit,
1068 2437 1127 2500 pro
1150 2417 1368 2501 predictorum

60 2532 274 2613 negociorum
300 2529 498 2597 deduccione
520 2529 670 2597 effectius
690 2537 832 2598 vestrum
849 2533 1030 2612 consilium,
1054 2531 1212 2597 auxilium
1229 2536 1261 2596 st
1275 2533 1367 2596 iuua-

59 2664 139 2712 men
173 2645 253 2725 ipsis
286 2644 471 2726 impendere
502 2644 608 2711 modis
632 2645 778 2710 omnibus
802 2643 957 2726 debeatis,
990 2651 1085 2728 prout
1108 2645 1368 2728 indignacionem

60 2763 211 2823 nostram
234 2758 402 2823 volueritis
426 2757 534 2823 arcius
558 2759 699 2824 euitare:
723 2758 831 2823 Primo
855 2777 1002 2841 namque,
1027 2765 1061 2823 vt
1083 2758 1200 2840 prefati
1223 2759 1312 2824 ciues
1335 2763 1368 2822 et

64 2872 175 2938 incole
191 2871 349 2938 dictarum
366 2871 536 2937 ciuitatum
553 2871 714 2952 tabernas,
736 2871 931 2953 braxatoria,
955 2872 1150 2953 mechanias,
1167 2872 1367 2953 empciouem

60 2991 98 3050 et
134 2984 358 3049 vendicionem
388 3002 586 3050 annonarum
622 2990 655 3050 et
685 2985 763 3050 salis
794 2987 827 3050 in
859 2985 964 3067 opidis
999 2992 1031 3052 st
1061 2986 1147 3051 uillis
1181 2985 1368 3067 aqualibet

58 3096 286 3181 predictarum
319 3100 489 3165 ciuitatum
521 3099 605 3165 infra
637 3118 734 3164 vnum
756 3100 884 3165 miliare
905 3099 1128 3165 theutonicum
1152 3100 1243 3164 iuxta
1266 3099 1367 3165 conti·

61 3211 217 3277 nenciam
239 3213 419 3278 litterarum
437 3232 568 3278 suarum
583 3232 603 3277 a
618 3213 902 3295 predecessoribus
925 3215 1056 3294 nostris,
1076 3213 1208 3296 regibus
1224 3213 1366 3292 Boemie,

60 3325 299 3406 acquisitarum
322 3325 489 3391 destruere
512 3332 545 3392 et
567 3344 750 3393 ammonere
765 3326 841 3410 [sic]
859 3328 987 3392 valeant
1002 3332 1100 3409 atque
1115 3327 1252 3409 possint.
1275 3326 1365 3405 Item,

64 3437 156 3520 quod
186 3439 389 3521 sartbagines
419 3444 548 3523 recepte
579 3438 701 3506 eisdem
733 3440 921 3506 ciuitatibus
952 3441 1169 3523 assignentur,
1203 3457 1265 3520 que
1292 3443 1368 3503 sunt

64 3554 100 3618 in
119 3570 316 3617 communem
338 3552 510 3618 utilitatem
525 3557 558 3617 et
573 3552 843 3634 gubernacionem
860 3570 971 3617 earum
987 3554 1021 3617 in
1038 3552 1164 3634 pixides
1180 3549 1364 3632 redigende.

63 3665 160 3741 Item,
183 3664 266 3746 quod
284 3666 404 3747 singuli
425 3667 588 3748 terrigena
611 3666 779 3731 districtus
802 3665 949 3748 predicti,
973 3666 1105 3747 quocies
1129 3683 1184 3731 eos
1207 3684 1280 3730 cum
1296 3682 1366 3746 pre

63 3778 147 3844 fatis
170 3777 358 3843 ciuitatibus
382 3778 624 3860 expedicionem
648 3780 797 3861 gencium
820 3786 1017 3845 armatarum
1041 3784 1152 3845 contra
1174 3777 1311 3843 rebelles
1335 3783 1368 3842 et

64 3891 232 3959 maleficos
254 3892 361 3957 facere
385 3895 557 3976 continget,
587 3894 727 3976 propriis
758 3893 993 3972 instrumentis,
1023 3893 1175 3959 uidelicet
1197 3892 1366 3970 machinis,

65 4005 248 4089 pixidibus,
278 4003 463 4071 bombardis
494 4012 527 4071 et
557 4007 632 4072 aliis
662 4006 749 4072 circa
779 4006 839 4072 hoc
862 4006 1057 4071 necessariis
1088 4006 1273 4071 attinenciis
1309 4024 1395 4086 pro-

64 4137 169 4203 posse
185 4119 364 4200 pociantm,
388 4120 556 4203 dictasque
579 4121 730 4186 ciuitates
753 4122 787 4185 in
804 4119 1000 4186 contrarium
1023 4138 1224 4202 nequaquam
1237 4123 1368 4183 arceant

67 4234 121 4299 vel
146 4232 347 4314 compellant,
375 4232 525 4315 quodque
548 4233 714 4299 conuocati
739 4233 780 4297 ad
804 4234 903 4316 ligam
926 4233 1100 4298 conuenire
1123 4238 1155 4297 et
1177 4231 1285 4313 sigilla
1309 4249 1368 4295 sua

64 4346 109 4413 ad
136 4344 269 4411 modern
299 4346 397 4428 ligam
417 4365 577 4429 apponere
602 4346 673 4412 sine
695 4348 875 4413 renitencia
898 4346 1044 4427 debeant,
1078 4363 1201 4412 necnon
1225 4344 1366 4410 inuocati

63 4479 107 4526 ao
131 4459 280 4542 requisiti
313 4460 461 4526 inimicos
491 4465 524 4524 et
545 4460 655 4525 hostes
686 4464 719 4526 et
742 4460 884 4542 predam,
919 4478 1015 4542 quam
1045 4460 1198 4540 iacerent,
1227 4456 1367 4522 fideliter

63 4572 198 4653 insequi
220 4571 333 4651 tocies,
362 4572 492 4654 quocies
515 4573 720 4656 contIngcril,
743 4593 807 4640 non
830 4573 1010 4640 obmittant.
1056 4574 1149 4648 Item,
1171 4571 1257 4655 quod
1279 4570 1368 4635 nulle
