3098 5392
197 429 262 494 623
403 451 407 457 -
826 431 899 481 roro.

200 633 326 720 dejicidt
348 633 445 720 raobli
465 653 483 697 a
505 634 573 698 lessi
588 634 815 721 prebuitsky'cb
837 636 1001 720 desplatnd
1021 636 1106 704 troci
1123 637 1215 704 dr'ivi
1227 635 1278 704 ku
1293 637 1411 705 stavbd
1423 636 1501 702 dom

199 749 305 835 sancit,
331 746 393 833 jak
417 748 483 831 jioa
512 745 571 812 lde
597 746 726 829 rpcttce
748 750 806 815 neb
828 749 968 816 diodnik
989 749 1237 836 arcemarenses
1261 752 1364 818 misto
1386 748 1409 815 lc
1429 754 1499 814 bne

785 862 911 946 vylccidc.

305 1089 374 1155 Nos
404 1088 571 1155 lohannes
601 1090 653 1155 dei
684 1091 795 1172 gracia
825 1097 1030 1159 sacrosancte
1052 1091 1345 1176 wissegradensis
1378 1094 1500 1161 ecclesie

201 1204 396 1288 prepositus,
412 1201 455 1268 ad
470 1201 647 1268 Romanam
661 1205 831 1270 ecclesiam
846 1205 934 1272 nullo
946 1206 1053 1272 medio
1068 1207 1279 1288 pertinentis,
1296 1213 1333 1273 et
1345 1208 1439 1291 regui
1450 1207 1501 1272 Bo

199 1318 306 1384 hemis
329 1316 553 1397 cancellarius,
576 1317 617 1382 ad
633 1323 822 1400 perpetuam
836 1320 884 1384 rei
900 1319 1095 1386 memoriam
1119 1320 1171 1385 Ad
1186 1321 1435 1402 uniuersorum,
1447 1327 1501 1386 tan

201 1431 406 1514 presencium
428 1447 524 1512 quam
545 1428 736 1512 futurorum,
759 1433 964 1514 presentibus
980 1435 1126 1501 volumus
1149 1434 1312 1500 noticiam
1329 1435 1501 1517 peruenire

203 1544 288 1627 quod
305 1543 482 1625 cupientes,
499 1547 595 1624 prout
609 1548 766 1625 tenemur,
783 1544 1003 1611 condicionem
1018 1545 1224 1628 prepositure
1249 1552 1371 1614 nostre
1393 1548 1502 1613 wisse

204 1656 375 1741 gradensis
408 1655 516 1722 iacere
548 1657 725 1738 meliorem,
765 1659 930 1724 ciuitatem
967 1664 1109 1726 nostram
1145 1658 1348 1726 Praohaticz
1388 1660 1501 1728 ciuibus

202 1771 310 1854 ipsius
334 1775 367 1835 et
385 1769 569 1835 hominibus
592 1771 625 1835 in
650 1770 762 1836 eadem
785 1771 919 1837 ciuitate
938 1790 979 1848 ac
1000 1773 1034 1837 in
1057 1769 1208 1853 preurbio
1231 1773 1347 1856 ipsius
1370 1774 1503 1841 residen-

205 1884 293 1951 tibus
325 1902 382 1949 seu
415 1881 559 1948 residere
592 1882 785 1964 volentibus,
815 1884 986 1950 heredibus
1020 1889 1053 1950 et
1081 1885 1333 1953 successoribus
1357 1889 1502 1971 ipsorum,

197 1999 273 2081 jure
306 1996 544 2078 emphiteotico‚
579 1997 664 2077 quod
687 1998 849 2079 wlgariter
870 1998 1064 2081 purchrecht
1085 1998 1215 2079 dicitur,
1240 2001 1457 2083 exposuimus
1476 2005 1503 2065 at

203 2111 382 2177 locauimns
406 2114 439 2174 et
457 2114 570 2175 tencre
584 2110 788 2192 presencium
804 2111 993 2193 exponimus
1016 2115 1049 2175 et
1063 2112 1214 2177 locamus.
1237 2112 1356 2180 Primo
1373 2114 1502 2196 quidem,

205 2224 292 2307 quod
324 2223 462 2306 predicti
494 2224 581 2288 ciues
612 2228 645 2288 et
666 2223 842 2290 suburbani
865 2224 1008 2290 ciuitatis
1031 2238 1141 2291 nostre
1163 2224 1316 2306 predicte
1340 2228 1377 2293 in
1402 2227 1504 2294 eodan

201 2340 285 2423 jure,
321 2355 385 2418 quo
421 2336 538 2401 ciuitas
569 2341 603 2400 et
625 2336 714 2401 ciues
744 2336 933 2402 Piescenses
963 2341 1096 2402 utuntur
1124 2341 1157 2402 et
1177 2337 1343 2421 resident,
1367 2341 1452 2408 siout
1470 2358 1503 2404 ex

205 2450 389 2534 priuilegiis
411 2469 432 2515 a
453 2449 584 2532 regibus
608 2449 762 2515 Bohemie
785 2449 866 2531 ipsis
888 2468 909 2514 a
930 2450 1100 2515 retroactis
1121 2450 1330 2532 temporibus
1347 2452 1503 2520 concessis

205 2565 333 2644 habent,
358 2564 404 2628 vti
427 2562 566 2627 debeant
588 2567 621 2627 et
642 2562 783 2645 gaudere
809 2567 842 2627 et
864 2564 898 2627 in
922 2563 1034 2628 eodem
1051 2562 1125 2644 jure
1147 2569 1309 2645 perpetue
1333 2566 1503 2633 aclibern·

201 2678 277 2743 liter
306 2676 460 2755 residere,
492 2677 539 2741 ita
568 2681 685 2755 lamen,
718 2674 803 2757 quod
825 2675 961 2758 quilibet
983 2675 1095 2741 laneus
1118 2675 1268 2756 predicte
1291 2684 1410 2744 nostre
1431 2677 1502 2745 ciui·

202 2793 280 2857 tatis
316 2789 503 2855 Prachaticz
538 2789 633 2854 debet
667 2789 801 2854 eandem
835 2808 1018 2854 mensuram
1040 2807 1098 2854 seu
1121 2793 1169 2854 tot
1187 2789 1310 2872 jugera
1334 2793 1500 2866 micuere

202 2924 298 2986 quam
321 2908 355 2968 et
375 2907 454 2985 quot
476 2902 594 2967 ciuitas
617 2901 802 2967 Piesceusis
826 2901 971 2983 predicta
993 2903 1027 2967 iu
1050 2903 1118 2967 suis
1142 2901 1250 2973 laneis
1267 2903 1370 2970 habet
1390 2911 1423 2971 et
1437 2923 1500 2971 con·

202 3019 285 3082 tinet
319 3016 359 3080 ab
393 3017 537 3097 antiquo,
572 3021 605 3078 et
638 3014 774 3095 quilibet
807 3015 890 3081 ciuis
918 3034 975 3081 seu
999 3014 1199 3080 suburbanus
1222 3015 1381 3085 ciuitatis
1403 3023 1498 3086 nosne

203 3130 348 3213 predicte
370 3128 411 3192 de
433 3128 576 3209 quolibet
599 3129 711 3210 lugere
731 3129 889 3194 dictorum
904 3130 1078 3209 laneorum,
1100 3128 1142 3192 ad
1156 3127 1345 3210 predictam
1367 3137 1497 3198 norum

204 3245 371 3310 ciuitatem
382 3241 571 3307 Brachaticz
592 3242 836 3323 pertinencium,
860 3241 952 3308 nobis
976 3247 1008 3307 et
1028 3241 1149 3308 nostris
1172 3242 1425 3310 successoribus
1444 3242 1496 3308 sol·

204 3373 282 3421 uere
313 3354 508 3420 tenebuntur
530 3355 624 3418 annis
655 3355 792 3436 singulis
822 3360 960 3438 quatuor
988 3354 1137 3420 denarios
1168 3354 1399 3437 patauiensca
1427 3357 1494 3422 duos

205 3470 238 3533 in
273 3467 357 3533 festo
392 3467 495 3531 sancti
530 3467 614 3531 Galli
642 3468 786 3548 proximo
809 3485 895 3533 nuuc
917 3473 1051 3532 venturo
1074 3470 1106 3531 et
1128 3466 1209 3531 duos
1231 3467 1269 3534 in
1293 3469 1383 3538 iesto
1404 3468 1494 3536 sanni

205 3581 339 3663 Georgii
363 3579 481 3644 deinde
505 3585 672 3660 secuturo;
696 3580 862 3662 quodlibet
884 3581 985 3646 eciam
1009 3579 1227 3646 molendinum
1251 3581 1295 3647 ad
1317 3582 1440 3649 dicmm
1457 3579 1493 3645 ci-

204 3696 339 3761 uitatem
370 3698 512 3757 nostram
544 3697 703 3774 spectans,
726 3700 836 3759 rotans
860 3713 931 3760 cum
954 3693 1077 3758 duabus
1100 3692 1190 3772 rotis,
1213 3695 1422 3762 tantumdem
1441 3693 1493 3760 sol·

204 3826 282 3873 uere
304 3806 400 3870 debet
423 3811 454 3871 et
477 3805 647 3886 tenebitur,
683 3811 838 3888 quantum
861 3824 943 3871 vnus
965 3807 1077 3873 laneus
1104 3804 1144 3871 de
1165 3805 1272 3872 laneis
1295 3808 1491 3890 supradictis,

204 3941 266 3986 vno
288 3919 473 3986 molendino
497 3920 656 4000 superiori
680 3920 846 3985 dumtaxat
869 3924 1011 4000 excepto,
1035 3918 1120 4001 quod
1143 3919 1248 3985 soluet
1266 3924 1397 3987 tantum
1411 3919 1492 3986 amir

204 4033 353 4116 singulis,
378 4038 533 4114 quantum
555 4033 681 4098 medius
704 4033 816 4098 laneus
840 4033 880 4097 de
902 4031 1003 4097 laneis
1026 4032 1219 4097 memoratis.
1248 4031 1408 4100 Preterea
1427 4047 1491 4115 que-

205 4147 283 4213 libet
307 4146 431 4227 domus,
467 4146 531 4210 sita
564 4147 596 4211 iu
628 4145 753 4226 prelata
785 4146 917 4210 ciuitate
940 4163 997 4211 seu
1020 4144 1053 4209 in
1076 4142 1224 4225 preurbic
1247 4145 1368 4228 ipsius,
1390 4160 1491 4212 carens

206 4262 304 4342 agris,
328 4259 407 4325 dare
430 4263 462 4324 et
484 4259 611 4324 soluere
634 4259 796 4324 tenebitur
818 4258 911 4323 aunis
936 4257 1071 4340 singulis
1088 4275 1143 4322 sex
1157 4255 1311 4325 denarios
1335 4259 1492 4342 patauien·

209 4394 271 4453 scs,
303 4373 509 4438 medietatem
540 4375 572 4438 iu
603 4373 685 4438 festo
716 4373 820 4438 sancti
845 4373 930 4437 Galli
953 4377 986 4436 et
1006 4371 1210 4437 medietatem
1231 4372 1267 4435 in
1289 4371 1377 4439 festo
1398 4367 1492 4437 sancti

207 4487 349 4567 tlirorgii
380 4486 626 4568 unumquodque
663 4486 764 4550 eciam
797 4484 983 4550 maccellum
1016 4482 1160 4548 carnium
1202 4482 1350 4548 ciuitatis
1392 4489 1494 4549 nosue

209 4597 352 4679 predicte
387 4600 512 4663 soluere
546 4598 708 4662 tenebitur
742 4598 836 4661 annis
871 4595 1006 4677 singulis
1037 4600 1173 4674 quatuor
1194 4611 1327 4676 grossos
1350 4596 1493 4660 denarias
