3098 5392
678 481 753 534 reor.
1274 486 1357 551 1083

59 696 146 779 quod
178 696 305 778 singule
334 696 409 760 lites
440 699 473 759 et
503 693 725 759 controuersie
754 711 794 758 ac
815 691 1099 773 displicenciarum
1132 712 1246 759 rancor
1272 695 1358 761 inter

58 810 149 891 ipsas
180 816 290 891 partes
320 809 490 888 bucusque
519 806 731 889 quouismodo
762 824 907 872 emersus
939 813 972 871 et
993 823 1117 872 emerse
1142 826 1275 889 prorsus
1297 809 1358 875 tol-

57 923 169 987 lantur
192 929 225 987 et
247 922 372 1002 cedant,
406 938 465 986 nec
486 920 589 985 altera
613 920 646 984 iu
668 920 805 985 alteram
827 919 867 985 de
890 926 997 986 cetero
1020 938 1095 1002 pars
1118 919 1279 988 disseuiat
1300 940 1356 988 seu

60 1035 233 1101 honestam
256 1035 374 1100 famam
398 1033 640 1100 contumeliosis
663 1031 771 1099 verbis
795 1031 916 1101 afficiat
939 1033 1035 1099 velud
1058 1034 1161 1100 bostis
1183 1035 1217 1100 in
1233 1036 1358 1102 bostem

58 1148 243 1229 impetuose
279 1144 526 1230 prorumpendo,
559 1145 753 1228 quinpooius
788 1145 933 1211 vicissim
970 1146 1105 1212 alterius
1143 1166 1218 1229 pars
1255 1149 1358 1214 altera

58 1279 161 1326 onera
184 1280 241 1343 pro
265 1259 388 1326 viribus
412 1263 559 1341 suportet
581 1276 619 1324 ac
641 1258 795 1324 honorem
816 1256 942 1339 pariter
960 1263 993 1324 et
1008 1258 1152 1325 iauorcm
1168 1259 1231 1326 sibi
1246 1266 1358 1328 mutuo

59 1373 252 1455 impendant
275 1378 478 1454 oportunum.
514 1370 670 1436 Volumus
694 1371 797 1436 eciam
819 1389 857 1436 ac
881 1371 1048 1452 edicimus,
1073 1372 1158 1453 quod
1180 1372 1261 1438 nulli
1284 1393 1359 1439 can-

58 1487 150 1568 poni,
173 1485 371 1551 tabernatori
393 1503 431 1551 ac
455 1484 646 1567 sulcumque
668 1502 805 1566 persone
828 1484 912 1550 inira
935 1485 1080 1567 spacium
1104 1486 1198 1552 vnius
1221 1486 1359 1554 miliaris

57 1596 254 1679 theutunioi,
268 1617 287 1663 a
304 1597 449 1680 qualibet
471 1596 750 1678 infrascriptarum
774 1597 954 1679 ciuitatum,
970 1597 1124 1663 videlicet
1138 1599 1230 1680 Zaez,
1247 1599 1358 1682 Ponte,

60 1712 205 1793 Cadano,
220 1711 313 1777 Luna
329 1714 361 1775 et
377 1709 561 1776 (lbomutov
578 1708 918 1776 circumferencialiter
937 1711 1161 1793 computando,
1179 1712 1211 1776 ln
1228 1712 1359 1793 quibus·

59 1843 198 1908 cumque
228 1824 316 1890 villis
346 1828 380 1888 et
408 1823 489 1890 locis
521 1841 579 1905 pro
612 1822 823 1904 vendicionis,
858 1826 1036 1906 empcionis
1065 1832 1123 1890 aut
1144 1827 1276 1907 proprio
1298 1844 1359 1892 vsu

58 1938 161 2004 liceat
195 1937 339 2002 brasium
376 1935 493 2009 iacere,
532 1936 704 2001 ceruisiam
741 1935 886 2017 brararc,
922 1938 1096 2019 propinare
1134 1941 1187 2004 uel
1220 1940 1360 2006 vendere

58 2051 179 2135 quouis
209 2051 340 2133 ingenio
371 2068 430 2116 seu
460 2050 575 2131 colore,
608 2049 664 2116 sed
695 2050 780 2133 quod
811 2050 948 2132 quilibet
973 2048 1161 2118 tabernator
1187 2054 1359 2119 ceruisiam

60 2165 97 2231 in
122 2163 277 2246 predictis
301 2163 490 2230 ciuitatibus
514 2181 621 2229 emere
644 2163 767 2245 debeat,
800 2183 895 2246 quam
918 2165 950 2229 in
975 2184 1034 2230 sua
1057 2166 1191 2231 taberna
1220 2168 1361 2233 voluerit

59 2279 245 2361 propinare.
286 2278 366 2343 Item
392 2276 477 2358 quod
502 2296 594 2342 nemo
619 2277 659 2341 de
681 2277 895 2358 brasiatoriis,
918 2278 1113 2344 braxatoriis
1136 2297 1193 2344 seu
1216 2279 1359 2346 tabernis

59 2396 154 2456 extra
184 2390 304 2456 dictum
335 2392 463 2457 miliare
495 2391 678 2472 vbicunque
701 2392 833 2457 situatis
862 2392 904 2457 ad
927 2393 1022 2457 villas
1045 2398 1078 2457 et
1099 2393 1170 2459 loca
1192 2393 1226 2457 in
1249 2391 1360 2475 spacio

57 2504 238 2570 miliarium
252 2504 443 2587 prescriptis
459 2503 648 2569 ciuitatibus
672 2505 930 2570 circumsitorum
952 2505 1096 2570 brasium
1115 2510 1173 2570 aut
1187 2506 1359 2571 ceruisiam

57 2617 223 2683 adducere
257 2637 315 2683 sen
348 2619 497 2700 cuiquam
528 2616 667 2683 vendere
701 2617 817 2682 debeat
845 2616 993 2684 affuture.
1032 2618 1113 2684 Item
1145 2619 1230 2702 quod
1252 2621 1360 2685 nullus

57 2731 255 2797 villanorum
290 2750 347 2796 seu
381 2731 594 2796 ruricolarum
626 2730 710 2796 infra
740 2749 837 2796 vnum
868 2731 994 2795 miliare
1025 2750 1045 2796 a
1075 2731 1219 2813 qualibet
1251 2733 1360 2815 predi·

58 2852 190 2911 etarum
220 2846 391 2910 ciuitatum
422 2844 567 2910 brasium
598 2843 721 2909 laboret
751 2850 808 2908 aut
839 2843 1010 2910 ceruisiam
1033 2844 1146 2910 braxet
1168 2864 1225 2926 pro
1248 2846 1359 2911 vendi·

56 2957 178 3039 cionis,
198 2958 374 3039 empcionis
391 2962 448 3023 aut
463 2958 593 3039 proprio
610 2976 668 3022 vsu
684 2956 883 3039 temporibus
899 2955 1057 3023 affuturis.
1082 2958 1163 3024 Item
1178 2958 1264 3042 quod
1279 2960 1359 3026 nulli

55 3070 164 3151 fabro,
198 3072 312 3153 sutori,
349 3072 467 3137 sartori
500 3077 558 3136 aut
592 3072 726 3136 alterius
757 3072 864 3153 operis
894 3071 1080 3138 mechanico
1113 3090 1171 3138 seu
1201 3074 1359 3156 operario,

57 3185 293 3266 cuiuscumque
317 3184 518 3250 condicionis
541 3184 668 3263 existat,
693 3182 777 3248 inira
794 3183 916 3249 dictum
931 3184 1059 3250 miliare
1075 3185 1249 3253 artificium
1265 3206 1359 3254 suum

55 3300 161 3366 liteat
182 3317 341 3380 exercere,
365 3297 466 3364 fabris
489 3304 597 3363 tamen
621 3297 794 3377 ruralibus,
819 3298 890 3362 sine
912 3298 1028 3380 quibus
1052 3300 1130 3366 ville
1148 3303 1273 3367 rurales
1300 3321 1359 3384 pro

56 3413 258 3479 necessitate
288 3431 442 3494 equorum
477 3418 509 3476 et
539 3412 679 3476 araturis
711 3411 889 3477 subsistere
920 3414 1085 3479 commode
1119 3434 1183 3480 non
1212 3423 1359 3497 possunt,

56 3527 215 3609 exceptis.
255 3526 449 3607 Spirituales
472 3545 599 3608 quoque
629 3530 662 3589 et
688 3525 851 3607 terrigeno
875 3526 998 3592 nobiles
1030 3528 1201 3594 ceruisiam
1224 3529 1360 3596 braxare

57 3661 122 3725 pro
157 3658 216 3706 suo
248 3659 307 3705 vsu
337 3645 482 3721 possunt,
518 3638 574 3703 sed
606 3638 742 3704 eandam
774 3658 832 3704 nec
864 3639 1054 3706 vendicione
1086 3659 1146 3708 nec
1171 3642 1359 3725 donatione,

57 3772 127 3838 que
149 3752 279 3835 quidem
303 3752 438 3818 donacio
455 3752 677 3817 vendicionem
694 3757 831 3832 saperet,
848 3754 983 3818 vlterius
1000 3753 1198 3836 dispensare.
1230 3757 1360 3823 Miliare

56 3884 190 3949 quoque
213 3865 308 3932 debet
330 3866 495 3932 continere
518 3871 679 3932 trecentos
703 3868 871 3948 sexaginta
894 3869 1037 3950 quinque
1052 3867 1156 3951 iubes,
1180 3870 1268 3937 funis
1284 3891 1359 3938 vero

57 3981 159 4046 debet
185 3982 420 4064 quinquaginta
442 3982 523 4047 duas
546 3983 639 4047 vlnas
663 3982 817 4063 obtinere,
846 4000 1030 4047 mensuram
1054 3984 1198 4051 eiusdem
1222 3988 1360 4056 miliario

56 4116 79 4161 a
104 4096 207 4160 muris
230 4096 376 4161 ciuitatis
400 4096 595 4177 incipiendo.
624 4097 705 4162 Item
728 4096 812 4179 quod
836 4097 869 4161 in
894 4097 980 4162 villis
1003 4099 1184 4179 aqualibet
1199 4101 1361 4168 dictarum

57 4209 233 4289 ciuitatum
265 4209 350 4274 inira
380 4229 477 4275 vnum
509 4211 636 4276 miliare
660 4211 791 4275 situatIs
822 4229 881 4274 nec
904 4228 1029 4278 annone
1060 4232 1119 4279 nec
1143 4216 1190 4280 sal
1213 4234 1273 4281 nec
1294 4216 1361 4281 alia

56 4322 190 4389 venalia
221 4322 411 4389 vendantur.
457 4324 538 4389 Item
571 4325 656 4406 quod
687 4343 800 4389 currus
825 4324 865 4389 de
887 4325 962 4390 aliis
985 4327 1081 4392 terris
1105 4346 1176 4393 cum
1199 4328 1360 4395 mercibus

54 4454 194 4519 regnum
225 4436 359 4502 Boemie
390 4438 547 4504 Intrantes
581 4458 640 4521 per
670 4445 788 4504 stratas
821 4439 923 4504 iustas
954 4457 1012 4520 per
1041 4440 1193 4507 ciuitates
1224 4460 1359 4524 pergere

55 4554 242 4616 teneantur.
278 4550 359 4616 Item
382 4551 467 4633 quod
491 4553 642 4619 ciuitates
666 4554 870 4635 brasiatoria,
894 4553 1078 4620 braxatoria
1101 4564 1134 4622 et
1155 4558 1358 4624 mechanicos

55 4661 217 4747 predictis
240 4663 428 4730 ciuitatibus
452 4666 606 4733 obnoxios
636 4668 719 4732 vltra
741 4667 870 4734 modum
893 4669 1107 4751 prescriptum
1136 4677 1269 4752 agentes
1292 4691 1358 4737 am·
