3098 5392
728 422 802 474 ¹⁸⁴⁸·
1333 422 1397 493 383

114 624 294 712 Mandemus
331 627 432 710 igitur
468 629 656 710 capitaneis,
694 631 890 711 camerariis,
932 630 1177 696 subcamerariis
1215 633 1396 715 ceterisque

115 738 253 806 officiatis
276 741 421 823 paternis
443 746 476 807 et
498 742 619 807 nostris
633 740 783 808 fidelibus
798 741 927 808 dilectis
944 760 1002 823 per
1016 741 1182 808 Boemiam
1202 743 1396 827 constitutis,

115 853 164 932 qui
183 872 267 919 nnnc
289 860 366 920 sunt
387 859 445 919 aut
466 859 561 919 erunt
581 873 639 936 per
660 859 815 937 tempora,
846 853 980 920 firmiter
1003 859 1035 920 et
1057 853 1214 937 districte,
1238 862 1397 939 quatenus

116 966 281 1047 predictam
303 967 470 1034 ciuitatem
492 972 525 1033 ct
546 967 635 1033 ciues
665 967 827 1050 predictos
850 968 884 1033 in
906 966 966 1033 hac
988 972 1098 1033 nostre
1128 966 1315 1036 donacionis
1338 989 1396 1036 seu

117 1081 232 1148 rnionis
254 1082 364 1164 gracia
386 1101 449 1148 non
472 1081 651 1164 impediant
668 1086 725 1147 aut
739 1100 797 1165 per
820 1081 1003 1164 quempiam
1024 1080 1175 1163 impediri
1198 1083 1395 1165 permittant,

119 1211 214 1260 rerum
236 1214 292 1262 eos
315 1196 348 1260 in
371 1214 410 1262 ea
432 1199 670 1276 manuteneant,
702 1200 874 1278 protegant
896 1194 1118 1261 fauorabilitcr
1140 1199 1174 1260 et
1195 1202 1394 1263 conseruent.

122 1304 308 1374 Contrarium
330 1308 486 1374 facientes
509 1307 769 1391 indignacionem
791 1313 934 1373 nostram
957 1325 992 1372 se
1007 1308 1158 1374 nouerint
1179 1308 1323 1390 grauiter
1345 1309 1394 1374 in·

124 1437 263 1488 cumuros.
286 1420 411 1487 Harum
429 1426 611 1487 nostrarum
633 1422 819 1489 testimonio
842 1421 1031 1487 litterarum.
1055 1421 1175 1487 Datum
1196 1421 1300 1504 Pragu
1314 1421 1397 1488 foria

127 1535 244 1601 secunda
264 1541 341 1618 post
360 1535 480 1603 testum
502 1536 644 1601 omnium
667 1540 851 1602 sanctorum
876 1534 1021 1617 proxima
1044 1552 1128 1599 anno
1151 1534 1272 1602 domini
1294 1536 1396 1601 mille

130 1646 189 1713 sino
208 1648 432 1716 trecentesimo
454 1648 700 1732 quadragesimo
723 1646 833 1714 tercio.

207 1819 255 1874 Dle
273 1821 340 1890 orig.
352 1822 420 1891 nyni
435 1821 600 1907 ztraceneho
614 1821 714 1888 Pelzel,
725 1820 760 1874 Κ.
772 1820 840 1875 Karl
852 1819 903 1875 der
914 1819 1017 1874 Vicrte.
1035 1819 1217 1875 Urkundenb.
1231 1818 1271 1873 N⁰
1282 1819 1394 1875 xxxn.

132 1915 225 1986 —llop
243 1935 260 1970 ι
279 1917 395 1986 sorrpisn
417 1917 554 1986 privilegii
576 1916 789 1988 Nymburslryc'h
811 1936 827 1971 z
851 1935 873 1972 r.
899 1922 965 1972 1⁷32
989 1915 1029 1970 Νο
1046 1923 1063 1971 4
1081 1934 1097 1971 ι
1115 1915 1227 1973 archivu
1252 1934 1286 1971 m.
1311 1915 1394 1986 Nym·

132 2006 203 2068 turc
218 2045 251 2054 -
267 2013 371 2082 Emler,
389 2014 510 2084 Regeata
526 2015 573 2070 1v.
591 2014 613 2070 i.
634 2020 710 2070 1349.

663 2280 728 2364 Cis.
760 2296 832 2363 250.

475 2450 572 2531 1345,
595 2451 640 2519 15
662 2454 813 2521 dervna
836 2453 870 2522 V
892 2450 1023 2522 Praae.

131 2619 189 2689 Kru'l
206 2628 273 2693 Jan
301 2627 466 2710 potvrtcaje
498 2626 638 2692 eamdent
666 2625 788 2708 dpitdlu
816 2648 861 2692 su.
894 2624 990 2708 Auay
1018 2648 1064 2691 aa
1090 2626 1268 2708 pr'cdmdatt
1295 2630 1396 2692 mista

131 2732 306 2806 draconar
318 2740 619 2806 Looemzaoranou
630 2737 1397 2823 Praestoonaorouemostrooccoosce‘m,jouot

129 2845 138 2906 ί
148 2853 263 2929 mont,
281 2852 366 2918 ltere
385 2852 506 2935 §paulu
520 2857 606 2917 tomu
626 2854 738 2919 uctredi
756 2852 885 2936 rpctccr'
906 2850 1074 2937 Hradcckgi
1093 2854 1162 2920 ιΙαιι
1183 2849 1397 2918 ειηαιιὶθὶῖιοιι

127 2981 180 3028 uua
200 2966 375 3042 Murkc'tou,
407 2969 581 3049 Krpstyna,
612 2966 712 3032 udoua
732 2988 775 3048 po
797 2965 888 3032 ιῘαιιιι
916 2964 1019 3032 actua
1043 2964 1232 3047 postr'iloudo‘,
1263 2987 1285 3030 u
1307 2962 1397 3030 nolu

127 3071 243 3156 tromcr',
267 3103 284 3146 s
306 3081 365 3144 cim
385 3080 616 3155 ustanoucm'm,
638 3082 672 3144 ie
692 3078 889 3145 calladatelc
910 3080 967 3144 tito
990 3080 1028 3144 do
1048 3079 1141 3144 emrti
1154 3080 1236 3162 maji
1248 3079 1315 3144 aad
1329 3078 1393 3160 dpl-

125 3189 197 3257 tulero
201 3194 306 3277 proice
323 3193 518 3276 pratrondtni
537 3191 824 3276 splendescendo
838 3213 882 3274 po
890 3191 959 3275 jicio
974 3193 1067 3257 auerti
1084 3197 1147 3257 toto
1164 3192 1268 3274 pru'co
1284 3191 1396 3274 pr'ejdc

123 3322 152 3365 ta
169 3308 311 3389 rychtdr'c
332 3330 355 3372 a
370 3307 519 3389 piisedni
539 3310 640 3372 mista
656 3307 792 3381 Hradce,
816 3307 889 3371 auid
909 3305 1079 3370 kr'a'iounica'
1091 3306 1148 3371 neb
1162 3306 1232 3389 jiui
1244 3304 1396 3371 r'eliolutci

267 3422 350 3503 nccja‘
370 3421 461 3485 siniti
482 3419 631 3503 uc'jalce'lso
653 3416 776 3484 ndreae
798 3440 841 3483 aa
863 3420 983 3500 spreta
1005 3419 1075 3484 tolno
1097 3419 1227 3500 epitrita.

203 3597 270 3662 Nos
292 3597 458 3662 Johannea
480 3595 533 3661 dei
556 3596 665 3677 gracia
687 3595 821 3660 Boemie
835 3614 891 3660 rex
906 3614 945 3661 ac
966 3595 1256 3677 Lucemburgensis
1274 3612 1393 3673 comes,

123 3710 261 3777 uiuersis
284 3714 452 3792 presentes
474 3709 585 3774 literas
616 3709 811 3791 inspecturis
835 3708 982 3773 volumus
1004 3708 1072 3773 fore
1095 3712 1215 3789 uotum,
1247 3706 1333 3786 quod
1355 3725 1394 3771 ex

123 3828 193 3898 onte
212 3823 369 3902 Kristine,
393 3822 505 3887 relicte
528 3821 603 3886 olim
627 3821 795 3900 Johannis,
825 3820 946 3885 rasoris
970 3839 1156 3902 pannorum,
1180 3826 1213 3885 et
1234 3819 1393 3886 Johannis

121 3929 214 4009 judicis
232 3936 374 4019 junioris
397 3954 434 4000 ac
457 3935 566 4000 uxoris
588 3934 693 4015 ipsius
716 3934 921 4016 Margarethe
944 3952 1065 3999 necnon
1089 3931 1241 4013 Volklini,
1269 3932 1393 3998 ciuium

123 4053 280 4115 nostrorum
298 4048 340 4113 de
363 4048 464 4114 Grecz
487 4065 584 4128 super
600 4046 709 4125 Albea,
732 4045 825 4111 nobis
848 4045 956 4110 extitit
977 4045 1142 4110 humiliter
1164 4045 1393 4127 supplicatum,

123 4161 288 4242 quodcum
314 4161 458 4246 predicte
489 4179 625 4243 persone
656 4161 724 4224 zelo
752 4160 883 4242 pietatis
906 4164 1050 4241 permote
1072 4161 1105 4224 in
1128 4159 1181 4226 dei
1205 4159 1334 4225 nomine
1356 4179 1394 4226 ac

123 4269 148 4335 ol
165 4277 337 4342 remedium
360 4293 491 4340 suarum
514 4293 552 4339 ac
574 4275 813 4356 progenitorum
838 4292 968 4339 suorum
991 4273 1180 4352 animarum,
1203 4274 1394 4355 temporalia

122 4397 161 4460 lto
180 4387 406 4472 spiritualibus
429 4394 462 4453 et
477 4393 605 4453 terrena
627 4406 685 4469 pro
708 4386 880 4453 celestibus
904 4386 1071 4469 cupientes
1093 4385 1180 4452 felici
1204 4388 1393 4454 commercio

120 4507 292 4582 unnucne,
315 4501 476 4582 hospitale
491 4501 525 4565 in
541 4500 694 4567 honorem
710 4505 820 4566 sancte
835 4499 928 4565 Anne
946 4519 1004 4582 pro
1027 4498 1163 4565 infirmis
1187 4505 1219 4565 et
1240 4500 1391 4584 pauperi-

119 4603 159 4679 bus
177 4615 260 4682 inibi
287 4614 503 4697 »procurandis
527 4614 560 4680 in
583 4613 734 4697 preurbio
759 4613 902 4679 ciuitatis
935 4613 1135 4695 limenensis,
1165 4613 1249 4679 inter
1279 4619 1393 4696 pontes
