3150 5378
234 444 307 541 334
864 481 939 529 1339.

239 687 289 750 vel
312 687 440 766 inerint,
463 692 521 751 aut
543 704 734 769 quacunque
750 686 962 753 denolncione
976 688 1018 752 ad
1033 707 1088 754 eos
1103 688 1305 770 denenerint,
1328 692 1394 772 ipsi
1409 691 1531 756 ciuitati

236 805 348 865 nostre
371 799 545 868 Greozensi
568 803 819 883 incorporamus,
849 802 1053 883 presentibus
1082 803 1292 885 annectendo,
1327 805 1475 870 volentes
1504 812 1533 868 et

239 913 428 978 mandantes
451 915 658 997 precipiendo
681 917 815 995 seriose,
846 914 932 996 quod
958 917 1040 981 nulli
1062 935 1102 982 ex
1124 917 1250 984 niuibus
1273 917 1433 1000 predictis
1453 917 1535 984 bona

238 1027 422 1092 huiusmodi
446 1028 649 1110 possidentes
672 1030 707 1093 in
729 1029 814 1093 anda
835 1047 893 1096 sen
916 1030 1108 1111 prouinciali
1137 1031 1259 1097 indicio
1281 1035 1458 1097 teneantur
1478 1032 1535 1096 ati-

239 1141 378 1221 qualiter
392 1142 589 1223 respondere
611 1160 670 1207 neo
692 1161 749 1224 per
772 1143 922 1209 nudarios
937 1147 994 1207 ant
1010 1161 1220 1226 quoscunque
1235 1141 1392 1209 officiales
1408 1150 1536 1209 nostros

237 1255 366 1320 euocari
389 1255 515 1336 possint
537 1261 627 1320 extra
649 1255 805 1320 iudicium
827 1256 972 1337 ipsorum
1002 1257 1156 1336 ciuitatis,
1191 1255 1248 1322 sed
1278 1261 1406 1322 tantum
1430 1276 1535 1323 eoram

236 1368 381 1450 ipsorum
396 1366 504 1433 indice
518 1369 663 1433 ciuitatis
678 1368 873 1449 respondere
895 1374 929 1432 et
950 1369 1035 1434 omni
1051 1357 1209 1450 libertate,
1232 1387 1297 1451 qua
1318 1370 1425 1435 nostri
1449 1371 1536 1436 eines

236 1481 416 1562 Pragenses
432 1481 613 1562 pociuntur,
637 1482 700 1546 frui
717 1482 848 1546 inantea
863 1480 1000 1547 debeant
1015 1486 1048 1547 et
1062 1482 1233 1564 gaudeant.
1257 1481 1393 1564 Harum,
1419 1484 1535 1567 quibus

238 1594 382 1676 sigillum
404 1599 550 1660 nostrum
572 1595 818 1677 appendendum
837 1596 997 1676 duximus,
1013 1596 1198 1662 testimonio
1213 1596 1390 1662 literarum
1417 1597 1536 1663 Datum

234 1708 338 1788 Prage
368 1707 450 1772 faria
481 1715 571 1772 sexta
613 1715 688 1773 ante
717 1709 886 1774 'trinitatis
916 1710 1062 1792 proxima
1093 1728 1177 1775 anno
1210 1708 1332 1775 domini
1363 1710 1534 1776 millesimo

237 1821 463 1886 necentesimo
486 1823 649 1887 tricesimo
671 1841 763 1888 nono.

339 1991 392 2044 Dte
418 1992 582 2046 ztraceneho
607 1997 674 2061 npni
700 1992 781 2058 „Cod
806 1993 872 2063 dipl.
892 1993 946 2048 MS.
965 1960 1076 2048 membr.
1095 1994 1169 2048 arch.
1193 1994 1259 2064 Reg.
1277 1994 1380 2050 Hrad.“
1419 1997 1532 2052 Bienen-

236 2088 310 2156 berg,
336 2086 500 2141 Gesehiehte
524 2087 574 2141 der
592 2088 670 2142 Stadt
695 2088 879 2158 lioeniggrittz
904 2095 952 2144 str.
973 2096 1030 2144 tto.
1049 2121 1082 2129 —
1100 2089 1201 2157 EmIer,
1225 2089 1348 2159 Regeste
1369 2091 1416 2145 IV.
1435 2091 1457 2146 ὅ.
1476 2096 1532 2145 684.

788 2371 803 2407 *
829 2355 892 2437 oa.
916 2371 990 2436 ara.

612 2527 709 2605 1339,
732 2526 774 2593 23
796 2525 951 2594 lrvdtna.
974 2525 1008 2595 V
1023 2525 1153 2593 Pnaze.

235 2703 317 2767 lircil
339 2705 416 2777 Jore,
451 2703 580 2769 obdrieo
610 2703 649 2767 od
678 2704 823 2767 rodelenti
852 2704 953 2766 mesta
981 2684 1073 2765 iate
1102 2700 1261 2783 najedaoa
1282 2700 1372 2766 berni
1392 2722 1433 2766 aa
1453 2701 1529 2783 o'tpr'i

305 2816 379 2890 lora,
401 2816 578 2900 oenobozuje
591 2817 627 2898 ⁸ie
649 2835 688 2880 ea
710 2820 740 2879 to
762 2815 803 2879 od
825 2813 946 2880 ddodni
966 2813 1056 2879 derat
1077 2835 1098 2878 a
1119 2811 1223 2879 sbtrek
1256 2835 1301 2879 na
1323 2817 1388 2879 sest
1410 2816 1460 2880 lat.

338 2990 406 3057 Nos
428 2990 594 3057 dohannes
622 2990 675 3056 dei
698 2990 807 3073 grania
829 2990 961 3055 Boemie
976 3007 1032 3054 rex
1047 3007 1085 3054 ao
1100 2988 1395 3071 Lucembnrgensis
1418 3009 1526 3069 onmes,

235 3110 346 3171 notum
368 3103 504 3170 facimus
517 3105 687 3184 minensis,
712 3104 806 3186 quod,
830 3104 906 3186 qnia
922 3103 1032 3169 dilecti
1048 3103 1141 3168 nobis
1157 3103 1245 3168 eines
1262 3103 1409 3171 ciuitatis
1424 3109 1527 3170 nostre

233 3217 383 3285 Senensis
407 3219 680 3284 contribueionem
703 3237 761 3282 sen
783 3219 950 3312 collectam
972 3218 1020 3283 eis
1043 3236 1101 3299 per
1123 3235 1182 3282 nos
1204 3216 1393 3298 impositam
1414 3217 1456 3282 ad
1469 3217 1526 3283 sol·

235 3331 375 3397 nendum
390 3352 449 3413 per
464 3332 710 3413 anadriennium
726 3334 922 3412 continuum,
939 3330 1098 3413 incipiens
1122 3332 1156 3395 in
1177 3329 1261 3396 festo
1282 3331 1388 3396 saneti
1401 3331 1525 3413 Georgii

234 3447 378 3528 proxime
411 3445 548 3511 affutura
579 3450 612 3512 et
640 3465 698 3527 per
726 3445 965 3511 reuolnoionem
988 3443 1067 3509 disti
1089 3442 1295 3526 quadriennii
1330 3443 1525 3519 duraturum,

234 3559 327 3625 nobis
350 3559 391 3624 ad
414 3564 541 3625 nostras
567 3558 734 3625 affectiuas
765 3559 942 3623 instancias
975 3557 1120 3639 plenarie
1150 3555 1386 3639 expedinernnt
1408 3564 1441 3622 et
1461 3574 1525 3640 per·

236 3674 411 3753 sotusrnnt,
443 3692 501 3739 nos
525 3673 635 3753 itaque
658 3678 749 3755 grata
772 3670 998 3737 vicissitudine
1014 3675 1046 3736 et
1060 3688 1270 3754 recompensa
1284 3671 1431 3754 ipsorum
1443 3668 1528 3736 beni·

236 3786 382 3853 uolencie
411 3804 578 3852 occurrere
608 3760 819 3868 disponentes
845 3770 1010 3868 predictis
1030 3782 1156 3851 oiuibus
1187 3803 1226 3851 ao
1255 3784 1385 3850 ciuitati
1408 3784 1527 3850 ateste

235 3898 322 3964 beati
345 3899 477 3983 Georgii
500 3901 644 3982 proxime
670 3900 824 3982 preterito
846 3917 904 3982 per
933 3878 989 3965 sex
1019 3915 1176 3963 annornm
1207 3897 1352 3981 spacium
1382 3898 1529 3964 eontinne

237 4012 469 4078 numerandum
492 4012 604 4078 damus
627 4017 660 4080 et
683 4012 887 4079 concedimus
910 4030 968 4093 per
989 3996 1155 4093 presentes
1185 4010 1411 4092 plenissimam
1438 4010 1530 4077 iiber·

234 4131 334 4191 tatem
357 4132 389 4191 et
412 4126 650 4208 exempoionem
676 4125 716 4190 ab
739 4125 887 4191 omnibus
918 4123 1193 4206 imposicionibus,
1226 4122 1525 4197 contributionibns,

235 4240 364 4318 steuris,
400 4240 553 4320 collectis,
588 4239 754 4320 subsidiis,
788 4238 941 4321 angariis,
976 4237 1177 4319 perangariis
1212 4242 1245 4302 et
1277 4237 1526 4322 quibuscumque

236 4352 309 4416 aliis
333 4353 479 4418 omnibus
503 4351 696 4435 infligendis.
729 4354 832 4432 Quam
854 4351 983 4434 quidem
1004 4350 1188 4415 libertatem
1209 4351 1291 4432 ipsis
1312 4352 1522 4434 promittimur

237 4465 362 4530 sincere
386 4466 691 4533 incommutabiliter
713 4464 895 4545 obseruare,
924 4464 1114 4530 mandantes
1143 4463 1264 4547 inclyto
1295 4463 1425 4548 (imola,
1451 4482 1522 4533 mer

237 4577 346 4643 chioni
364 4578 520 4660 Menenio,
542 4579 756 4663 primogenito
771 4584 881 4644 nostro
897 4577 1097 4657 charissimo,
1119 4578 1438 4661 noanonaapitanao,
1458 4576 1522 4646 eutr
1566 4614 1571 4623 ·

238 4690 423 4773 camerario,
446 4692 607 4761 indicibus
631 4693 810 4775 ceterisque
833 4689 1025 4758 officialibus
1047 4690 1177 4771 nostris,
1199 4691 1410 4773 presentibus
1431 4699 1465 4761 et
1483 4691 1523 4759 in
