3150 5378
253 422 317 492 908
881 434 956 484 1398

254 644 396 709 Ιωηθιιεί
420 662 482 709 non
506 660 564 724 per
586 660 728 708 errorem
750 646 805 706 aut
830 640 1011 723 improuide.
1045 640 1104 705 sed
1126 640 1236 707 animo
1260 641 1451 711 deliberato
1472 650 1505 710 et
1523 645 1558 709 de

251 762 340 823 certa
361 764 473 824 nostra
495 756 637 821 sciencia
652 754 877 837 infrascriptae
895 756 1028 836 gracias
1049 753 1201 819 duximus
1215 753 1398 823 faciendas
1420 758 1558 841 ipsisque

201 952 204 957 Ι
252 869 382 937 easdem
418 869 554 936 tacimus
588 874 621 934 et
651 869 857 935 concedimus
887 868 1082 934 auctoritate
1112 868 1204 951 regia
1234 868 1382 937 Boemie
1410 890 1471 954 per
1494 891 1557 955 pre

251 989 377 1050 sentes:
412 983 520 1049 Primo
544 982 708 1061 uidelicet,
731 981 817 1063 quod
840 982 904 1063 ipsi
927 1000 985 1063 pro
1008 999 1045 1047 se
1066 987 1098 1049 et
1120 982 1377 1051 successoribus
1401 986 1470 1052 suis
1491 1004 1554 1069 pre

250 1097 370 1163 tortum
392 1116 451 1163 seu
473 1097 603 1163 domum
626 1094 755 1162 consilii
786 1096 821 1161 in
849 1094 938 1161 dicta
961 1096 1095 1162 ciuitate
1123 1095 1164 1162 de
1186 1114 1276 1165 uene
1299 1096 1436 1183 erigere
1456 1106 1489 1167 et
1509 1118 1555 1165 ex·

250 1215 359 1275 truerc
383 1209 510 1274 valeant
540 1214 638 1291 atque
668 1208 793 1290 possint
829 1208 1040 1291 singulosque
1069 1208 1205 1291 tructus,
1236 1228 1365 1277 census
1396 1218 1433 1279 et
1452 1214 1553 1281 emoli-

251 1330 370 1403 menta,
393 1322 449 1406 qui
472 1322 622 1389 dedicta
652 1321 745 1387 domo
776 1340 834 1388 seu
857 1322 1001 1404 pretorio
1023 1323 1196 1405 prouenire
1216 1330 1385 1406 potarunt
1405 1328 1440 1395 in
1461 1326 1551 1394 retor-

250 1437 427 1503 mationem
450 1440 484 1501 et
506 1454 583 1501 rsus
606 1435 752 1501 eiusdem
783 1435 929 1501 ciuitatis
961 1440 1159 1517 conuertere,
1189 1437 1280 1503 sicut
1311 1440 1366 1506 eis
1400 1440 1550 1507 ridebitur

249 1550 362 1615 utilius
385 1556 418 1615 et
441 1549 691 1616 conueniencius
714 1548 884 1631 expedire;
908 1549 1058 1633 quodque
1079 1550 1145 1632 ipsi
1167 1554 1201 1615 et
1215 1568 1436 1623 successores
1450 1574 1546 1621 eorum

248 1663 412 1729 nundinas
436 1682 493 1729 seu
516 1665 656 1728 annuale
685 1663 789 1728 iorum
813 1664 846 1728 in
869 1663 957 1729 diets
980 1662 1114 1729 ciuitate
1136 1680 1238 1746 super
1260 1663 1353 1733 festo
1376 1668 1544 1735 esuriatis

246 1776 341 1842 beate
363 1776 469 1842 ilaris
499 1776 636 1858 virginis
659 1778 753 1842 annis
778 1777 917 1859 singulis
948 1795 1007 1859 per
1028 1782 1100 1843 octo
1122 1776 1194 1843 dies
1229 1780 1415 1849 continuos
1442 1781 1542 1849 habes

247 1890 386 1956 debeant
407 1890 467 1955 sub
490 1891 576 1957 omni
599 1890 670 1957 iure
692 1895 725 1956 et
747 1890 907 1971 libertate,
931 1891 1017 1957 sicut
1037 1891 1181 1957 nundine
1203 1891 1240 1957 in
1260 1893 1344 1960 aliis
1368 1894 1539 1963 ciuitatibus

247 2005 338 2087 regni
369 2004 471 2070 nostri
496 2004 591 2071 solite
622 2009 696 2070 sunt
728 2005 863 2083 seruari,
896 2003 1137 2087 impedimentis
1167 2008 1399 2087 quorumlibet
1428 2009 1537 2093 penitus

246 2118 358 2200 procul
373 2118 485 2197 motis;
510 2118 661 2201 quodque
684 2119 786 2185 eciam
809 2117 897 2184 dicta
920 2118 1037 2185 ciuitas
1060 2118 1199 2201 singulis
1227 2098 1536 2204 septimanis'iulte

247 2230 367 2297 lorensi
399 2230 537 2297 liberum
567 2230 672 2297 iorum
703 2230 821 2297 babere
851 2230 977 2311 debent,
1009 2232 1058 2296 sic
1085 2229 1252 2313 videlicet,
1286 2234 1381 2317 quod
1412 2232 1534 2303 miseri

248 2343 426 2425 camifices
457 2345 598 2427 pistores
629 2345 751 2426 aliique
774 2344 952 2411 mechanici
975 2345 1121 2410 extranei
1142 2349 1177 2411 et
1199 2346 1433 2435 undecumque
1451 2349 1534 2415 eciam

248 2459 415 2524 uenientes
439 2476 512 2524 cum
536 2459 697 2537 carnibus,
721 2458 869 2541 panibus,
901 2457 1096 2524 victualibus
1126 2462 1160 2523 et
1187 2458 1289 2527 rebus
1320 2462 1402 2529 aliis
1423 2460 1533 2546 quibus

246 2590 383 2653 cumque
404 2572 439 2637 in
455 2572 567 2638 eodem
590 2571 643 2638 die
666 2571 788 2638 lorensi
803 2572 837 2637 in
852 2570 965 2637 eadem
988 2571 1122 2637 ciuitate
1143 2576 1234 2638 stare
1255 2592 1320 2657 per
1342 2580 1446 2643 totam
1464 2576 1534 2641 dieu

244 2684 493 2767 huiusmodique
516 2684 672 2750 victualia
691 2689 792 2751 atres
815 2684 955 2750 vendere
976 2684 1107 2750 ualeant
1128 2684 1382 2768 impedimentis
1404 2706 1534 2773 querum

248 2797 327 2864 libet
344 2798 473 2881 penitus
495 2799 608 2881 procul
626 2798 733 2864 motis.
756 2797 800 2863 Et
821 2797 881 2863 hec
902 2796 1031 2880 quidem
1055 2797 1167 2864 vltima
1188 2804 1308 2867 nestra
1332 2804 1444 2887 gracia
1463 2808 1533 2869 stuc

245 2916 278 2976 et
298 2930 429 2978 manere
451 2911 589 2992 debebit,
621 2930 725 2994 neque
747 2931 767 2976 a
790 2910 975 2978 consulibus
1006 2912 1151 2978 ciusdem
1182 2912 1337 2983 ciuitatis
1367 2916 1534 3001 aliqualiter

243 3026 416 3091 immutari.
456 3026 648 3091 Mandemus
680 3027 780 3108 igitur
810 3024 973 3091 uniuersis
1005 3024 1209 3105 officialibus,
1247 3027 1399 3097 subditis
1421 3036 1454 3097 et
1471 3028 1534 3097 lida-

242 3138 338 3220 libus,
362 3134 566 3221 presentibus
590 3145 623 3206 et
645 3141 775 3219 tuturis,
790 3137 925 3205 firmiter
947 3144 979 3205 et
1002 3138 1159 3219 districte,
1188 3146 1359 3223 quatenus
1389 3145 1534 3229 predictos

243 3252 332 3319 ciues
356 3257 389 3319 et
410 3253 533 3319 incolas
565 3253 651 3319 dicte
683 3253 827 3319 ciuitatis
851 3252 1011 3318 Lunensis
1034 3252 1067 3317 in
1091 3250 1250 3335 predictis
1279 3258 1409 3339 graciis
1431 3256 1534 3327 nesbit

241 3385 446 3449 nequaquam
461 3366 642 3448 impediant
657 3384 717 3432 nec
733 3385 791 3447 por
806 3366 888 3432 alios
907 3363 1145 3448 quomodolibet
1168 3364 1327 3449 impediri
1351 3372 1534 3455 permittant

242 3479 320 3562 quin
345 3480 458 3561 pocius
481 3481 570 3561 ipsos
594 3480 680 3547 circa
702 3478 888 3546 huiusmodi
911 3483 1150 3559 manuteneant,
1173 3485 1356 3565 protegant
1377 3484 1535 3553 efficaciter

241 3598 274 3657 et
296 3592 480 3674 defendant,
504 3598 599 3675 prout
622 3611 754 3677 grauem
784 3593 1046 3675 indignacionem
1077 3596 1222 3659 nostram
1249 3596 1423 3665 voluerint
1442 3596 1533 3665 arcius

240 3707 373 3772 enimse.
409 3706 617 3773 Presencium
651 3707 711 3773 sub
741 3707 831 3789 regie
861 3711 970 3773 nostre
999 3704 1181 3773 maiestatis
1211 3707 1328 3791 sigillo
1362 3710 1532 3779 testimonio

239 3819 428 3885 litterarum.
452 3821 572 3886 Dolum
595 3820 738 3887 Mendici
761 3839 845 3886 anno
868 3820 990 3886 domini
1010 3819 1181 3887 millesimo
1195 3824 1437 3893 nocentesime
1450 3840 1529 3893 neur-

238 3932 361 4013 gesimo
395 3938 519 4015 octauo,
553 3934 607 4000 die
638 3934 775 4016 septimo
797 3933 1000 4015 Nouembris,
1034 3951 1208 4017 regnorum
1240 3940 1435 4005 nostrorum
1462 3952 1529 4003 anne

239 4046 371 4112 Boemie
393 4048 558 4113 tricesimo
582 4052 683 4127 sexto,
706 4048 924 4114 Romanorum
947 4060 1024 4113 vern
1046 4046 1202 4114 vicesimo
1225 4050 1346 4117 tercio.

562 4265 624 4343 [Ns
646 4266 760 4343 obbu:]
785 4265 836 4331 Ad
859 4266 1053 4333 relacionem
1075 4266 1279 4351 Sigismundi
1304 4266 1525 4343 subcamerarii

858 4379 1052 4447 Franciscus
1075 4380 1253 4447 canonicus
1275 4380 1468 4469 Pragensia

340 4544 404 4629 [Ns
427 4544 542 4629 rubum]
565 4546 602 4612 lt.
627 4545 792 4613 Jotrsnnes
815 4545 857 4612 de
878 4544 1047 4629 Bamberg.
