3150 5378
736 382 824 452 μοι.
1370 379 1430 445 121

132 609 219 676 nobis
253 615 329 675 tam
358 627 397 674 ex
430 582 522 691 parte
550 609 683 692 judicis,
712 609 895 699 juratorum
924 612 957 675 et
986 605 1208 674 universitatis
1240 607 1361 673 ciuium
1392 606 1433 672 de

132 722 240 804 Ponte,
262 740 363 806 quam
385 741 425 788 ax
446 727 538 805 parte
560 774 593 788 ..
618 721 885 789 commendatoris
916 720 957 787 de
980 718 1182 799 Commetare,
1214 719 1299 802 quod
1321 738 1360 785 ex
1383 739 1431 799 eo,

130 838 201 919 quia
224 837 262 902 in
285 854 354 901 una
375 834 550 919 eademque
578 835 660 902 feria
690 834 912 903 celebrabatur
940 834 1046 900 forum
1075 834 1110 899 in
1133 833 1220 898 dicta
1242 832 1374 898 civitate
1396 833 1430 898 in

132 950 229 1016 Ponte
252 955 289 1014 et
311 950 345 1014 in
369 947 571 1031 Commetare,
595 968 658 1015 non
680 949 807 1016 modica
829 948 990 1014 inutilitas
1020 947 1180 1014 dictorum
1209 945 1351 1012 locorum
1380 946 1431 1010 in·

132 1061 368 1129 habitatoribus
403 1063 593 1145 emergebat,
627 1082 703 1130 cum
732 1060 902 1144 utrobique
934 1060 1042 1126 minue
1075 1059 1169 1141 plene
1202 1057 1370 1124 vendenda
1399 1063 1433 1125 et

134 1177 267 1242 emenda
302 1177 487 1242 necessaria
519 1177 688 1244 ferrentur.
733 1178 841 1257 Quare
872 1175 1056 1258 petiverunt
1088 1191 1109 1238 a
1141 1172 1244 1253 nobie,
1277 1171 1431 1254 quatinus

136 1290 311 1356 eorundem
340 1289 547 1370 utilitatibus,
577 1292 662 1356 sicut
690 1294 837 1357 tenemur
866 1294 899 1357 et
925 1288 1088 1368 debemus,
1120 1285 1293 1367 benignius
1326 1286 1431 1351 inten-

136 1402 254 1483 dentes,
278 1401 366 1485 quod
388 1401 459 1469 dies
481 1402 620 1469 forensis
641 1402 873 1470 transferretur
895 1403 929 1468 in
950 1401 1085 1469 terciam
1099 1400 1215 1467 feriam
1238 1404 1271 1465 ot
1288 1398 1431 1482 qualibet

136 1517 231 1582 tercia
265 1515 351 1582 lenia
380 1514 595 1583 celebraretur
625 1516 730 1583 iorum
755 1517 791 1582 in
821 1514 1023 1596 Commotaw,
1058 1515 1145 1579 siout
1175 1511 1319 1596 qualibet
1349 1511 1432 1580 ieria

138 1629 274 1694 emunda
296 1627 456 1695 celebrari
477 1635 698 1710 consueverat,
724 1628 898 1712 benignius
926 1628 1099 1695 admittere
1120 1626 1317 1694 deberemus.
1363 1625 1431 1693 Nos

138 1748 239 1807 autem
260 1742 410 1824 ipsorum
430 1741 585 1824 peticioni
603 1740 825 1809 favorabiliter
838 1746 1021 1825 prestantes
1036 1759 1207 1814 assensum
1219 1739 1430 1819 admittimus,

140 1858 243 1921 tuere
275 1854 440 1936 presentis
469 1854 634 1938 privilegii
663 1854 798 1922 tirmiter
826 1859 1016 1936 statuentes,
1049 1853 1135 1938 quod
1160 1853 1195 1919 in
1218 1851 1432 1920 Commotawe

141 1963 234 2032 loram
255 1965 405 2050 qualibet
425 1966 507 2033 ieris
528 1968 631 2035 tercia
652 1967 832 2035 celebretur
853 1968 1006 2052 deinceps
1029 1972 1062 2034 et
1083 1966 1178 2034 debet
1200 1966 1355 2033 celebrari
1370 1964 1431 2032 sub

143 2079 242 2146 adem
263 2081 371 2149 torma
392 2084 425 2145 ot
441 2079 581 2162 juribus,
615 2080 733 2164 quibus
763 2081 846 2149 feria
876 2081 1018 2149 secunda
1046 2080 1117 2146 fieri
1147 2079 1253 2146 luerat
1274 2080 1430 2146 hactenus

145 2198 331 2273 ousuetum,
361 2192 552 2260 mandantes
582 2195 744 2262 universis
769 2199 803 2261 et
824 2195 964 2278 singulis
993 2194 1063 2261 fora
1091 2193 1296 2276 frequentare
1325 2193 1430 2261 solen·

95 2390 97 2395 .
146 2304 225 2387 tibus,
248 2313 319 2373 tam
330 2307 537 2388 presentibus
559 2326 657 2391 quam
679 2308 807 2390 lomus,
830 2309 918 2393 quod
939 2309 981 2375 dc
1002 2314 1109 2377 cetero
1130 2307 1213 2382 toria
1235 2306 1377 2378 secunda
1396 2308 1431 2373 iu

149 2415 348 2487 Commotawe
369 2420 411 2486 ad
432 2420 616 2489 iaciendum
637 2421 743 2488 iorum
771 2441 836 2489 non
862 2422 990 2503 radam,
1021 2422 1080 2489 eod
1108 2420 1190 2488 feria
1218 2422 1320 2488 tercia
1351 2420 1430 2487 illuc

95 2528 97 2535 '
149 2531 401 2601 adtendendum
422 2539 456 2602 et
477 2535 648 2607 emendum
668 2535 808 2603 debeant
828 2534 998 2620 proficisci.
1041 2536 1081 2610 ln,
1100 2537 1193 2603 cuius
1214 2536 1264 2601 rei
1285 2534 1430 2607 testimo

150 2644 220 2711 uum
241 2654 305 2714 etc.

233 2816 289 2872 Dle
307 2816 518 2873 Kraoveckeho
537 2817 685 2873 formnltie
703 2825 751 2875 etr.
766 2824 816 2874 206
834 2836 852 2874 a
869 2825 920 2875 236
932 2819 958 2874 J.
979 2818 1069 2888 Voigt,
1093 2819 1150 2875 Das
1169 2817 1351 2875 urkundlicba
1364 2818 1430 2873 For·

152 2911 256 2969 nelbncb
280 2913 332 2968 des
359 2913 463 2983 kbnigl.
488 2913 590 2970 Notars
615 2914 753 2970 Hemicus
777 2914 890 2971 Italicus
908 2914 947 2969 u'0
964 2915 1038 2975 CXII
1057 2933 1074 2971 a
1091 2915 1137 2971 dle
1154 2915 1357 2971 Kolmarskibo
1376 2914 1429 2968 ior·

153 3008 236 3063 adare
246 3010 342 3067 Codex
354 3010 496 3065 Menariae
509 3010 568 3065 VlL
582 3019 629 3065 etr.
643 3016 701 3065 973.
719 3042 753 3051 --
773 3011 873 3077 Emler‚
891 3011 1011 3081 Rogesta
1024 3011 1057 3066 ll.
1070 3011 1092 3065 b.
1106 3018 1182 3066 2414.
1202 3041 1235 3051 —
1247 3010 1429 3080 Schlesinger,

153 3098 282 3159 Stadtbucb
310 3122 364 3159 ron
392 3105 468 3159 Brux
492 3105 514 3160 d.
533 3111 574 3158 42.
602 3137 634 3145 —-
663 3106 807 3161 lebannes
832 3106 964 3177 Episcopi
984 3106 1110 3174 jmcnuje
1135 3123 1165 3161 ee
1190 3126 1210 3161 r.
1233 3111 1292 3162 1281
1314 3107 1430 3174 jakoeto

154 3194 229 3254 loniel
249 3219 283 3254 m.
303 3202 402 3255 blostu
421 3201 631 3271 vEmlerorych
648 3202 802 3270 Regestech
820 3204 854 3258 ll.
873 3202 895 3256 d.
917 3208 991 3258 1264.

713 3465 777 3548 Cle.
802 3484 852 3547 60.

490 3650 790 3740 [erodentia]
835 3652 891 3721 Na
913 3651 1082 3724 llraidlru.

156 3818 218 3889 troi
245 3827 359 3892 litote-o
381 3827 422 3892 ΙΙ
432 3830 596 3912 poteretq'e
616 3831 792 3894 mc'itamim
815 3829 1057 3916 Litmads'a'cky'm
1081 3830 1285 3915 preceptum
1313 3830 1426 3897 neand-

192 3939 270 4004 ms‘bo
293 3938 424 4013 obsoleo,
445 3937 531 4005 acere
544 3941 609 4024 jim
629 3941 729 4007 macte
749 3947 813 4008 olco
826 3942 903 4027 jebo
925 3940 997 4009 krail
1019 3944 1163 4027 Psenpsl
1188 3943 1310 4010 Otakar
1333 3945 1375 4010 II.

237 4115 448 4180 Wencezlaus
472 4116 523 4180 dei
548 4117 658 4198 gracia
679 4136 735 4181 rex
760 4117 890 4183 Boemie
913 4124 946 4184 et
968 4120 1110 4185 marchio
1135 4120 1289 4185 Morauie.
1319 4119 1429 4186 Omni-

147 4222 194 4291 bus
216 4229 248 4294 in
271 4235 472 4311 perpetuum.
497 4226 579 4294 Cum
601 4248 698 4310 super
721 4231 829 4313 aliquo
851 4250 871 4295 a
893 4231 1032 4298 subditis
1056 4233 1175 4298 nostrie
1190 4233 1340 4315 requisiti
1362 4232 1430 4299 fue

142 4340 243 4421 umus,
273 4342 419 4422 ipsorum
450 4340 665 4422 peticionibus
699 4341 852 4409 debemus
885 4362 1027 4410 annuere
1056 4344 1171 4411 morito
1204 4364 1242 4410 ac
1273 4351 1427 4412 tenemur.

139 4452 314 4538 Eapropter
346 4455 495 4520 nouerint
524 4457 667 4521 uniuersi
690 4461 756 4521 tam
779 4459 938 4540 presentis
961 4458 1057 4525 etatis
1081 4459 1235 4541 homines,
1265 4478 1361 4542 quam
1380 4460 1395 4525 f
1416 4495 1429 4506 ·

136 4573 212 4649 ture,
242 4568 331 4652 quod
360 4567 470 4634 fideles
501 4571 602 4635 nostri
627 4568 743 4654 [ciues]
767 4571 807 4636 de
828 4571 1009 4640 Lutmericz
1033 4573 1124 4638 nobis
1146 4574 1306 4657 quoddam
1328 4575 1429 4657 priui-
