3098 5392
676 397 751 445 raro.
1297 393 1354 457 331

59 600 68 653 i
85 601 223 672 pozemiry
243 601 263 656 ir
282 603 372 657 mdstu
389 600 557 672 pltsluiejtct
576 617 593 655 o
610 600 656 655 list
674 607 722 655 ten
739 603 785 654 ant
802 600 895 654 takto:
923 598 996 666 ,Nos
1016 599 1148 654 Clericius
1171 598 1267 668 judex,
1292 598 1360 652 Her-

61 697 172 767 bordua,
187 698 337 754 Gourudua
353 697 511 768 Pilatiuger,
528 697 629 751 Petrus
646 696 756 764 Rumer,
774 697 882 752 Vln'cos
901 696 934 751 de
952 696 1110 766 Lysschow,
1128 694 1256 750 Walther
1273 695 1361 749 carni-

67 793 115 861 lex,
132 793 265 849 Johlinns
286 801 384 861 sartor,
402 793 534 849 Nicotaus
553 793 682 860 llosman,
707 793 853 862 Engelpot,
877 791 1029 847 Ilenslinus
1047 791 1205 862 Grnupech,
1229 791 1361 858 Praibioo,

72 889 189 944 Andreas
207 889 242 943 de
261 889 394 955 Notalioz,
418 889 513 945 Peaolt
531 889 625 955 maier,
645 888 732 956 jurati
751 906 782 943 ac
801 894 861 943 tota
885 888 1065 943 commrmitas
1090 888 1190 942 ciuium
1214 895 1270 942 tam
1295 905 1361 957 pau·

74 999 158 1050 perum
176 1003 261 1056 quarn
279 985 395 1040 diuitum
413 987 533 1041 ciuitatis
551 984 688 1057 Budwoya
706 985 812 1055 pariter
831 992 858 1039 et
876 985 1056 1040 communitas
1075 985 1200 1040 villarum
1220 985 1254 1039 ad
1273 986 1362 1055 ipsam

79 1081 204 1136 ciuitatem
224 1083 413 1150 spectancium
432 1081 628 1152 significamus,
649 1082 748 1152 quibus
768 1082 889 1151 expedit,
907 1083 1044 1136 uniuersis
1063 1082 1173 1151 publice
1190 1080 1363 1150 profitentes,

82 1177 140 1244 quod
157 1194 208 1233 nos
227 1178 303 1233 bona
320 1184 349 1232 at
372 1184 481 1232 motura
503 1177 707 1232 deliberacione
731 1177 837 1246 pariter
860 1182 888 1231 et
911 1177 1026 1231 consilio
1053 1176 1189 1230 communi
1218 1176 1362 1245 prehabito

84 1273 184 1327 tnanimi
201 1289 279 1341 voce,
296 1289 353 1329 non
365 1273 500 1344 compulsi
511 1289 563 1327 nec
575 1273 671 1340 coacti,
690 1271 740 1327 sed
755 1271 790 1325 de
802 1288 878 1326 mero
891 1278 919 1326 et
931 1279 1087 1341 spontanea
1104 1272 1224 1326 omnium
1237 1279 1362 1326 nostrum

87 1368 213 1435 retonare,
241 1369 277 1424 ob
295 1368 449 1438 profectum
468 1369 590 1423 futurum
610 1375 704 1424 nostre
729 1368 849 1423 ciuitatis
869 1375 952 1438 atque
970 1368 1072 1422 bonum
1098 1369 1238 1437 elegimus,
1262 1368 1378 1422 consti--

88 1463 174 1529 trinua,
200 1465 350 1534 petiuimns
369 1465 561 1520 nichilominus
582 1472 610 1519 et
628 1465 809 1534 compulimus
828 1463 1018 1534 infrascriptos
1038 1465 1125 1519 viros:
1150 1464 1271 1518 Viricum
1290 1462 1362 1517 side-

89 1555 134 1613 liret
156 1559 190 1614 de
215 1559 360 1629 Lyschorr,
384 1561 557 1616 Waltherum
581 1560 745 1629 carnificem,
769 1561 934 1616 Hanslinum
959 1560 1133 1632 Gruenpech,
1156 1560 1303 1615 Pesoldum
1323 1560 1363 1628 pi-

90 1661 176 1722 ctorem,
194 1671 230 1709 ex
244 1656 357 1725 juratis,
382 1662 410 1711 et
428 1672 463 1710 ex
481 1657 691 1712 communitate:
717 1657 836 1711 Vln'cum
856 1657 1037 1727 Geplicerum,
1061 1656 1211 1710 Henricum
1229 1655 1363 1710 Chersne-

92 1763 141 1816 un,
156 1750 308 1821 Nycolaum
327 1753 478 1807 Bohemnm
497 1760 525 1808 et
542 1752 693 1824 Nycolaum
713 1753 893 1811 Traunlinum
912 1754 946 1809 ad
964 1753 1116 1810 taxandum
1136 1760 1163 1806 et
1181 1752 1363 1808 estimandum

90 1851 213 1903 tanareas
233 1865 283 1903 seu
302 1848 404 1904 londos
422 1847 564 1904 domorum
583 1849 612 1904 in
630 1849 751 1915 ciuitate,
770 1866 851 1920 quam
870 1866 950 1919 agros
970 1865 1020 1904 seu
1037 1849 1205 1904 hereditates
1224 1855 1280 1904 tam
1299 1848 1363 1903 ciui-

90 1941 138 1995 tatis
154 1961 233 2013 quam
252 1944 377 1999 villarum
397 1944 432 1999 ad
451 1945 540 2015 ipsam
559 1945 747 2015 spectauoinm
772 1944 922 2000 secundum
947 1961 1041 2000 eorum
1063 1945 1262 2001 conscienciam
1281 1951 1364 2014 atque

90 2032 160 2105 iden,
185 2041 328 2109 cupientes
353 2040 382 2094 in
407 2056 501 2095 eorum
526 2041 672 2095 taxacione
697 2040 819 2111 plenarie
844 2041 998 2096 contentari
1025 2048 1053 2094 et
1078 2041 1271 2111 promittentes
1293 2039 1363 2110 ipsis

91 2128 146 2186 lona
160 2134 224 2190 tide:
244 2137 268 2190 si
288 2136 387 2205 aliquis
406 2137 450 2190 vel
469 2137 553 2205 aliqui
572 2140 607 2191 e'r
625 2136 830 2191 nobis'ciuibus
844 2136 887 2191 vel
905 2136 1013 2192 villanis
1031 2134 1162 2206 predictis
1175 2137 1241 2191 viris
1260 2137 1289 2190 in
1302 2136 1364 2206 ipsa

90 2231 211 2285 taxatione
230 2248 260 2286 se
280 2243 435 2302 opponeret
452 2232 496 2286 rel
507 2240 689 2303 opponerent,
709 2234 930 2288 contradicentes
948 2233 992 2286 rel
1011 2233 1116 2302 aliquas
1135 2232 1295 2287 inimicicias
1315 2249 1364 2286 seu

93 2322 190 2381 odensaa
207 2329 235 2382 in
253 2329 377 2398 presenti
395 2328 439 2382 sel
463 2329 492 2383 in
517 2327 610 2382 futuro
635 2335 760 2399 tempore
784 2344 947 2398 quocunque
971 2335 1107 2397 gererent,
1134 2327 1207 2399 quod
1231 2330 1313 2383 talem
1337 2335 1364 2383 et

93 2418 148 2472 talcs
163 2423 250 2478 taliter
268 2424 360 2493 puniri
379 2424 514 2490 solumne,
533 2425 606 2493 qnod
625 2425 687 2479 aliis
706 2425 804 2479 cedere
822 2425 926 2494 poterit
943 2425 971 2478 in
990 2426 1153 2495 exemplum.
1177 2426 1210 2479 In
1229 2425 1306 2479 cuins
1325 2425 1364 2478 rei

96 2515 253 2573 testimonium
277 2523 403 2589 presenti
426 2521 517 2575 littere
541 2519 660 2589 sigillum
685 2521 805 2575 ciuitatis
830 2526 925 2575 nostre
945 2520 1032 2575 maius
1058 2521 1161 2590 apponi
1183 2521 1318 2588 jussimus
1338 2528 1365 2573 et

11 2669 13 2673 ,
100 2613 199 2676 tppendi.
215 2618 314 2670 Actum
328 2623 356 2670 et
368 2615 462 2670 daturn
480 2615 550 2671 feria
569 2617 691 2671 secunda
708 2619 834 2687 proxima
851 2625 917 2686 post
929 2617 1028 2670 festum
1052 2617 1125 2671 beati
1144 2616 1258 2686 Nycolai
1274 2617 1369 2685 ponti-

103 2703 144 2755 tcis
157 2713 178 2761 et
194 2713 360 2767 contessoris
379 2728 453 2766 anno
472 2711 574 2766 domini
593 2712 840 2769 M¹¹GCC⁰XLVI⁰.“
1369 2694 1375 2703 ’

644 2978 699 3060 dis
723 2996 794 3060 208.

397 3148 494 3227 1339,
518 3149 560 3216 28
583 3150 720 3217 drrbna.
743 3148 1047 3218 VNorimbercc.

51 3246 58 3275 i

12 3315 16 3318 “
47 3286 56 3393 f
112 3291 164 3365 i'oit
181 3306 242 3371 Jcn
264 3305 443 3388 oscoboeuje
472 3309 615 3388 riteatany
645 3306 860 3389 Bcdc'jooiclcc,
884 3307 1050 3388 pondeadd
1078 3327 1111 3370 sc
1139 3305 1284 3369 sandradi
1312 3324 1362 3367 :a-

45 3396 57 3529 ἓ
107 3407 183 3480 tistiti
210 3419 333 3486 nocere
359 3420 433 3504 jede
467 3421 573 3503 dluly,
607 3444 651 3486 no
681 3422 741 3486 dari
767 3422 830 3485 icta
863 3422 903 3485 od
927 3422 1057 3502 placent
1087 3420 1177 3485 berni
1205 3440 1226 3483 a
1256 3417 1364 3489 dorcic,

42 3534 51 3627 ᾗ
151 3533 235 3597 arsat
251 3556 296 3616 po
319 3540 355 3598 tu
377 3534 457 3599 dodo
478 3536 559 3617 otajt'
580 3533 652 3598 take
673 3534 859 3615 oprrovocoti
881 3533 1003 3615 loudly
1025 3556 1046 3597 o
1068 3537 1136 3599 octe
1157 3531 1297 3598 rnc'ststtc.

38 3630 51 3781 ξ
179 3691 341 3758 lohannes
364 3692 416 3758 dei
432 3693 542 3774 gracia
560 3693 693 3758 Boemie
715 3712 780 3772 rex,
803 3693 1093 3774 Iotcernburgcnsis
1109 3712 1223 3757 comes.
1248 3692 1366 3756 Notum

37 3784 49 3901 Ξ
107 3787 207 3871 facinus
229 3807 391 3871 sniuersis
413 3811 580 3888 presentes
602 3807 727 3871 litteras
750 3807 955 3886 inspectatio,
978 3807 1062 3888 quod
1085 3825 1144 3871 nos
1163 3806 1205 3870 ad
1220 3805 1367 3870 meliora·
1401 3788 1403 3793 ⁴

35 3906 45 3981 ἕ
104 3908 177 3982 doris
197 3919 360 4001 profectus
384 3919 574 3985 dilectorum
596 3919 688 3984 nobis
705 3920 824 3985 ciuium
844 3919 1145 4001 Budyuoicensium
1168 3923 1200 3983 et
1222 3915 1367 3982 ciuitatis

29 3996 43 4091 2'
100 4023 216 4098 ciusdem
238 4034 382 4100 volentes
405 4033 573 4098 intendere
604 4052 661 4114 per
690 4031 846 4111 effectum,
882 4033 972 4112 ipsis,
1006 4034 1061 4114 qui
1093 4032 1132 4096 ad
1161 4031 1241 4096 duos
1264 4048 1366 4096 annos

20 4216 23 4221 ¹
93 4137 197 4211 tuturos
218 4146 375 4230 quasdam
397 4149 550 4229 pecunias
578 4149 675 4212 certis
698 4149 855 4229 personis,
886 4146 1002 4228 quibus
1033 4147 1106 4210 illas
1130 4145 1366 4227 deputaremus,

87 4253 150 4324 dare
170 4260 277 4325 adhuc
300 4265 333 4325 et
355 4260 482 4326 soluere
504 4267 581 4325 sunt
602 4261 738 4340 astricti,
769 4266 938 4341 postquam
968 4259 1047 4324 dicti
1077 4259 1140 4325 duo
1163 4260 1239 4323 anni
1263 4258 1368 4340 exspi-

80 4376 225 4455 rauerint,
258 4376 393 4439 ulterius
423 4393 481 4456 per
503 4374 667 4439 biennium
691 4375 877 4438 continuum
900 4373 940 4436 alt
963 4373 1110 4437 omnibus
1133 4372 1367 4452 exaccionibus,

72 4488 377 4569 contribucionibus,
402 4489 630 4568 solucionibus,
654 4489 809 4553 subsidiis
832 4494 865 4552 et
887 4488 1029 4568 angariis
1045 4487 1307 4570 quibuscumque,
1331 4504 1368 4551 ac

67 4604 257 4689 specialiter
280 4621 300 4666 a
322 4602 421 4668 berna
442 4604 535 4684 regia
557 4603 709 4685 generali,
734 4605 761 4667 si
785 4621 855 4667 eam
877 4602 983 4667 medio
999 4607 1142 4683 tempora
1156 4602 1278 4684 imponi
1295 4621 1368 4666 con-

12 3424 17 3431 .

19 3836 27 3845 ι
