3098 5392
659 430 734 484 tara
1293 427 1358 495 683

54 658 196 727 Chaden
226 659 310 726 nach
333 658 458 726 Cristus
481 659 615 743 geburte
638 657 941 727 dreuozenhundert
958 658 1039 741 jare,
1062 655 1202 722 ‹lomach
1224 656 1258 721 in
1284 656 1357 721 dem

57 772 447 855 vierrndsibenozigstem
468 771 550 854 jare,
573 790 614 837 an
637 790 734 838 vnser
765 770 883 837 frauen
916 775 991 852 tage
1012 769 1070 834 der
1091 770 1234 852 geburte‚
1257 786 1354 835 ruser

54 885 171 951 reiohe
200 886 235 951 in
264 884 338 951 dem
369 885 777 968 neunvndozuenozigsten
811 884 875 950 rnd
908 882 965 949 dos
998 882 1192 949 keisertums
1226 883 1260 946 in
1283 881 1356 948 dem

57 1000 324 1082 czwenozigstem
341 999 421 1083 jare.

491 1085 534 1172 [N
535 1105 554 1152 a
569 1086 654 1154 ohbu
664 1085 686 1172 :]
701 1087 752 1153 Ad
767 1087 954 1154 mandatum
969 1085 1091 1152 domini
1107 1084 1311 1167 imperatoris

694 1200 912 1267 Theodericus
936 1199 1110 1265 Demerou.

166 1336 231 1422 [Ne
244 1335 359 1421 rubu:]
382 1338 420 1404 R.
437 1337 628 1406 wilhelmus
644 1339 870 1422 Kortelangen.

165 1507 238 1579 Orig.
255 1525 330 1579 perg.
348 1526 365 1562 r
383 1510 495 1565 archiru
513 1526 547 1563 m.
565 1509 680 1566 Kadane
698 1510 737 1564 N⁰
755 1516 769 1564 7
789 1510 838 1578 (lit
858 1510 904 1579 H).
936 1509 955 1565 S
972 1508 1074 1563 rellrou
1092 1507 1182 1577 peleti
1199 1507 1353 1574 6111111611,

59 1620 96 1659 na
114 1619 192 1673 perg.
211 1604 335 1673 pronllrn
352 1604 515 1661 carlianou
545 1603 618 1675 Kop.
635 1622 652 1658 r
669 1605 813 1674 registrum
832 1603 967 1675 privilegii
984 1604 1065 1660 tebol
1084 1603 1194 1659 arohiru
1212 1601 1251 1656 N⁰
1267 1608 1300 1656 io
1318 1619 1353 1658 za

59 1699 201 1769 napisem:
222 1700 342 1764 „Littera
358 1700 455 1756 Karoli
472 1701 655 1772 imperatoris,
678 1701 707 1756 in
725 1716 780 1771 qna
796 1700 872 1756 fouet
900 1707 927 1755 et
945 1699 1069 1770 indulget
1086 1700 1191 1755 ciuibus
1211 1699 1352 1755 Cadanen·

60 1795 138 1850 sibus
157 1794 192 1848 de
210 1810 283 1850 nono
304 1794 432 1851 edificare
449 1797 543 1853 vineas
568 1797 619 1852 snb
637 1797 711 1852 omni
725 1797 789 1865 jure
814 1804 841 1852 et
858 1797 1031 1853 libertatibus
1048 1796 1147 1852 Maiori
1166 1795 1271 1851 ciuitati
1288 1795 1352 1851 Pra-

59 1890 140 1958 geusi
158 1890 232 1945 (latis
245 1897 273 1945 et
290 1891 456 1947 concessis‘.
474 1921 508 1931 —
524 1891 623 1959 Pelrel,
641 1890 675 1946 K.
688 1890 756 1947 Karl
768 1891 818 1947 cler
834 1891 938 1947 Vierte.
949 1890 1128 1947 Urlrundenb.
1146 1891 1171 1946 N
1175 1893 1185 1926 ⁰
1202 1891 1353 1947 CCCXVII.

61 2017 94 2025 —
113 1986 197 2054 Uber,
215 1987 372 2056 Programm
390 1987 441 2042 des
459 1987 561 2043 Comm.
580 1987 740 2058 Obergymn.
767 1988 795 2041 in
813 1988 930 2044 Kaaden
950 1992 1016 2043 1887
1035 1994 1082 2043 111.
1103 1996 1143 2042 10.
1163 2019 1195 2027 -
1213 1988 1288 2042 Sror.
1309 1990 1352 2043 tei

59 2082 81 2138 b.
102 2088 152 2136 371
171 2085 230 2138 tito
249 2083 355 2152 Sbirky.

625 2251 689 2336 ou.
719 2269 791 2335 524.

417 2439 517 2522 1374,
538 2442 581 2510 25
603 2441 805 2529 listopadu.
827 2442 861 2511 V
877 2441 1006 2511 Praze.

62 2614 240 2682 Cisar'otmo
262 2615 392 2681 Arabeta
416 2619 579 2701 potoraaje
600 2617 751 2693 amicata,
781 2614 888 2682 kteroa
910 2614 1023 2682 llarek
1043 2614 1266 2700 1111116111
1287 2621 1351 2683 sve·

59 2729 125 2794 r'ela
147 2728 269 2811 sprdoa
289 2731 410 2794 mosibo
431 2751 454 2794 a
468 2732 569 2794 meato
591 2728 717 2794 Hradcc
737 2728 804 2794 nod
826 2728 953 2804 Lubere
969 2729 1089 2811 prodat
1111 2734 1192 2796 teoto
1214 2730 1353 2795 alisciae

59 2844 101 2904 35
134 2840 194 2924 kop
224 2842 290 2907 obci
314 2846 415 2908 misto
445 2842 581 2918 Hradoe,
615 2864 636 2907 o
661 2843 816 2926 pooolaje,
848 2843 910 2924 obp
938 2842 1007 2908 obeo
1039 2864 1132 2908 soma
1164 2843 1353 2910 dosaaooalo

389 2955 504 3021 mistro
524 2953 712 3022 mosteriolo
735 2957 835 3022 oebali
855 2955 1021 3022 mosanas.

166 3129 335 3197 Elisabeth
348 3123 459 3197 diuina
473 3131 603 3198 fauente
616 3132 789 3198 clemencia
800 3133 1016 3198 Romanorum
1027 3133 1214 3214 imperatrix
1226 3151 1353 3215 semper

60 3246 201 3325 augusta
224 3247 257 3308 et
270 3243 403 3309 Boemie
424 3244 545 3326 regina.
579 3243 699 3310 Notum
721 3244 856 3310 facimus
876 3246 1037 3312 uniuersis
1052 3250 1217 3329 presentes
1239 3247 1351 3312 literas

60 3357 266 3438 inspecturis,
300 3355 385 3438 quod
408 3357 562 3439 inspectis
585 3358 817 3440 multiplicibus
841 3359 1000 3438 seruitiis,
1023 3377 1085 3441 quo
1106 3359 1198 3425 nobis
1221 3359 1351 3425 Marcus

60 3469 295 3551 carpentarius,
325 3468 430 3535 fidelis
462 3476 570 3536 noster
599 3470 747 3552 dilectus,
776 3471 942 3553 bucusque
972 3472 1116 3537 exhibuit
1142 3478 1174 3538 et
1204 3472 1353 3538 exhibere

59 3581 192 3648 vberius
214 3582 333 3664 poterit
354 3583 388 3648 in
410 3582 562 3665 futurum,
587 3584 649 3650 sibi
665 3584 706 3650 de
721 3585 878 3668 singulari
894 3591 1003 3651 nostre
1017 3585 1227 3668 benignitatis
1243 3585 1352 3667 gracia

58 3695 207 3776 regimen
223 3695 294 3761 siue
309 3697 518 3778 magistratus
536 3698 587 3762 vel
603 3695 743 3764 olfieium
759 3697 908 3780 poncium
924 3697 1166 3781 [concessimus
1189 3697 1351 3782 quodque]

60 3808 148 3873 idem
164 3807 294 3874 Marcus
311 3810 531 3891 carpentarius
547 3812 767 3876 communitati
783 3811 869 3876 dicte
883 3818 992 3877 nostre
1008 3813 1152 3877 ciuitatis
1169 3812 1351 3892 Greoensis,

58 3919 210 3987 fidelibus
239 3922 360 3987 nostris
384 3922 520 4004 dilectis,
555 3942 612 4004 pro
634 3923 769 4005 triginta
802 3924 943 4006 quinque
977 3925 1144 4005 sexagenis
1167 3944 1352 4007 grossorum

58 4035 270 4117 pragensium
292 4035 354 4101 rite
377 4040 410 4101 et
430 4036 671 4102 racionabiliter
705 4037 850 4103 vendidit
883 4042 916 4101 et
948 4056 967 4101 a
990 4038 1163 4120 semetipso
1185 4037 1350 4117 alienauit,

58 4167 159 4230 quam
182 4149 403 4215 vendicionem
425 4169 484 4216 nos
506 4155 609 4215 ratam
644 4154 676 4216 et
698 4156 822 4233 gratam
844 4154 989 4216 tenemus
1019 4157 1052 4216 et
1073 4149 1280 4231 ratificamus,
1303 4151 1351 4216 in-

57 4262 616 4346 (11136116161101611161,1111111,
651 4263 801 4330 videlicet
831 4263 1041 4329 communitas
1072 4269 1181 4328 nostre
1208 4265 1351 4330 ciuitatis

57 4374 245 4455 Cretensis,
276 4376 472 4457 peramplius
495 4377 582 4442 nullo
606 4375 834 4457 impedimento
856 4375 1027 4456 mediante,
1062 4375 1162 4456 illum,
1192 4377 1247 4459 qui
1270 4377 1351 4458 ipsis

53 4496 91 4558 et
107 4489 195 4555 dicte
219 4490 345 4555 ciuitati
370 4491 523 4556 Cretensi
547 4491 634 4555 utilis
659 4509 731 4555 esse
746 4490 916 4570 videbitur,
940 4491 973 4554 in
989 4491 1178 4572 magistrum
1200 4490 1351 4570 poncium

52 4605 146 4673 dicte
168 4603 313 4669 ciuitatis
336 4603 466 4687 eligere,
497 4605 668 4669 instituere
698 4605 769 4669 siue
792 4605 898 4670 locare
922 4604 1050 4669 valeant
1083 4606 1116 4668 et
1137 4603 1264 4684 possint
1291 4620 1350 4685 pro
