3098 5392
685 448 759 500 laor.
1319 452 1380 519 151

118 652 252 718 cibcionis
276 654 426 737 superins
449 672 634 738 expressam
657 654 752 722 citari
766 662 911 740 possunt
934 657 978 722 Et
999 662 1078 741 aput
1098 676 1306 741 quoscunque
1328 680 1385 728 no-

117 763 171 830 biles
189 773 221 832 et
242 766 423 850 terrigenas
445 767 525 834 dicti
548 770 637 836 ciues
654 770 711 854 jus
734 789 829 836 suum
858 769 1057 837 obtinuerint
1085 790 1143 853 pro
1173 771 1291 837 debitis
1314 773 1383 838 suis

116 878 260 945 siluerint
280 882 434 962 assecuti,
457 887 573 950 extunc
595 901 648 949 res
670 883 805 950 mobiles
828 882 986 949 dictorum
1001 883 1157 950 nobilium
1172 884 1383 952 determinate

114 989 177 1057 licito
195 998 228 1059 et
248 994 352 1059 libere
374 992 573 1077 poterunt¹⁹)
598 997 701 1062 eciam
723 1014 889 1078 occupare,
921 1001 957 1061 ut
986 996 1035 1063 eis
1065 1014 1177 1063 eorum
1199 996 1308 1063 debita
1330 1016 1383 1063 ex-

113 1105 221 1171 soluant
252 1107 405 1173 Preterea
427 1109 455 1173 si
477 1108 597 1191 aliquus
631 1127 670 1175 ex
703 1109 801 1176 dictis
830 1109 992 1176 nobilibus
1022 1105 1082 1196 [et]
1111 1109 1284 1192 terrigenis
1313 1111 1384 1176 sine

113 1215 258 1284 heredibus
281 1219 468 1302 decesserit,
484 1221 603 1288 debitis
626 1222 839 1289 creditoribus
863 1223 932 1288 suis
954 1240 1018 1288 non
1041 1222 1167 1304 solutis,
1190 1228 1307 1289 extunc
1327 1223 1384 1289 ille

113 1331 147 1395 al
171 1332 225 1412 illi,
254 1334 312 1414 qui
342 1351 378 1399 se
406 1334 448 1400 de
474 1334 708 1402 hereditatibus
731 1335 830 1418 illius,
860 1336 916 1419 qui
945 1335 1095 1417 decessit,
1129 1337 1382 1417 intromiserant,

113 1443 196 1510 debita
218 1446 315 1512 ddctis
339 1448 552 1515 creditoribus
574 1450 742 1516 exsoluere
759 1455 939 1517 teneantur.
962 1450 1116 1517 Prmerea
1137 1450 1166 1516 si
1188 1450 1308 1531 aliquis
1331 1468 1383 1515 ca·

113 1561 259 1625 nerarinm
287 1567 435 1626 nostrum
465 1562 640 1645 rogauerit,
674 1569 709 1628 vt
731 1564 794 1630 sibi
819 1562 1043 1630 aduersarium
1072 1557 1167 1630 suum
1196 1563 1297 1630 citare
1325 1582 1384 1646 pro

114 1672 164 1735 suis
183 1675 286 1740 causis
321 1674 437 1741 debeat
458 1680 491 1741 et
511 1675 619 1742 facere
644 1675 808 1743 iusticiam
830 1676 871 1743 de
892 1676 1014 1759 eodem,
1045 1677 1074 1743 si
1096 1678 1160 1761 ipsi
1182 1676 1248 1743 cini
1270 1676 1385 1742 citanti

114 1799 160 1847 non
178 1785 236 1851 fnit
256 1789 346 1869 prius
358 1788 413 1871 jus
429 1787 623 1872 denegatum
645 1808 665 1855 a
687 1808 745 1858 suo
767 1790 877 1857 iudice
892 1796 925 1858 et
939 1791 1067 1872 iuratis
1089 1795 1207 1857 extunc
1225 1790 1383 1871 volumus,

116 1898 178 1975 quod
197 1900 275 1966 ciuis
297 1903 401 1968 citans
424 1903 475 1969 ius
498 1921 592 1970 suurn
614 1903 730 1970 debeat
750 1904 941 1988 perdidisse.
977 1904 1068 1986 Item,
1091 1905 1249 1985 volumus,
1279 1910 1315 1969 vt
1335 1904 1382 1968 la·

119 2009 195 2093 pides,
215 2032 252 2079 er
275 2015 392 2096 quibus
415 2016 613 2084 comburitur
638 2018 821 2102 cimentum,
845 2023 878 2085 et
900 2018 957 2084 alii
988 2018 1114 2101 lapides
1145 2019 1321 2085 necessarii
1342 2017 1384 2082 ad

120 2119 201 2191 donos
219 2128 254 2193 in
276 2129 411 2196 ciuitate
423 2131 664 2212 construendas,
688 2137 721 2199 et
742 2151 849 2213 arena,
872 2133 997 2215 argilla,
1021 2149 1084 2214 que
1096 2136 1173 2199 aunt
1189 2130 1384 2212 necessaria,

122 2235 301 2307 acinaces
334 2243 493 2310 ducantur
513 2244 742 2328 impedimento
772 2245 916 2329 quolibet
937 2264 1001 2313 non
1024 2246 1181 2312 obstante.
1215 2246 1305 2326 Item,
1330 2264 1384 2311 vo-

122 2345 205 2434 lumus,
226 2360 261 2419 vt
282 2373 302 2419 a
324 2356 473 2437 qualibus
496 2357 656 2424 dictarum
678 2359 848 2424 ciuitatum
870 2358 912 2424 ad
927 2359 1121 2425 instanciam
1135 2358 1231 2424 unlus
1245 2359 1384 2425 miliaris

123 2464 182 2530 nulla
206 2467 361 2534 thaberna
392 2476 490 2552 atque
517 2471 635 2538 artifex
656 2473 862 2539 mechanicus
885 2472 1050 2538 habeatur.
1095 2472 1248 2539 Preterea
1277 2472 1385 2538 omnia

122 2576 268 2664 taulegia,
291 2582 468 2666 libertates,
490 2587 617 2668 gracias
640 2590 673 2651 et
695 2585 802 2652 omnia
819 2586 896 2669 jura
918 2587 952 2652 in
972 2584 1094 2652 eisdem
1109 2585 1294 2668 priuilegiis
1310 2604 1384 2651 con-

122 2690 183 2756 iera
200 2702 297 2779 atque
320 2697 450 2780 scripta,
472 2717 535 2782 qne
557 2698 718 2766 dictarum
733 2699 902 2765 ciuitatum
924 2700 1014 2766 ciues
1037 2699 1078 2765 ab
1100 2699 1280 2766 illustribus
1297 2700 1386 2781 prin·

122 2802 224 2888 cipibus,
246 2811 407 2893 quondam
436 2811 568 2878 Boemie
593 2813 734 2895 regibus,
765 2813 1024 2879 antecessoribus
1050 2813 1181 2893 nostris,
1204 2810 1324 2879 habent
1352 2818 1386 2878 et

122 2909 206 2986 habere
228 2929 413 3005 noscuntur,
436 2929 507 2989 rata
529 2931 562 2990 et
583 2930 675 3007 grata
705 2925 860 2991 habentes
890 2925 1037 2992 volumus
1067 2926 1300 2991 inuiolabiliter
1330 2926 1384 2991 ob-

123 3043 229 3100 lemare.
274 3035 365 3116 Item,
399 3038 523 3102 ciuibus
553 3038 697 3103 ciuitatis
721 3038 912 3104 Greczcnsis
936 3037 1070 3120 speciali
1100 3037 1140 3103 de
1169 3038 1289 3118 fauore,
1323 3057 1385 3122 quo

121 3140 182 3220 ipsos
201 3150 433 3231 amplectimur,
445 3147 483 3232 ²⁰)
514 3152 629 3217 siluam
652 3156 727 3217 ante
748 3152 834 3217 fores
858 3153 1001 3218 ciuitatis
1033 3152 1178 3217 eiusdem
1207 3152 1385 3234 propinque

120 3256 299 3344 adiacentem,
335 3271 550 3346 nuncupatam
573 3266 735 3347 vulgariter
763 3264 932 3347 Boronem,
956 3285 1028 3332 cum
1060 3264 1160 3331 fundo
1194 3265 1386 3330 contulimus

119 3382 242 3454 anetae
264 3382 298 3442 et
320 3377 421 3443 libere
443 3378 671 3460 possidendam
693 3385 788 3462 atque
804 3381 837 3444 in
853 3381 997 3461 ipsorum
1019 3398 1097 3444 usus
1117 3377 1384 3445 committendam.

119 3479 182 3569 ilem,
204 3491 355 3556 volumus
378 3498 411 3557 et
433 3495 657 3574 permittimus,
689 3498 723 3557 vt
745 3493 778 3559 in
802 3493 948 3575 predicta
964 3493 1097 3558 ciuitate
1120 3494 1163 3557 sit
1185 3497 1218 3557 et
1238 3510 1311 3557 esse
1332 3491 1387 3555 de-

118 3590 168 3664 beat
194 3603 357 3685 deposicio
388 3605 420 3670 in
451 3606 667 3671 mercimoniis
691 3611 723 3671 et
744 3605 819 3671 aliis
845 3607 950 3688 rebus,
985 3625 1047 3688 que
1076 3607 1197 3671 dicitur
1226 3604 1387 3686 vulgariter

115 3711 284 3800 liederlage.
331 3718 481 3784 Preterea
515 3721 661 3785 volumus
695 3725 728 3784 et
761 3720 976 3801 permittimus
1011 3721 1045 3785 in
1079 3718 1224 3801 predicta
1254 3717 1387 3782 ciuitate

113 3822 189 3896 Grecz
212 3830 353 3896 annuale
375 3832 479 3898 lorum
502 3834 535 3897 in
559 3834 730 3898 natiuitate
760 3832 853 3898 beate
880 3833 983 3898 blarie
1005 3832 1150 3913 Virginis
1173 3831 1309 3897 liberum
1329 3849 1387 3912 per

113 3946 333 4018 tuatuordecim
352 3946 438 4024 dies;
463 3965 581 4027 omnes,
606 3947 662 4029 qui
678 3947 755 4011 illuc
770 3951 974 4011 transeuntes
991 3964 1063 4010 cum
1078 3944 1238 4009 mercibus
1256 3942 1388 4027 quibus·

113 4073 212 4143 tuoque
236 4078 294 4141 per
316 4059 399 4125 bona
421 4061 511 4141 regia
534 4066 566 4126 et
588 4060 744 4125 nobilium
767 4060 837 4125 sine
863 4060 1011 4126 theloneo
1034 4060 1067 4123 in
1090 4058 1221 4124 redditu
1243 4063 1276 4122 et
1298 4056 1386 4122 exitu

113 4175 227 4239 ransire
248 4192 306 4255 per
330 4173 388 4238 hos
410 4173 653 4256 quatuordecim
675 4174 745 4237 dies
768 4172 868 4237 libere
894 4172 1020 4252 debent,
1052 4171 1278 4254 impedimento
1310 4188 1387 4251 quo-

114 4285 162 4352 tet
184 4287 298 4368 procul
322 4291 416 4351 rnoto.
463 4287 599 4369 Insuper
622 4286 777 4369 predictis
801 4286 926 4352 ciuibus
950 4286 1164 4367 indulgemus,
1197 4283 1282 4366 quod
1304 4284 1387 4349 libra

113 4400 207 4466 'umbi
230 4401 264 4466 in
288 4401 424 4466 ciuitate
456 4419 514 4465 sua
541 4401 581 4465 de
604 4406 709 4465 cetero
744 4399 906 4482 gaudeant
937 4405 970 4464 et
998 4404 1139 4464 vtantur.
1184 4397 1222 4462 ln
1253 4415 1387 4479 quorum

113 4516 229 4580 unium
263 4514 486 4580 testimonium
519 4532 653 4595 presens
684 4513 839 4593 scriptum
872 4513 1033 4578 conscribi
1065 4512 1199 4578 fecimus
1234 4517 1267 4576 et
1297 4511 1388 4592 sigil-

113 4650 186 4695 rum
217 4635 404 4695 nostrorum
433 4626 609 4692 munimine
639 4626 792 4691 roborari.
839 4627 956 4692 Datum
989 4627 1020 4691 in
1052 4626 1168 4691 castris
1193 4622 1278 4705 apud
1303 4622 1389 4704 Opa-
