3098 5392
632 441 711 495 stat.
1251 436 1317 504 825

16 645 193 703 Wencreslai
211 646 421 718 rectoribusque
447 646 544 719 ipsine,
572 647 619 717 qui
642 646 745 703 inerint
772 662 822 716 pro
849 651 983 717 tempore,
1010 642 1082 700 infra
1108 643 1188 700 cuiue
1215 643 1316 698 limites

17 741 163 813 sepedicta
188 743 317 814 cappella
343 741 505 799 fundabitur
529 750 556 799 et
579 749 765 810 construetur,
791 742 819 797 in
838 757 987 813 personam
1006 739 1117 796 discreti
1143 739 1195 795 riri
1213 737 1318 794 domini

16 835 140 904 Andros,
168 837 257 909 ipsius
276 838 390 894 ecclesie
408 839 532 907 rectoris,
556 837 668 896 adhoc
693 853 826 909 expresse
853 837 1054 893 consencientie
1081 836 1194 892 realiter
1212 840 1239 891 et
1257 851 1317 889 cum

18 931 120 989 affectu
140 950 190 1004 pro
209 933 315 990 iuribus
334 933 553 1006 parrochialibus
578 933 685 991 exstitit
703 933 875 990 satisfactum
894 932 988 989 taliter
1004 932 1140 1000 videlicet,
1167 930 1242 1003 quod
1260 937 1317 986 tres

18 1045 160 1099 sexageno
177 1046 337 1100 grossorum
362 1031 540 1102 pragensium
565 1031 741 1088 denariorum
763 1047 865 1087 censue
889 1030 975 1087 annui
999 1037 1027 1086 et
1044 1028 1171 1100 perpetui
1198 1044 1249 1099 per
1265 1042 1317 1082 nos

17 1125 182 1183 fundatores
201 1127 292 1183 eidem
309 1128 425 1184 ecclesis
444 1128 609 1200 parrochiali
627 1136 656 1184 et
672 1128 825 1184 rectoribus
849 1128 939 1198 ipsius
957 1127 1031 1196 date,
1051 1125 1184 1197 deputate
1203 1130 1231 1179 et
1249 1123 1318 1179 assi-

18 1226 105 1290 gnate
124 1223 256 1292 existunt,
282 1232 366 1295 prout
382 1226 411 1280 in
429 1225 528 1281 litteris
555 1241 640 1295 super
662 1224 716 1280 hoc
733 1224 865 1279 conlectis
888 1224 962 1279 clare
982 1229 1011 1278 et
1028 1222 1138 1294 plenius
1155 1223 1318 1277 continetur.

18 1317 52 1371 In
72 1336 188 1388 quorum
206 1321 327 1377 omnium
346 1327 374 1376 et
392 1321 562 1391 singulorum
585 1320 774 1377 testimonium
799 1320 918 1391 sigillum
938 1319 1120 1376 fraternitatis
1139 1325 1235 1373 nostre
1253 1314 1316 1370 Gor·

18 1415 98 1484 poris
118 1416 201 1472 cristi
218 1433 326 1473 necnon
345 1418 430 1473 eciam
450 1418 569 1488 sigillum
587 1418 687 1489 prelati
705 1416 930 1474 reuerendiseimi
947 1417 976 1471 in
995 1414 1086 1471 cristo
1108 1413 1197 1486 patris
1215 1411 1319 1467 domini

19 1510 168 1578 Johanuis,
186 1511 385 1583 archiepiscopi
401 1513 561 1583 Pragensis,
577 1513 613 1570 ad
631 1530 727 1584 preces
740 1520 850 1570 nostras
868 1512 1036 1568 instantiuas
1050 1517 1077 1566 et
1089 1510 1212 1566 decerta
1224 1514 1320 1564 nostra

20 1607 143 1663 sciencia
161 1624 193 1664 ac
211 1609 303 1679 sigilla
319 1617 416 1666 nostra
433 1610 556 1681 propris,
581 1610 709 1666 videlicet
726 1609 888 1677 Wincencii‚
912 1607 1036 1679 magistri
1052 1608 1137 1675 curie,
1157 1606 1266 1662 Nicolsi
1284 1605 1319 1660 de

19 1703 121 1772 Doleo,
138 1703 252 1759 Henrici
279 1704 315 1759 de
332 1706 465 1762 Mscntal
489 1713 517 1761 et
534 1707 630 1763 Jacobi
649 1706 684 1761 de
709 1707 801 1776 Pyeslr
828 1704 1022 1776 predictorum,
1049 1703 1226 1775 preeeuubus
1254 1708 1320 1758 snut

19 1816 158 1871 appensa
176 1799 280 1857 Datum
299 1807 327 1856 et
343 1810 434 1858 actum
452 1805 480 1859 in
499 1802 641 1859 Montibus
660 1802 776 1858 Ghutnis
794 1819 867 1858 anno
885 1801 1087 1858 incarnacionis
1104 1799 1217 1855 Domini
1234 1799 1319 1854 mille·

20 1898 92 1952 simo
110 1898 304 1953 trecentesimo
321 1899 509 1969 octuagesimo
527 1906 634 1967 octauo,
652 1899 722 1955 feria
739 1898 862 1954 secunda
879 1899 1006 1970 proxima
1029 1904 1093 1968 post
1110 1898 1213 1953 testum
1230 1895 1319 1952 sancti

20 1993 120 2048 Jacobi
139 1993 267 2063 apostoli.
296 1994 354 2051 Nos
382 2011 492 2067 quoque
512 1996 656 2053 Johaunes
681 1995 725 2050 dei
743 2002 772 2051 et
790 1995 942 2067 apostolice
967 1995 1041 2050 sedis
1060 1994 1153 2064 gracia
1170 1992 1318 2064 archiepis-

21 2103 110 2159 copus
128 2089 286 2160 Pragensis
304 2092 457 2163 apostolice
481 2092 556 2147 sedis
584 2093 694 2161 legatus
720 2092 884 2160 antedictus,
911 2091 1062 2163 predictam
1089 2091 1270 2146 donacionem
1287 2103 1319 2142 ac

22 2185 79 2241 alia
97 2189 190 2243 omnis
209 2191 237 2241 et
254 2187 364 2259 singula
381 2189 572 2260 suprascripta
599 2197 688 2244 ratam
708 2197 736 2243 ct
753 2196 860 2259 gratam
888 2205 919 2244 ac
936 2194 997 2244 rata
1024 2194 1053 2242 ct
1079 2193 1158 2258 grata
1184 2186 1318 2240 habentes

23 2296 85 2336 eam
114 2287 144 2336 et
161 2297 195 2337 ea
212 2282 240 2337 in
259 2284 376 2354 singolis
405 2301 500 2341 eorum
527 2286 659 2341 clausulis
686 2293 714 2342 et
738 2287 848 2358 punctis
875 2285 1052 2351 ratificamus,
1078 2283 1265 2353 approbamus
1292 2287 1321 2336 et

22 2378 189 2434 auctoritate
206 2388 304 2437 nostra
315 2381 455 2438 ordinaria
472 2382 673 2438 confirmamus.
691 2382 728 2438 Et
739 2383 767 2438 in
779 2383 966 2440 testimonium
985 2380 1105 2437 omnium
1123 2377 1319 2449 premissorum

22 2480 51 2529 et
69 2476 155 2530 robor
172 2486 309 2549 perpetuo
326 2479 473 2534 valiturum
492 2480 611 2549 sigillum
630 2486 755 2536 nostrum
773 2480 861 2537 maius
875 2479 910 2534 de
922 2485 1018 2534 nostra
1034 2483 1110 2532 certa
1127 2475 1247 2530 scienda
1258 2489 1320 2544 pre·

23 2571 150 2626 sentibus
169 2580 212 2628 est
228 2580 408 2645 appensumt.
419 2574 463 2630 Na
481 2576 546 2631 listu
564 2583 620 2632 tom
640 2576 784 2646 piirtieno
803 2594 839 2632 ua
857 2576 1002 2647 proutctch
1025 2569 1262 2644 pergamenovyclr
1273 2570 1322 2640 pit

21 2670 118 2740 ptkne
136 2670 326 2740 zachorany'ch
345 2672 442 2740 peietl.
462 2703 493 2712 -
512 2672 652 2728 Nenuirth
671 2690 696 2726 u.
716 2689 749 2728 m.
768 2678 816 2727 str.
835 2677 894 2728 ³35.

599 2887 664 2971 ba.
688 2905 760 2970 642,

340 3094 504 3177 1391,Ῑὶ
530 3099 664 3166 tinore.
685 3094 742 3163 Na
764 3090 1004 3163 Klivokltilt.

24 3289 115 3355 Krcil
145 3288 258 3354 Vcidoo
281 3290 303 3354 Ι
309 3289 336 3351 V
350 3290 514 3375 aaronem,
537 3291 571 3356 lc
586 3287 778 3373 purkms'str,
800 3285 924 3354 konide‘
946 3309 967 3352 a
990 3284 1123 3352 visclae
1137 3283 1207 3350 obeo
1220 3286 1322 3350 mesta

24 3405 197 3470 Litomtr's‘c
221 3406 304 3488 maji
323 3405 363 3470 od
385 3405 530 3490 diospoli
552 3407 630 3469 insol
650 3403 774 3487 cgisadu
795 3424 839 3468 aa
861 3400 954 3469 sklod
976 3400 1054 3466 obas
1080 3397 1218 3482 sjs'oe‘bo
1239 3397 1325 3463 eboli

19 3539 65 3601 po
97 3518 181 3583 Labi
209 3517 353 3585 ltmlstu
376 3518 446 3602 jicio
469 3517 707 3601 pr's‘plaventbo
735 3517 879 3600 povolsje
902 3515 976 3599 jim,
1011 3513 1072 3596 aoy
1100 3509 1238 3578 clame
1258 3510 1325 3577 bos·

26 3657 43 3700 a
65 3632 237 3699 cablaam
259 3633 344 3712 oboli,
375 3633 443 3712 soli,
466 3632 533 3715 tyb,
556 3634 634 3697 sino
655 3631 712 3697 neb
728 3629 839 3715 jiniloo
861 3629 955 3713 tholi,
978 3626 1070 3694 kiera
1091 3626 1165 3692 dola
1185 3625 1243 3692 acb
1264 3647 1324 3691 na·

25 3748 108 3816 bosso
131 3768 177 3830 po
207 3746 290 3812 Labi
319 3767 353 3812 se
374 3746 479 3830 plcet,
514 3746 652 3828 cybiroli
680 3746 725 3809 clo
755 3745 798 3807 30
819 3741 952 3828 εῑαίᾑσὴ,
986 3739 1089 3823 topos
1115 3739 1237 3822 mejitel
1259 3736 1326 3803 locs·

25 3860 149 3930 neoto
169 3860 257 3926 sicit
276 3865 307 3925 to
329 3882 366 3926 oe
385 3862 484 3925 misti
495 3857 565 3942 jicio
587 3858 701 3924 sloiits‘.
747 3855 843 3922 Pakls'
864 3856 903 3938 by
933 3855 991 3919 ani
1010 3853 1097 3918 eboli
1116 3849 1247 3919 ceslois‘l
1268 3851 1326 3918 ons‘

24 3975 175 4044 r'etcabbo
196 3976 247 4043 clo
268 3975 404 4058 neplots‘l
426 3996 447 4038 o
464 3993 509 4056 po
530 3972 614 4038 Labe·
636 3972 709 4038 cisilo
725 3971 808 4054 plui,
830 3971 912 4053 maji
926 3968 1030 4053 prcioo
1052 3967 1109 4034 too
1118 3988 1174 4032 mu
1187 3965 1327 4032 rabac&

363 4111 385 4153 a
407 4111 446 4154 on
469 4088 598 4169 upodne
619 4087 658 4151 do
677 4084 797 4169 poboty
819 4082 991 4150 krdlocsltc'.

134 4282 344 4351 chceslsus
360 4281 413 4348 dei
429 4282 539 4364 gracia
554 4280 771 4346 Romanorum
787 4297 844 4344 rex
867 4295 995 4360 semper
1016 4281 1175 4359 augustus
1198 4278 1231 4341 et
1246 4273 1326 4341 Boe-

25 4401 94 4468 mie
115 4417 183 4465 rex.
227 4396 348 4464 Notum
383 4395 521 4462 iacimus
554 4400 666 4461 tenore
694 4393 898 4477 presencium
928 4391 1102 4472 uniuersis,
1137 4388 1223 4473 quod
1256 4407 1328 4455 cum

26 4513 153 4598 dudum
176 4510 332 4595 magister
355 4510 486 4592 ciuium,
510 4508 659 4576 consules
683 4512 717 4573 et
734 4507 836 4590 jurati
860 4505 1005 4574 ciuitatis
1025 4501 1331 4583 Luthomerioensie,

24 4628 142 4696 fideles
172 4626 277 4693 nostri
306 4625 427 4705 dilecti,
450 4644 470 4691 a
499 4629 653 4706 tempore,
685 4622 778 4689 cuius
809 4621 1006 4689 contrarium
1038 4619 1073 4685 in
1095 4617 1252 4685 memoria
1272 4615 1329 4683 ho-
