3098 5392
718 399 794 449 rans.
1320 397 1391 465 535

105 608 204 669 rstns
223 608 256 669 et
272 603 405 671 Boemie
426 622 493 671 ren
515 603 569 671 Ad
590 609 779 689 perpetuam
793 606 843 674 rei
858 605 1064 672 memoriam..
1078 605 1226 675 Priorum
1247 606 1391 677 locorum

105 764 108 778 ,
147 717 453 786 ecclesiasticarum
481 737 693 803 personarum
722 726 843 788 statum
869 719 997 787 felicem
1018 725 1108 789 trnto
1131 721 1311 804 graciosius
1333 722 1390 789 ad·

105 849 211 913 rgere
233 837 347 898 nostra
368 832 522 915 dignatur
543 833 737 914 sublimitas,
760 838 880 916 quanto
913 833 1053 916 amplius
1076 832 1220 902 fauorem
1243 834 1392 903 diuinum

105 945 268 1012 *emereri
300 963 478 1029 speramus,
507 945 585 1013 dum
613 946 743 1013 illorum
771 945 845 1029 paci
872 950 905 1013 et
930 946 1159 1027 tranquillitati
1181 947 1391 1031 consulimus,

105 1060 134 1125 ri
171 1077 193 1125 a
225 1058 461 1126 mundanarum
490 1059 696 1144 questionum
725 1059 917 1143 sequestrati
945 1057 1129 1127 turbinibus
1151 1061 1241 1143 pacis
1265 1061 1390 1129 auctori

107 1176 261 1255 egerunt
271 1177 428 1256 perpetuo
442 1171 602 1240 famulari.
619 1173 704 1241 Sane
719 1192 777 1256 pro
793 1178 887 1257 purte
899 1173 1127 1257 religiosorum
1137 1173 1160 1241 J
1161 1174 1298 1243 ohannis
1309 1175 1390 1243 dicti

109 1287 239 1369 olguot
259 1286 385 1354 abbatis
409 1290 444 1353 et
464 1291 643 1354 conuentus
664 1287 853 1354 monasterii
876 1289 911 1355 in
935 1286 1083 1355 (laodlicz
1105 1288 1229 1357 ordinis
1260 1288 1390 1375 cyster-

105 1401 211 1466 cnsis
233 1398 409 1483 Pragensis
432 1398 582 1482 diocesis,
616 1400 808 1468 denotorum
840 1400 934 1467 nobis
967 1400 1168 1483 dilectorum,
1200 1418 1305 1487 nuper
1325 1403 1391 1471 fuit

105 1517 199 1581 >stre
229 1513 393 1579 maiestati
424 1513 636 1596 propositum,
668 1513 754 1596 quod
784 1513 931 1581 nonnulli
953 1513 1043 1581 ciues
1065 1512 1189 1581 Montis
1209 1514 1334 1583 Knttne
1355 1522 1390 1584 et

108 1629 229 1693 iarum
254 1626 357 1693 eciam
379 1626 559 1708 ciuitatum,
583 1625 753 1709 opidorum
778 1627 850 1695 siue
870 1627 1023 1708 locorum,
1046 1625 1202 1694 babentes
1223 1628 1385 1712 grangias,

105 1740 324 1822 assessionem,
357 1757 464 1823 agros,
492 1744 579 1808 orus
601 1744 636 1806 et
657 1739 741 1807 bona
762 1741 799 1806 in
820 1740 938 1823 opidis,
969 1739 1057 1807 villis
1079 1741 1319 1823 etterritoriis,
1352 1743 1387 1809 in

105 1855 204 1922 ribus
226 1853 327 1920 iidem
349 1852 447 1919 abbas
470 1859 503 1920 et
524 1857 701 1921 conuentus
712 1852 968 1935 jmisoicionem,
987 1852 1148 1936 judicium
1170 1858 1205 1921 et
1226 1853 1386 1923 directum

105 1967 266 2035 >minium
288 1966 434 2034 obtinere
465 1971 651 2049 noscuntur,
682 1967 716 2031 in
739 1965 814 2048 biis,
844 1983 942 2049 super
970 1965 1088 2049 quibus
1114 1966 1273 2035 aduersus
1295 1968 1385 2051 ipsos

105 2081 284 2149 ulicialiter
313 2079 367 2163 agi
397 2080 564 2163 contingit
593 2080 842 2163 jurisdicionem
871 2080 976 2163 ipsius
999 2080 1125 2147 abbatis
1147 2080 1316 2149 declinare
1335 2082 1388 2149 ni·

105 2200 198 2263 mtur
228 2195 287 2260 tali
310 2194 489 2276 occasione,
523 2195 600 2276 quia
631 2195 667 2261 in
695 2194 790 2262 bonis
819 2193 902 2277 ipsis
930 2212 996 2261 non
1024 2194 1191 2263 resideant
1218 2196 1273 2263 nel
1302 2195 1387 2264 forte

105 2310 208 2391 ulem,
240 2328 303 2391 que
332 2308 510 2392 possident
543 2307 585 2374 (le
614 2308 762 2391 pecuniis
792 2307 954 2391 perceptis
980 2327 1001 2375 a
1024 2309 1188 2376 montibus
1217 2315 1276 2376 aut
1303 2310 1386 2379 locis

105 2425 157 2489 riis
195 2428 472 2505 comparauerunt,
506 2426 689 2490 asserentes
718 2441 755 2489 sc
783 2427 916 2505 propter
943 2422 1005 2489 boc
1033 2441 1097 2490 non
1127 2440 1236 2490 coram
1268 2422 1384 2491 abbate

105 2536 241 2616 radiato,
276 2534 397 2602 sedin
426 2535 517 2617 locis,
551 2534 604 2601 vbi
636 2533 790 2616 resident,
824 2533 942 2601 debere
974 2535 1173 2602 iudicialiter
1205 2537 1382 2621 conamini,

105 2650 232 2731 torique
265 2648 493 2715 nichilominus
522 2647 627 2715 dictos
657 2648 746 2715 ciues
778 2665 885 2715 coram
909 2646 1035 2731 judicio
1068 2652 1102 2714 et
1118 2647 1238 2732 juratis
1259 2648 1382 2718 Montis

105 2764 207 2829 [uttne
230 2766 263 2828 et
284 2762 422 2828 aliarum
452 2760 632 2842 ciuitatum,
671 2759 840 2843 opidorum
870 2764 904 2826 et
932 2761 1076 2827 locorum
1105 2758 1381 2845 snper'predictis

105 2877 240 2959 nangiis,
271 2873 541 2957 possessionibus,
571 2873 669 2955 agris,
700 2873 780 2938 ortis
807 2878 840 2938 et
868 2872 962 2938 bonis
993 2873 1190 2939 conueniunt
1219 2890 1259 2938 ex
1290 2892 1382 2941 occa·

105 2990 230 3057 ionibus
253 2988 435 3055 antedictis.
480 2987 700 3067 Nonnulliqne
721 2986 954 3067 premissorum
973 2985 1118 3051 homines
1141 3004 1179 3052 ac
1202 2988 1380 3069 censuales

105 3122 175 3185 ona,
206 3103 441 3186 possessiones,
471 3100 622 3184 grangias
646 3106 679 3164 et
700 3117 796 3183 agros
819 3098 880 3165 sub
902 3098 984 3180 ipsis
1017 3116 1074 3164 scu
1104 3099 1248 3180 ipsorum
1270 3118 1380 3167 mona·

105 3221 183 3284 :erio
207 3236 245 3283 ac
267 3218 302 3283 in
326 3234 436 3283 eorum
458 3214 633 3281 territoriis
659 3232 717 3280 seu
740 3213 828 3280 villis
850 3211 934 3279 bona
957 3212 1152 3293 huiusmodi,
1185 3231 1247 3296 que
1275 3213 1381 3296 possi-

106 3337 173 3412 ent,
206 3331 277 3396 sine
306 3331 450 3414 ipsorum
480 3329 623 3396 sciencia
649 3334 682 3394 et
703 3345 841 3393 assensu
862 3327 896 3392 in
919 3326 1002 3391 alias
1027 3325 1229 3392 transierunt
1248 3327 1381 3410 propria

105 3445 266 3511 emeritate
287 3462 451 3526 personas.
489 3442 645 3509 Nonnulli
667 3460 743 3508 vero
766 3459 824 3522 pro
847 3438 1018 3522 pascendis
1041 3439 1185 3521 ipsorum
1207 3440 1378 3522 pecoribus

105 3578 177 3642 gros
200 3563 234 3624 et
259 3575 389 3640 campos
419 3557 505 3623 circa
535 3557 646 3624 foueas
675 3558 709 3622 in
740 3554 837 3621 dictis
868 3552 1032 3620 Montibus
1059 3558 1261 3620 mensuratas
1293 3554 1380 3621 ultra

105 3675 202 3740 mites
225 3673 297 3738 siue
318 3690 412 3738 areas
443 3671 501 3738 sub
524 3671 658 3753 antiquo
688 3670 846 3753 usquein
869 3686 1002 3751 presens
1026 3687 1065 3734 ex
1087 3667 1321 3735 consuetudine
1343 3669 1378 3735 in

105 3788 193 3852 lente
221 3784 345 3850 Kuttne
373 3785 416 3850 ad
445 3784 574 3851 easdem
606 3783 716 3849 foueas
743 3784 815 3848 inre
845 3782 1006 3848 moncium
1036 3786 1219 3864 spectantes
1252 3800 1377 3849 necnon

105 3917 213 3966 cneum
235 3897 276 3963 de
299 3896 495 3964 conflatoriis
525 3899 597 3963 siue
626 3897 711 3963 casis
743 3897 777 3961 in
801 3895 923 3961 eisdem
952 3895 1039 3977 agris
1062 3901 1095 3961 et
1117 3896 1239 3978 campis
1269 3913 1378 3961 mona-

107 4012 173 4079 erii
201 4010 356 4089 fundatis,
386 4011 534 4094 quamuis
566 4010 652 4075 idem
674 4008 774 4074 abbas
798 4013 830 4073 et
853 4013 1030 4074 conuentus
1053 4027 1180 4091 semper
1201 4007 1323 4075 fuerint
1344 4013 1378 4075 et

105 4147 114 4193 u
145 4125 283 4206 antiquo
317 4143 419 4208 usque
448 4125 482 4191 in
511 4142 645 4208 presens
676 4125 709 4189 in
740 4122 924 4189 corumdem
953 4140 1138 4204 camporum
1168 4126 1201 4189 et
1226 4140 1377 4204 agrorum

105 4259 203 4308 aunon
226 4239 447 4321 percepcionis
471 4258 625 4306 censuum
648 4238 688 4304 de
711 4237 832 4304 eisdem
863 4234 1060 4302 conflatoriis
1091 4236 1163 4303 siue
1192 4236 1278 4303 casis
1300 4255 1375 4320 pos-

105 4356 225 4421 ssione
246 4352 382 4435 pacifica
411 4358 444 4418 et
470 4353 589 4434 quieta,
619 4351 845 4417 machinantur
867 4349 907 4414 de
935 4367 1020 4414 nouo
1050 4349 1181 4424 racione
1210 4367 1376 4417 mensura-

105 4468 181 4536 onis
212 4465 373 4531 dictorum
403 4465 569 4531 fouearum
599 4465 662 4531 sibi
694 4464 838 4530 totaliter
865 4463 898 4528 in
921 4462 1135 4544 preiudicium
1164 4463 1245 4530 dicti
1266 4482 1376 4531 mona·

105 4581 169 4649 erii
192 4578 376 4659 vendicare,
399 4579 512 4661 sicque
534 4584 566 4644 et
588 4579 662 4645 aliis
684 4577 788 4642 modis
804 4576 904 4641 variis
920 4576 953 4641 in
965 4575 1094 4658 juribus
1110 4581 1143 4642 et
1156 4575 1374 4644 laudabilibus
