3150 5378
136 431 198 496 136
759 428 834 479 taor.

135 638 219 721 quod
242 638 372 704 easdem
394 641 428 702 et
449 637 586 720 predicti
609 636 720 717 Egidii
743 641 840 716 ratas,
870 634 1084 702 racionabiles
1106 639 1205 716 atquc
1227 636 1340 715 gratam
1362 651 1433 699 mox

134 752 314 831 habuimus,
339 751 572 832 cumprimum
602 768 699 832 super
730 750 817 816 dicta
847 750 981 815 ciuitate
1003 754 1036 815 ct
1057 748 1133 815 aliis
1162 747 1356 814 contrahere
1384 766 1433 812 cc-

135 865 240 947 pimus
263 868 296 929 et
318 864 420 929 eciam
442 868 548 928 tamen
579 864 796 929 contraximus
826 881 899 928 cum
928 863 1040 928 eodem
1065 861 1219 928 Witkone
1241 866 1274 927 ct
1296 861 1380 943 ipsis
1402 865 1432 926 et

134 978 236 1043 eciam
270 977 407 1059 singulis
440 977 559 1042 litteris
590 982 623 1042 et
651 977 876 1043 instrumentis
910 975 1064 1060 predictis
1094 978 1242 1042 nostrum
1263 992 1431 1039 assensum

132 1092 312 1174 prebentes,
336 1090 425 1172 ipsas
448 1090 643 1156 donaciones
666 1094 699 1155 et
720 1090 847 1172 gracias
871 1090 1038 1173 utriusque
1067 1087 1287 1171 predictorum
1310 1105 1430 1153 necnon

133 1205 258 1270 litteras
282 1210 315 1269 et
335 1204 551 1269 instrumenta
573 1202 686 1268 eadem
708 1203 851 1285 ipsorum
874 1208 907 1269 et
927 1203 1119 1270 donatorum
1140 1202 1175 1267 in
1197 1199 1349 1268 omnihus
1364 1200 1430 1265 suis

134 1318 288 1383 clausulis
312 1321 346 1383 et
368 1317 513 1400 partibus
537 1317 577 1382 de
600 1316 733 1400 speciali
756 1317 865 1399 gracia
888 1315 1120 1383 confirmamus.
1158 1315 1297 1398 Insuper
1320 1313 1430 1380 domus

133 1430 277 1513 predicte
293 1430 517 1497 Zderasiensis
540 1431 684 1497 volentes
707 1431 929 1497 condicionem
950 1429 1056 1496 facere
1078 1429 1244 1496 meliorem
1265 1428 1430 1511 ipsamque

133 1545 228 1626 plena
251 1549 285 1610 et
306 1544 449 1627 perlecta
471 1544 621 1610 libertate
642 1563 680 1610 ac
703 1545 909 1626 exempcione
930 1545 1072 1626 gaudere
1093 1544 1184 1609 iuxta
1205 1542 1429 1608 concessiones

139 1663 172 1723 et
202 1658 424 1742 indulgencias
455 1677 513 1740 per
541 1659 762 1741 progenitores
792 1663 919 1724 nostros
941 1656 1047 1723 felicis
1073 1654 1325 1736 recordacionis,
1357 1654 1431 1719 olim

135 1788 229 1854 reges
261 1772 425 1852 Bohemie,
449 1772 541 1837 datas
564 1772 594 1836 ei
618 1777 650 1837 et
672 1771 835 1854 preposito
859 1789 896 1836 ac
917 1769 1072 1835 fratribus
1104 1767 1301 1847 memoratis,
1334 1767 1430 1848 ipsos,

135 1903 349 1965 successores,
384 1884 513 1951 domum
545 1885 732 1973 predictam,
767 1884 912 1951 homines
943 1884 1112 1950 uniuersos
1142 1887 1175 1948 ct
1202 1880 1289 1948 hona
1322 1899 1430 1946 eorum

132 1999 241 2064 omnia
277 2004 309 2065 ct
346 1999 475 2082 singula
507 2000 600 2082 juxta
637 1999 784 2081 Pragam,
822 1999 965 2079 Pontem,
1002 1997 1210 2079 Neuburgam
1247 1999 1281 2061 et
1318 1993 1429 2061 Nonio

131 2111 291 2193 Trutnow,
320 2119 448 2178 nostros
479 2114 640 2195 ciuitates,
664 2113 727 2179 sita
757 2118 790 2179 et
812 2114 844 2178 in
867 2113 964 2178 terris
994 2112 1114 2179 nostris
1144 2109 1273 2191 rbique,
1304 2108 1429 2174 scilicet

135 2226 296 2306 ciuitates,
320 2227 427 2306 uillas,
450 2226 567 2306 curias,
591 2227 712 2306 domos,
735 2226 857 2305 vineas,
880 2224 1064 2290 molendina
1087 2228 1119 2289 et
1140 2223 1206 2288 alia
1225 2220 1335 2288 omnia
1349 2220 1430 2286 bona

134 2356 246 2404 eorum
268 2357 306 2404 ac
329 2337 458 2405 domum
478 2339 513 2404 in
536 2337 697 2405 Suethecr
720 2338 784 2420 ipsi
808 2338 971 2420 preposito
994 2343 1027 2402 et
1049 2336 1157 2403 domui
1180 2353 1240 2402 suc
1254 2335 1430 2402 subiectam

134 2450 167 2516 in
191 2456 333 2517 nostram
356 2452 591 2534 proteccionem
612 2452 787 2534 recipimus
817 2450 990 2532 specialem
1013 2454 1046 2515 et
1067 2448 1249 2529 eximimus,
1279 2452 1429 2525 exemtas,

137 2562 255 2629 liberas
297 2582 355 2629 seu
394 2569 542 2646 exempta
579 2570 612 2629 et
654 2563 757 2629 libera
796 2581 869 2629 esse
909 2563 1056 2628 volumus
1092 2581 1112 2627 a
1147 2561 1430 2628 iurisdiccionibus

135 2680 169 2740 ct
191 2676 323 2742 iudiciis
346 2677 380 2741 in
403 2676 550 2742 omnibus
581 2682 614 2743 et
644 2676 782 2759 singulis
805 2675 1028 2759 questionibus
1059 2676 1131 2741 siue
1160 2675 1269 2742 causis
1293 2675 1429 2758 Prageu·

131 2789 217 2855 sium
245 2789 523 2857 beneficiariorum
549 2795 583 2856 et
605 2789 821 2871 quorumlihet
849 2789 987 2856 aliorum
1009 2808 1047 2855 ac
1069 2789 1322 2871 prouinciarum,
1352 2789 1430 2854 ciui·

131 2907 234 2969 tatum
257 2903 469 2986 Progensium
492 2910 525 2969 et
546 2903 685 2970 aliamm
708 2903 878 2969 ciuitatum
893 2903 1107 2985 villarumque
1122 2901 1267 2967 iudicum
1283 2920 1429 2986 quorum·

132 3034 269 3098 cumque
303 3017 583 3099 potestatibusque
616 3016 819 3096 eorumdem;
854 3016 895 3080 ad
929 3016 988 3081 hec
1020 3015 1271 3098 purgrauiorum
1293 3015 1430 3098 Ptagen·

131 3130 217 3196 sium
239 3136 272 3194 et
294 3132 542 3213 purgrauiorum
565 3130 781 3213 quorumlibet
809 3130 955 3211 aliorum,
983 3148 1003 3194 a
1026 3129 1176 3197 seruiciis
1198 3147 1338 3213 quoque,
1362 3148 1429 3195 sec·

133 3242 226 3323 turis,
259 3245 418 3326 expensis,
449 3243 743 3326 procuraciouibus,
775 3243 929 3323 collectis,
960 3242 1269 3323 construccionihus,
1303 3261 1429 3327 repara·

133 3356 280 3422 cionibus
302 3358 451 3437 turrium,
475 3357 626 3438 poncium
648 3362 681 3422 et
703 3357 840 3422 aliarum
854 3355 1070 3440 quarumlibet
1085 3362 1323 3423 structurarum
1342 3359 1430 3423 iuua-

134 3469 287 3552 minibus,
318 3471 465 3551 teloneis,
496 3470 709 3536 seruitutibus
732 3476 765 3536 et
786 3470 959 3537 honeribus
990 3471 1245 3553 quibuscumque
1274 3470 1429 3537 faciendis

133 3588 166 3649 et
190 3583 379 3649 exhibendis
402 3583 442 3650 ob
465 3602 696 3666 quamcumque
727 3603 858 3650 causam
888 3584 1035 3651 omnibus
1066 3584 1118 3650 nel
1149 3584 1290 3665 singulis
1319 3602 1429 3668 supra·

132 3697 240 3777 dictis,
263 3696 481 3777 decernentes,
509 3703 545 3762 ut
566 3697 630 3779 ipsi
651 3699 842 3779 prepositus,
872 3696 999 3778 fratres,
1029 3715 1243 3779 successoros,
1274 3697 1427 3771 homines,

133 3807 246 3875 domus
269 3815 303 3875 et
325 3810 431 3876 omnia
454 3809 537 3875 bona
560 3828 670 3875 eorum
697 3809 807 3875 habita
838 3815 870 3875 et
899 3809 1046 3877 habenda
1076 3815 1109 3876 et
1139 3810 1253 3877 domus
1283 3813 1319 3878 in
1350 3812 1429 3879 Sne

132 3920 224 3988 thecn
247 3942 320 3989 cum
342 3922 525 3988 hominibus
549 3927 581 3989 et
602 3922 696 3988 honis
727 3922 796 3987 suis
823 3927 933 3989 nostro
954 3928 1079 3989 tantum
1104 3923 1231 3989 subsint
1252 3924 1378 3993 iudicio
1400 3930 1430 3992 et

133 4037 299 4118 prepositi,
330 4036 466 4102 fratrum
496 4056 534 4102 ac
564 4037 719 4118 magistre
749 4037 917 4117 dictorum,
945 4042 978 4103 ct
1000 4038 1040 4103 de
1062 4038 1143 4120 ipsis
1167 4037 1317 4104 omnibus
1338 4039 1429 4106 bonis

132 4149 222 4214 iuxta
243 4168 365 4216 morem
387 4150 574 4216 deseruient
596 4152 700 4216 solum
722 4150 824 4216 nobis.
857 4152 1007 4217 Preterea
1029 4151 1245 4234 prohibemus,
1269 4172 1311 4219 ne
1334 4154 1430 4220 iidem

134 4263 328 4345 prepositus,
359 4264 486 4344 fratres,
521 4283 724 4332 successores
755 4283 865 4331 eorum
887 4270 920 4331 et
940 4266 1097 4348 magistra
1119 4266 1153 4331 in
1176 4265 1341 4332 Sosthecz
1364 4268 1430 4333 sine

134 4380 243 4443 nostro
276 4396 436 4444 consensu
464 4396 522 4460 per
550 4377 677 4442 litteras
712 4379 838 4461 regales
869 4397 1019 4461 expresso
1053 4379 1204 4459 uendant,
1238 4385 1428 4461 permutent,

133 4490 276 4557 alienent
297 4492 349 4558 uel
374 4493 415 4557 ad
438 4509 501 4556 non
523 4490 685 4556 modicum
718 4498 846 4574 tempus
877 4492 984 4558 locent
1013 4492 1136 4574 aliquid
1167 4493 1207 4559 de
1237 4493 1307 4559 suis
1339 4494 1429 4561 bonis

133 4603 287 4687 predictis
319 4609 377 4671 aut
407 4605 506 4671 alicui
539 4605 730 4671 seruitutem
767 4605 965 4672 constituant
1001 4605 1035 4670 in
1073 4604 1196 4672 eisdem
1233 4608 1286 4675 uel
1320 4608 1429 4693 aliquo
