3150 5378
718 1553 784 1667 Cis:
810 1602 837 1665 1.

617 1768 715 1838 1225.
736 1770 770 1839 V
793 1769 945 1839 llradei.

164 1935 226 2003 drot
250 1941 391 2024 lempst
423 1940 548 2008 Otokor
584 1944 611 2009 Ι.
649 1943 751 2033 davd.
771 1943 965 2026 ommam
1001 1947 1103 2012 masta
1132 1945 1261 2011 Hrodce
1288 1945 1428 2012 Krdloce'

165 2047 253 2118 uuae
277 2055 365 2122 Vasco
385 2054 567 2122 kvdbae'mu
581 2057 699 2133 dadoni,
719 2057 822 2122 udicio
837 2077 855 2121 o
869 2057 906 2122 m'
926 2060 1036 2122 amdan
1057 2058 1265 2142 smctlnpmi
1277 2058 1427 2125 iratam

164 2161 262 2230 Petram
280 2188 301 2232 a
318 2168 756 2252 Bmedou‚jimipoatou1›ci
781 2169 876 2250 js'aou
897 2167 1014 2233 dodina
1038 2148 1175 2235 &toves
1197 2191 1231 2235 se
1251 2169 1352 2235 sedani
1365 2191 1426 2253 po·

162 2273 269 2352 W
286 2301 306 2346 a
325 2282 498 2364 afflinem,
513 2282 575 2364 uby
589 2283 642 2348 oni
663 2304 684 2347 a
699 2282 768 2366 jicio
790 2281 1095 2348 doctosdoctorss·
1116 2282 1182 2365 byla'
1209 2282 1250 2348 od
1280 2282 1426 2350 ouem

575 2394 687 2461 atinati
707 2395 804 2462 πάθοι
825 2417 847 2461 a
867 2394 984 2462 maso.

236 2566 270 2632 In
292 2568 423 2634 nomine
445 2575 557 2634 sancte
579 2575 612 2634 et
633 2570 801 2634 individue
822 2571 1001 2636 Trinitatis.
1026 2568 1194 2650 Otaoarus‚
1216 2569 1271 2652 qui
1295 2573 1328 2633 et
1349 2569 1426 2634 Pre-

162 2675 225 2759 uirl,
237 2681 287 2746 dei
306 2681 418 2764 gracia
439 2680 648 2748 rexBoemie.
672 2681 716 2747 Vt
739 2701 787 2764 ea,
809 2701 872 2767 que
893 2702 914 2747 a
934 2683 1028 2749 nobis
1043 2682 1178 2764 prouide
1199 2684 1424 2765 disponuntur,

159 2799 288 2873 perpetuo
318 2793 450 2859 stabilia
470 2800 680 2876 permaneant
701 2799 798 2879 atque
818 2792 920 2874 firma,
942 2813 1002 2860 uec
1023 2795 1150 2876 possint
1169 2813 1323 2876 processu
1344 2801 1425 2861 tem·

157 2904 222 2979 poris
248 2926 306 2988 per
334 2925 526 2990 quemquam
554 2907 719 2973 hominum
748 2908 922 2986 immutari,
952 2913 1065 2972 uotum
1092 2906 1227 2971 facimus
1250 2909 1423 2988 uniuersis,

156 3021 203 3081 tam
220 3020 424 3100 presentibus
446 3039 541 3102 quam
563 3019 692 3100 futuris,
715 3022 799 3103 quod
821 3040 891 3100 nos,
907 3021 1073 3086 ciuitatem
1088 3024 1230 3084 nostram
1252 3020 1286 3083 in
1299 3019 1423 3084 Gradec

157 3135 179 3191 o
195 3132 386 3197 habitatores
409 3151 485 3197 suos
508 3152 627 3214 augere
649 3152 687 3198 ac
709 3134 864 3214 ampliare
886 3133 1031 3198 uolentes
1054 3130 1219 3196 commodo
1242 3135 1275 3195 et
1295 3131 1424 3207 honoro,

155 3246 293 3322 quandam
308 3251 429 3310 terram
444 3264 544 3327 prope
567 3246 702 3325 Graues,
725 3265 787 3327 que
808 3245 924 3310 Wesce
951 3245 1130 3326 uulgariter
1151 3245 1342 3326 appellatur,
1363 3263 1426 3326 que

150 3351 196 3419 init
222 3358 385 3422 hereditas
404 3358 541 3422 fratrum
562 3358 707 3436 duorum,
731 3358 820 3422 Patri
842 3358 996 3422 uidelicet
1018 3363 1051 3421 et
1071 3356 1210 3436 Benede,
1234 3356 1357 3438 prefate
1380 3357 1424 3421 ci-

149 3467 243 3532 uitatis
265 3469 501 3534 habitatoribus
524 3468 885 3551 addidimus'perpetuo
908 3469 1152 3551 possidendam
1172 3469 1296 3534 eisdem
1316 3468 1424 3533 fratri-

146 3573 202 3658 bus,
222 3582 318 3647 Petro
349 3582 476 3646 scilicet
505 3585 537 3645 et
566 3581 708 3662 Beseda,
737 3581 1022 3647 commutacionem
1046 3580 1202 3646 iacientes
1231 3599 1289 3662 pro
1312 3580 1424 3645 eadem

145 3697 227 3772 terra,
243 3695 392 3760 dedimus
408 3701 441 3758 et
455 3696 693 3777 assignauimus
716 3695 764 3759 eis
787 3695 958 3777 quamdam
972 3701 1091 3760 terram
1106 3695 1140 3757 in
1165 3691 1366 3761 Cesccaewes
1383 3693 1425 3759 ad

143 3802 193 3870 iu
220 3808 320 3872 bonas
350 3813 498 3871 araturas
528 3812 595 3872 tam
624 3808 657 3871 iu
688 3808 776 3888 agris
805 3826 901 3888 quam
931 3807 964 3871 in
992 3807 1094 3887 pratis
1127 3810 1161 3869 et
1181 3804 1328 3871 frutectis
1351 3825 1423 3871 eum

143 3915 273 3997 ipsorum
304 3920 395 4002 prole
423 3925 578 4000 perpetuo
607 3918 727 4002 absque
756 3920 843 3984 omni
865 3920 1032 3998 seruitute,
1054 3936 1117 4001 que
1137 3935 1233 3982 uaren
1256 3924 1289 3981 et
1309 3918 1423 3984 nocleh

142 4031 309 4112 uulgariter
337 4031 467 4111 dicitur,
497 4033 568 4096 iure
596 4031 792 4098 hereditario
814 4030 948 4114 pacifice
972 4031 1211 4113 possidendam,
1234 4034 1422 4110 statuentes,

140 4149 168 4207 ut
196 4147 303 4211 nuilus
333 4164 557 4211 successorum
587 4153 769 4211 nostrorum
798 4152 856 4210 aut
885 4144 1072 4211 officialium
1100 4142 1280 4208 antedictos
1306 4142 1422 4207 naues

138 4255 165 4319 in
194 4257 306 4322 eadem
328 4258 509 4323 hereditate
531 4259 650 4324 audeat
674 4258 862 4340 perturbare
885 4259 937 4323 uel
972 4257 1054 4338 ipsis
1077 4259 1181 4322 honus
1203 4255 1367 4338 imponere
1390 4258 1423 4320 iu

137 4371 286 4435 seruitute
315 4372 445 4436 nomine
470 4390 566 4436 nares
589 4377 622 4436 et
643 4371 766 4451 nocleh,
789 4376 840 4435 set
861 4370 928 4434 siut
948 4369 1043 4435 liberi
1065 4372 1220 4451 perpetuo
1243 4386 1315 4433 cum
1337 4368 1423 4450 ipso-

134 4498 197 4545 rum
219 4483 318 4564 prole.
356 4483 409 4548 Ad
441 4483 538 4549 huius
560 4489 669 4549 autem
690 4488 801 4549 nostre
822 4481 1086 4548 commutacionis
1108 4486 1142 4545 et
1164 4479 1350 4547 donacionis
1374 4486 1421 4545 at-

1252 4617 1266 4664 ι
