3098 5392
675 473 750 524 mro.
1307 476 1371 539 723

171 681 391 750 Wencoslaus·
416 681 469 747 dei
495 682 613 765 'gracia
633 681 864 748 *Romanorum
897 699 954 747 rex
985 699 1113 764 sempor
1146 684 1305 765 augustus
1339 688 1373 749 et

57 797 201 864 Boemie
222 786 289 862 ren
311 795 433 862 Notum
454 794 593 862 iacimus
615 801 729 861 tenore
750 795 955 879 presencium
978 794 1150 876 uniuersis,
1176 795 1262 878 quod
1277 814 1366 863 acce·

60 910 180 976 dentes
203 927 307 992 nuper
328 908 371 975 ad
392 913 503 975 nostre
524 908 705 974 maiestatis
728 909 931 991 presenciam
946 909 1036 974 ciues
1051 907 1155 975 nostri
1172 908 1213 975 de
1227 909 1368 977 Leutbo

60 1024 195 1104 mericz,
218 1021 330 1089 fideles
354 1022 478 1104 dilecti,
511 1021 605 1088 nobis
628 1022 795 1088 humiliter
817 1022 1051 1104 supplicarunt,
1087 1025 1245 1102 quatenus
1268 1022 1369 1089 infra·

61 1137 189 1219 scripta
212 1136 387 1219 priuilegia
408 1141 443 1201 et
462 1134 592 1202 litteras
613 1136 661 1202 eis
685 1141 719 1201 et
741 1135 828 1201 dicte
857 1134 986 1202 ciuitati
1008 1134 1286 1201 Luthomerioensi
1310 1154 1368 1218 per

59 1250 171 1316 felicis
208 1248 446 1316 recordacionis
481 1248 709 1314 serenissimos
742 1248 907 1314 dominum
941 1254 974 1313 et
1007 1248 1186 1330 genitorem
1220 1254 1367 1314 nostrum

61 1363 233 1443 Karolum,
255 1362 474 1428 Romanorum
489 1361 567 1427 olim
582 1361 820 1443 imperatorem,
843 1366 877 1427 et
891 1360 913 1426 J
914 1361 1082 1442 ohannem,
1097 1379 1207 1443 regem
1223 1361 1367 1443 Boemie,

61 1494 163 1541 auum
179 1480 335 1556 nostrum,
359 1480 392 1541 et
406 1474 488 1541 alios
505 1474 751 1557 prodecessores
773 1478 911 1554 nostros,
934 1493 1029 1558 reges
1051 1473 1194 1557 Boemie,
1218 1473 1310 1541 datas
1335 1481 1369 1541 et

61 1606 237 1655 concessas
260 1586 302 1654 de
322 1587 526 1671 benignitate
547 1588 640 1671 regia
662 1585 851 1670 approbare,
873 1585 1046 1668 ratificare,
1071 1587 1227 1654 innouare
1242 1593 1275 1654 et
1290 1608 1365 1655 oon-

60 1701 195 1767 firmare
227 1701 408 1783 graciosius
442 1700 660 1784 dignaremur.
705 1700 850 1782 Quorum
885 1700 1016 1785 quidem
1053 1700 1299 1785 priuilegiorum
1333 1708 1366 1769 et

60 1817 246 1881 litterarum
267 1819 361 1881 tenor
383 1832 441 1897 per
463 1814 571 1881 omnia
594 1814 740 1899 sequitur
762 1814 797 1880 in
817 1815 879 1881 bec
893 1813 1007 1880 verba:
1029 1813 1170 1881 Karolus
1186 1814 1239 1881 dei
1255 1815 1365 1897 gracia

60 1930 283 1996 Romanorum
304 1947 362 1994 rex
384 1933 445 1995 eto.
482 1926 673 2012 (Nasleduje
695 1929 791 1994 zndnl
813 1926 1009 1995 konfirmace
1030 1928 1122 1994 lrrdls
1142 1926 1244 1994 Karla
1265 1926 1312 1993 IV
1334 1928 1364 1994 d.

62 2064 84 2108 v
107 2030 277 2108 Praze'25
300 2060 399 2124 srpna
423 2041 507 2108 1348
531 2039 556 2107 d.
581 2041 670 2124 275).
694 2040 762 2107 Nos
786 2041 896 2126 itaque
918 2041 1077 2108 dictorum
1100 2040 1222 2107 ciuium
1244 2040 1365 2107 Lutbo·

62 2155 295 2223 meticensium
331 2153 429 2221 iustis
459 2153 609 2237 precibus
640 2153 864 2220 fauorabiliter
894 2154 1051 2236 inclinati,
1085 2155 1256 2236 prasertim
1291 2174 1363 2220 cum

62 2270 154 2335 iuste
177 2267 361 2350 petentibus
384 2287 449 2334 non
474 2268 515 2333 sit
532 2267 741 2350 denegandus
757 2285 921 2348 assensus,
944 2268 1026 2350 ipsis
1046 2272 1078 2332 et
1101 2268 1228 2334 ciuitati
1243 2267 1364 2334 Lutho

60 2382 240 2449 meticensi
259 2381 405 2464 predicte
419 2400 483 2448 non
506 2399 564 2464 per
586 2397 728 2448 errorem
750 2386 807 2447 aut
829 2380 1021 2463 improuide,
1045 2380 1102 2447 sed
1120 2380 1227 2446 animo
1243 2380 1364 2448 delibe-

58 2501 145 2575 rato,
168 2511 247 2560 sano
269 2492 414 2559 fidelium
438 2497 628 2560 vnostrorum
662 2493 835 2561 accedente
858 2494 994 2560 consilio
1024 2498 1058 2560 et
1079 2512 1118 2558 ex
1141 2498 1230 2560 certa
1251 2499 1363 2560 nostra

65 2608 223 2689 sciencia,
245 2606 372 2689 prefata
393 2607 567 2690 priuilegia
588 2611 621 2672 st
635 2607 761 2673 litteras
784 2608 818 2673 in
834 2606 981 2674 omnibus
1004 2624 1115 2672 eorum
1129 2605 1268 2688 punctis,
1291 2623 1363 2672 sen·

58 2720 191 2800 tenciis,
213 2718 391 2801 tenoribus,
422 2719 569 2786 articulis
593 2725 626 2785 et
648 2720 813 2800 clausulis
845 2725 941 2802 prout
972 2720 1012 2785 de
1042 2717 1141 2785 uerbo
1163 2719 1205 2784 ad
1228 2718 1363 2786 uerbum

57 2838 294 2916 expressuntur
324 2834 485 2916 superius,
519 2833 611 2916 regia
646 2833 839 2899 auctoritate
861 2832 994 2898 Boemie
1027 2831 1251 2914 approbamus,
1283 2834 1363 2898 rati·

57 2946 206 3026 ficamus,
240 2947 433 3013 innouamus
465 2953 498 3012 et
526 2952 638 3014 tenore
669 2947 871 3030 presencium
903 2943 1137 3025 confirmamus,
1171 2944 1361 3012 mandantes

59 3061 228 3126 uniuersis
244 3066 277 3125 et
293 3060 431 3142 singulis
454 3059 639 3141 baronibus,
663 3058 837 3139 nobilibus,
861 3058 1029 3138 militibus,
1053 3058 1235 3139 clientibus
1258 3076 1362 3124 came·

57 3174 173 3247 ratiis,
196 3171 456 3253 subcamerariis,
479 3172 695 3255 burggrauiis,
720 3171 913 3238 officialibus
938 3173 1107 3237 ciuitatum
1131 3176 1164 3236 et
1183 3172 1361 3253 opidorum,

54 3285 239 3370 judicibus,
264 3284 405 3351 scabinis
428 3290 461 3350 et
476 3285 761 3351 communitatibus
784 3304 908 3352 necnon
932 3285 1048 3351 ceteris
1071 3286 1191 3350 nostris
1215 3291 1248 3350 et
1268 3286 1360 3368 regni

59 3401 199 3467 Boemie
230 3398 369 3465 subditis
400 3403 433 3464 et
462 3398 621 3480 fidelibus,
653 3399 883 3479 cuiuscumque
913 3403 1028 3479 status,
1051 3398 1170 3479 gradm
1200 3404 1258 3464 aut
1286 3418 1360 3465 con-

56 3512 201 3579 dicionis
232 3511 407 3593 extiterint,
441 3517 599 3594 quatenus
630 3511 772 3594 prefatos
803 3513 891 3577 ciues
916 3517 1043 3577 nostros
1074 3517 1107 3575 et
1136 3511 1304 3578 ciuitatem
1325 3512 1360 3578 in

57 3625 289 3692 Luthomerioz
312 3625 345 3689 in
369 3625 504 3707 prelatis
528 3644 638 3691 eorum
660 3626 842 3707 priuilegiis
866 3631 899 3689 et
920 3625 1038 3690 litteris
1054 3642 1092 3688 ac
1108 3625 1210 3689 eciam
1229 3625 1358 3708 juribus

58 3745 94 3805 et
117 3738 238 3821 graciis
262 3739 295 3803 in
319 3737 365 3803 eis
397 3740 557 3803 contentis
581 3758 643 3804 non
667 3738 845 3819 impediant
867 3756 924 3803 seu
949 3736 1187 3820 quomodolibet
1209 3738 1359 3820 impediri

42 3849 261 3935 'permittant
294 3858 390 3934 prout
424 3870 556 3935 grauem
587 3853 676 3933 regie
705 3851 885 3917 maiestatis
917 3851 1175 3933 indignacionem
1197 3850 1360 3918 voluerint

54 3967 199 4032 euitare.
245 3965 453 4032 Prssencium
477 3964 536 4030 sub
558 3966 776 4031 Romanorum
798 3968 907 4030 nostre
930 3964 1111 4029 maiestatis
1135 3964 1244 4046 sigillo
1265 3964 1359 4030 tosti-

52 4079 168 4147 monio
194 4078 384 4143 litterarum.
408 4079 529 4143 Datum
551 4078 655 4159 Prage
677 4096 760 4142 anno
784 4076 905 4142 domini
928 4076 1100 4142 millesimo
1131 4077 1357 4145 uecentesimo

51 4190 303 4276 septuagesimo
320 4210 413 4273 nono,
430 4191 610 4257 indiccione
627 4189 777 4269 secunda,
794 4189 900 4271 pridie
911 4188 1066 4255 kalendas
1079 4189 1170 4271 Maii,
1185 4208 1357 4273 regnorum

48 4310 248 4375 nostrorum
269 4321 353 4370 anno
376 4305 510 4371 Boemie
533 4304 760 4384 sextodecimo,
783 4303 1001 4367 Romanorum
1024 4320 1100 4368 vero
1123 4304 1232 4369 tercio.

516 4443 580 4528 [Na
603 4444 718 4525 ohbu:]
743 4444 805 4510 Per
828 4442 994 4550 dominum
1015 4441 1179 4509 llndream
1201 4443 1243 4510 da
1263 4443 1359 4511 Duba

967 4556 1139 4623 Martinus.

163 4672 230 4758 [Na
252 4671 367 4754 rubu:]
389 4672 426 4737 R.
451 4670 643 4736 Wilbelmus
666 4670 895 4751 Kortelangen.
1149 4756 1201 4808 w
