3150 5378
134 430 176 498 70
755 429 830 483 resa

131 640 227 706 rebus
244 641 312 705 suis
329 640 558 722 unusquisque,
580 645 677 723 prout
691 638 771 706 deus
794 640 857 707 sibi
879 639 1100 722 inspirauerit,
1120 656 1180 720 pre
1195 638 1302 703 salute
1323 638 1434 704 anime

132 772 191 820 sue
213 753 328 820 debeat
351 753 508 820 ordinare.
533 749 611 839 [66].
634 752 725 836 Item,
752 754 949 837 quicumque
969 770 1103 820 uxerem
1124 769 1217 818 suam
1236 751 1435 834 legittimam

134 867 365 934 contumaciter
380 872 413 933 st
427 867 614 934 innocenter
629 868 700 933 sine
718 884 817 934 eausa
830 867 978 950 legitima
998 864 1220 932 vuduerauerit
1238 870 1298 930 aut
1323 865 1434 948 aliqua

133 981 225 1063 graui
247 979 342 1048 medo
373 980 486 1046 leserit
515 984 572 1047 aut
592 979 757 1061 desiderit,
788 998 894 1046 eoram
916 977 1038 1045 iudicia
1060 977 1258 1045 iudicabitur
1279 978 1432 1045 seculari.

134 1094 169 1160 Si
191 1098 299 1160 autem
320 1097 452 1176 prepter
475 1092 619 1177 aliquem
646 1111 814 1159 excessum
844 1110 977 1175 grauem
1005 1098 1040 1159 et
1072 1109 1202 1159 eausam
1234 1091 1432 1171 euidentem,

135 1207 220 1274 sieut
242 1211 293 1273 est
312 1205 498 1287 fornicatio,
520 1205 717 1273 adulterium
733 1211 771 1272 et
790 1205 857 1271 biis
880 1205 1009 1287 similis,
1032 1205 1067 1271 in
1088 1203 1253 1288 predietes
1271 1204 1433 1271 artieulos

133 1319 207 1403 quia
229 1318 390 1399 inciderit,
424 1337 531 1385 eoram
552 1318 674 1386 iudicio
696 1317 859 1385 iudicetur
881 1315 1099 1402 spirituali.⁴³)
1119 1315 1202 1403 ·[6l].
1225 1316 1261 1384 Si
1284 1318 1362 1401 quis
1384 1318 1433 1382 in-

133 1432 262 1498 uenerit
282 1451 403 1499 nouum
422 1437 572 1512 montem,
595 1437 822 1498 mensurentur
842 1431 905 1498 sibi
927 1436 1051 1514 septem
1068 1431 1156 1498 husi
1175 1435 1211 1497 et
1232 1449 1272 1497 ex
1293 1436 1433 1514 unaque

134 1548 228 1628 parte
256 1548 460 1611 mensuretur
488 1542 617 1611 damino
644 1544 717 1626 regi
750 1544 873 1625 laneus,
907 1549 1019 1626 postea
1051 1543 1181 1611 dominu
1209 1541 1368 1611 eunuco
1401 1548 1434 1609 st

134 1656 288 1723 butribus
319 1657 388 1723 suis
418 1657 522 1739 prima
552 1656 659 1738 dietis,
681 1661 796 1740 pestes
812 1657 932 1740 juretis
954 1657 1067 1724 laneus
1090 1675 1172 1725 mus
1194 1657 1280 1725 sieut
1304 1653 1432 1739 regi⁴‘)

136 1769 214 1854 [68].
237 1769 517 1837 Mensurateribus
539 1770 657 1837 montis
680 1769 842 1837 dabuntur
859 1776 998 1854 qustuer
1013 1770 1110 1838 solidi
1130 1789 1190 1854 pro
1210 1771 1323 1855 precio
1344 1789 1433 1836 meu·

136 1879 371 1965 smaeienis.⁴⁷)
395 1878 472 1969 [69].
497 1883 534 1948 16
563 1883 636 1948 iure
665 1884 841 1951 mensurati
873 1885 992 1951 montis
1015 1884 1163 1952 velumus
1184 1882 1305 1951 bebere
1326 1884 1362 1949 iu
1383 1903 1432 1963 su,

136 1996 224 2080 quud
257 1995 377 2062 66666
409 1995 697 2080 inmebangeuden,
715 1978 786 2063 'tres
807 1997 919 2065 laneos
937 2003 975 2064 et
1001 1997 1182 2080 dimidium,
1211 1998 1247 2065 in
1262 2016 1316 2079 eo,
1346 1997 1434 2081 quud

136 2108 257 2175 dieitur
293 2109 539 2195 inmeligenden,
562 2130 660 2177 vnum
695 2111 833 2193 laneum,
867 2112 1072 2179 altitudinem
1101 2117 1138 2179 et
1169 2110 1366 2194 prafundum
1399 2112 1434 2176 iu

137 2222 245 2305 equali
278 2220 455 2306 sternet)
490 2221 569 2307 [76].
604 2224 806 2307 Quicumque
839 2224 1037 2291 laborauerit
1057 2225 1092 2291 in
1121 2242 1170 2306 ee,
1202 2223 1289 2307 quod
1307 2222 1434 2290 dieitur

137 2337 242 2417 stello,
260 2342 298 2402 et
316 2336 483 2401 metallum
501 2336 675 2418 inuenerit,
698 2335 968 2404 mensurabuntur
989 2337 1021 2402 ei
1044 2341 1168 2419 septem
1188 2335 1274 2401 lanei
1297 2335 1341 2402 de
1360 2336 1433 2419 ipsa

136 2449 206 2516 loeo
230 2453 262 2514 et
281 2448 335 2514 ius
358 2448 496 2514 aliorum
516 2449 694 2530 mensium;
717 2449 747 2515 si
768 2468 845 2516 vero
860 2467 899 2516 er
914 2468 1073 2518 consensu
1087 2454 1121 2515 et
1142 2448 1183 2515 de
1205 2449 1291 2514 scitu
1313 2448 1434 2516 iudicis

138 2567 171 2627 et
192 2561 292 2642 illius,
316 2561 373 2644 qui
396 2565 521 2627 mentm
543 2561 690 2644 porrigit,
713 2561 747 2628 iu
767 2581 817 2644 so,
840 2561 925 2646 quod
944 2562 1065 2629 dieitur
1086 2562 1190 2643 stella,
1212 2560 1286 2645 quis
1309 2560 1434 2628 labera-

138 2674 240 2739 uerit:
263 2691 356 2738 nemo
378 2692 436 2755 per
457 2679 523 2739 tres
552 2674 663 2742 laneos
685 2679 719 2741 et
744 2673 914 2741 dimidium
935 2680 1011 2741 ante
1028 2694 1106 2741 eum
1128 2680 1162 2741 et
1182 2679 1257 2757 post
1276 2693 1356 2741 eum
1376 2675 1434 2740 im·

138 2787 251 2870 pedire
282 2785 499 2872 presumeret)
526 2784 603 2874 [71].
633 2787 667 2856 Si
697 2807 788 2855 mens
818 2789 870 2855 vel
899 2789 1003 2870 stello,
1025 2790 1080 2873 qui
1102 2788 1224 2855 fuerint
1243 2789 1433 2867 mensurati,

139 2901 259 2967 deserti
281 2901 513 2981 relineuuntur,
536 2901 590 2967 die
619 2901 779 2968 deminico
812 2920 920 2968 eoram
953 2902 1071 2985 popule
1103 2900 1367 2984 proclamabitur,
1400 2907 1434 2965 ut

138 3013 197 3094 bii,
230 3033 366 3097 quorum
397 3020 473 3080 sunt
501 3019 620 3097 partes,
653 3013 815 3095 laborent,
847 3014 933 3097 qued
955 3016 984 3080 si
1006 3034 1070 3080 666
1091 3014 1236 3096 feceriut,
1258 3014 1432 3082 umsactis

138 3124 214 3192 XIV
235 3126 349 3192 diebus
374 3128 493 3193 iterum
514 3127 736 3209 proclametur.
775 3126 810 3194 Si
840 3146 915 3195 vero
937 3133 1014 3194 tune
1032 3147 1100 3194 nau
1120 3126 1351 3210 laberanerint,
1381 3128 1433 3193 die

139 3239 300 3304 dominico
338 3244 429 3306 sexta
465 3258 524 3322 pru
557 3241 630 3305 iure
661 3239 782 3305 domini
815 3241 903 3323 regis
937 3241 1031 3306 detm
1060 3241 1119 3306 tali
1147 3241 1252 3322 mado,
1286 3242 1316 3307 si
1340 3260 1431 3309 neme

140 3352 261 3418 dietum
290 3355 431 3417 montem
459 3370 517 3434 pro
547 3356 663 3436 quarta
692 3354 742 3419 vel
772 3353 966 3434 quintave]
996 3357 1087 3418 sexta
1108 3352 1159 3418 vel
1181 3353 1321 3435 septime
1342 3359 1433 3437 parte

139 3465 306 3547 suscipere
339 3462 530 3548 volueritl⁰>
565 3460 642 3551 [72].
677 3465 712 3532 si
743 3466 816 3549 quis
833 3485 930 3532 mons
952 3466 1053 3532 alium
1073 3471 1215 3533 montem
1236 3485 1295 3549 per
1315 3485 1433 3550 aquam

141 3577 285 3659 impedit,
313 3581 388 3660 pest
417 3583 483 3644 tres
506 3579 576 3644 dies
602 3598 694 3645 mous
716 3579 897 3662 impediens
918 3579 1074 3662 impedita
1096 3581 1197 3647 monti
1219 3586 1432 3661 presentetur,

141 3689 242 3755 iudici
277 3695 352 3756 snte
380 3696 431 3757 ter
459 3689 743 3775 proruissent)
778 3690 857 3777 [73].
888 3692 922 3758 Si
953 3693 1028 3776 quis
1050 3694 1091 3759 de
1112 3711 1271 3761 eoussusu
1294 3698 1329 3760 et
1350 3695 1434 3761 seitu

136 3802 259 3885 judieis
280 3804 478 3872 laborauerit
498 3807 533 3872 in
555 3825 603 3888 se,
627 3807 713 3890 quod
740 3806 861 3873 dieitur
882 3807 986 3888 steilo,
1010 3812 1042 3873 et
1063 3808 1098 3872 in
1120 3812 1227 3873 monte
1249 3812 1433 3875 mensurata

142 3921 176 3981 et
203 3916 341 3998 deserte,
372 3919 401 3984 si
429 3918 472 3984 ad
501 3920 630 3986 laneum
649 3919 859 4003 burgensium
881 3920 952 3986 sine
974 3939 1133 3986 censensu
1154 3920 1300 4002 ipserum
1320 3938 1435 4002 perus

142 4029 236 4111 uerit,
258 4030 416 4096 transitus
438 4032 543 4115 ipsius
566 4034 713 4101 atellanis
736 4033 769 4097 iu
792 4033 957 4100 uoluntate
978 4033 1188 4116 burgensium
1208 4033 1370 4101 consistit.
1402 4035 1434 4102 Si

142 4147 250 4209 autem
280 4142 320 4210 66
353 4164 512 4212 consensu
544 4147 689 4229 ipserum
717 4147 795 4213 illuc
816 4148 1011 4229 peruenerit,
1034 4146 1094 4213 sub
1115 4148 1271 4214 mediaeri
1294 4148 1435 4215 hominis

142 4259 276 4338 statura,
306 4258 363 4342 qui
391 4277 450 4324 uec
479 4260 594 4341 longus
624 4279 683 4326 nee
704 4259 814 4325 breuis
836 4261 941 4341 possit
962 4260 1099 4341 aduerti,
1122 4259 1272 4342 apposita
1293 4261 1436 4345 longitu-

143 4367 218 4433 dine
250 4389 364 4437 mauus
397 4371 617 4455 pertransibit,
650 4372 741 4438 salue
771 4373 842 4437 iure
874 4371 1037 4454 uidelicet,
1061 4376 1216 4455 quantum
1235 4374 1436 4443 transeundo

142 4500 240 4565 super
269 4501 305 4548 se
334 4502 443 4551 secare
473 4486 624 4570 potuerit,
651 4486 722 4552 sine
744 4486 894 4570 expensis
916 4485 1062 4552 absolute
1082 4483 1257 4570 tenebit.⁵²)
1282 4485 1438 4572 [75].16

143 4594 229 4688 siin
258 4597 403 4678 predicte
433 4599 526 4666 lanea
556 4599 662 4666 fueret
695 4600 785 4682 prius
817 4599 1005 4666 laboratum.
1041 4597 1181 4684 [76].16
1202 4600 1311 4668 media
1333 4602 1439 4680 eeism
