3098 5392
692 430 766 479 rana.
1301 427 1365 492 543

115 638 192 702 itati
217 638 417 704 concessisse
433 643 465 703 et
480 637 619 704 donasse
642 638 840 705 dinoscimur
855 639 896 704 de
910 636 1117 703 celsitudinis
1132 639 1242 703 nostre
1257 638 1367 719 gracia

113 752 210 831 acioli,
234 756 330 832 prout
353 751 387 815 in
410 750 528 817 litteris
561 751 692 834 nostris,
724 770 803 835 quas
835 768 932 833 super
963 748 1076 816 eadem
1106 748 1313 831 deposicione
1335 755 1368 816 et

113 865 259 930 [busdam
281 864 359 929 aliis
382 864 500 930 vestris
518 864 648 948 juribus
671 864 762 931 vobis
786 864 943 944 dedimus,
974 863 1102 945 plenius
1126 868 1159 928 et
1180 864 1366 946 expressius

113 979 258 1058 itinetur,
281 976 432 1043 fidelitati
455 983 563 1044 vestre
585 978 713 1061 plenam
729 977 924 1045 conferimus
939 976 1109 1044 licenciam
1131 995 1170 1044 ac
1192 995 1232 1043 ex
1254 979 1365 1045 innata

113 1093 160 1158 bis
183 1090 396 1173 benignitatis
420 1091 595 1157 clemencie
616 1090 708 1157 vobis
731 1091 914 1173 graciosius
936 1090 1151 1173 indulgemus,
1187 1092 1272 1173 quod
1294 1090 1365 1156 vni-

113 1223 176 1271 ·sos
199 1209 233 1270 et
254 1205 400 1286 singulos
434 1210 628 1272 mercatores
659 1211 693 1271 et
719 1209 864 1272 vectores
894 1205 985 1270 iuxta
1014 1205 1251 1271 continenciam
1278 1205 1366 1269 litte·

113 1339 182 1400 um,
207 1336 287 1400 quas
310 1317 430 1383 habere
452 1318 635 1400 noscimini,
670 1323 782 1385 nostro
814 1317 944 1384 nomine
974 1322 1008 1383 et
1029 1318 1224 1383 auctoritate
1246 1318 1288 1384 ad
1310 1318 1364 1384 de-

113 1432 248 1498 rendum
281 1450 370 1497 more
401 1431 496 1498 solito
525 1450 578 1498 res
609 1438 643 1498 et
672 1450 794 1499 merces
826 1449 902 1498 suas
927 1436 961 1498 et
982 1430 1096 1514 queuis
1119 1430 1185 1523 alia
1205 1429 1364 1511 facienda,

113 1564 123 1612 a
146 1547 182 1611 in
205 1545 323 1611 vestris
346 1550 576 1626 expressantur
598 1545 727 1627 litteris,
750 1563 862 1611 arcere
883 1549 917 1610 et
937 1544 1128 1627 compellere
1143 1543 1247 1610 modis
1263 1545 1365 1610 omni·

113 1658 292 1724 svaleatis.
337 1656 530 1725 Mandamus
562 1659 673 1739 itaque
702 1658 865 1724 uniuersis
888 1662 921 1724 et
943 1656 1082 1739 singulis
1115 1655 1307 1723 officialibus
1330 1661 1364 1722 et

113 1770 329 1839 eofficialibus
352 1773 445 1854 regni
467 1773 609 1852 Boemie,
632 1774 687 1855 qui
710 1777 786 1837 sunt
808 1772 861 1837 uel
884 1790 942 1853 pro
963 1776 1110 1852 tempore
1131 1769 1262 1851 fuerint,
1286 1768 1364 1836 fide

113 1906 148 1952 ns
173 1887 294 1953 nostris
328 1885 466 1966 dilectis,
501 1891 661 1968 quatenus
692 1885 783 1952 vobis
809 1885 851 1951 ad
872 1884 1124 1966 requisicionem
1146 1888 1179 1949 et
1200 1882 1363 1950 desideria

113 2006 171 2065 tra
192 2000 228 2065 in
252 1998 398 2065 omnibus
422 2003 455 2063 et
477 1999 625 2082 singulis,
654 2017 715 2083 que
737 2000 779 2065 ad
802 1998 1043 2081 deposicionem
1064 2014 1173 2063 rerum
1195 2001 1228 2063 et
1249 1998 1362 2064 merci-

115 2113 257 2193 niornm,
292 2117 324 2177 et
358 2113 473 2192 queuis
507 2112 572 2177 alis
605 2112 640 2177 in
673 2112 793 2178 nostris
826 2110 946 2178 litteris
980 2114 1141 2191 contenta,
1174 2129 1364 2193 promouere

113 2231 209 2306 rsunt,
232 2226 348 2292 bonam
371 2229 404 2290 et
426 2224 636 2292 fauorabilem
658 2224 811 2291 exhibere
833 2224 972 2291 debeant
991 2224 1198 2305 voluntatem,
1221 2242 1286 2291 non
1309 2225 1364 2293 ob·

113 2339 226 2406 ntibns
262 2357 524 2421 quorumcunque
557 2338 807 2421 impedimentis,
841 2339 896 2423 qui
928 2340 962 2405 in
991 2337 1200 2421 dispendium
1221 2343 1364 2404 vestrum

114 2454 184 2519 lent
218 2452 342 2517 indulto
378 2451 563 2518 huiusmodi
597 2457 706 2518 nostre
740 2453 848 2534 gracie
881 2451 1008 2518 obstare
1042 2457 1098 2518 aut
1127 2452 1365 2534 quomodolibet

113 2566 233 2631 rtraire.
258 2566 378 2631 Datum
400 2566 504 2647 Prage
526 2584 610 2631 anno
633 2565 755 2631 domini
775 2566 947 2632 millesimo
965 2566 1191 2633 trecentesimo
1207 2565 1364 2648 quinqua-

113 2680 192 2746 simo
216 2683 340 2758 octauo,
364 2677 418 2744 die
440 2677 516 2742 VII²
540 2679 661 2744 mensis
684 2677 863 2760 Februarii,
886 2697 1058 2761 regnorum
1079 2685 1263 2747 nostrorum
1280 2698 1363 2746 anno

113 2792 266 2873 odecimo,
291 2791 419 2873 imperii
442 2810 518 2858 vero
540 2793 651 2859 tercio.

633 2931 695 2996 Per
718 2931 882 2996 dominum
905 2931 1109 2998 Mindensem
1131 2933 1316 3015 episcopum

808 3044 972 3112 Johannes
996 3046 1037 3111 de
1060 3046 1166 3112 Glacz.

168 3199 241 3267 Orig.
262 3215 336 3268 perg.
357 3216 372 3251 v
392 3197 536 3252 ndrodnlm
556 3214 679 3253 museum
699 3199 852 3254 Uherskem
871 3216 887 3252 r
904 3199 989 3253 Pesti.
1026 3201 1043 3253 S
1062 3199 1150 3253 mendi
1167 3198 1259 3269 pedeti
1276 3202 1359 3255 cisal-

115 3312 133 3347 u
162 3312 199 3347 na
225 3294 296 3347 rubu
323 3294 389 3348 listn
417 3294 615 3363 piitisknutou.
652 3294 717 3363 Jiny
745 3295 886 3364 exempla'i
907 3295 994 3349 chora
1013 3312 1042 3350 se
1061 3295 1202 3350 varchiru
1220 3313 1253 3350 m.
1272 3296 1361 3351 Budd-

113 3409 132 3444 c
151 3407 168 3444 a
187 3390 245 3443 sice
263 3390 313 3444 bez
333 3388 430 3459 pedeti.
467 3389 563 3444 Drnha'
580 3397 639 3446 tato
658 3391 753 3446 listina
768 3390 798 3459 je
816 3390 946 3460 ponekud
966 3391 1133 3462 podezielou
1149 3395 1264 3462 pismem
1284 3397 1361 3448 atel

113 3490 214 3541 'mntem
236 3488 254 3554 ¹)
273 3486 410 3551 Budweis.
446 3485 491 3542 Na
509 3488 578 3541 rubu
594 3488 673 3556 jejim
689 3488 718 3556 je
738 3487 822 3543 starsi
839 3489 931 3543 rnkou
948 3489 1044 3559 napis:
1072 3488 1181 3555 ,Litera
1198 3488 1295 3543 Karoli
1313 3490 1361 3543 im·

113 3583 199 3637 atoris
225 3582 382 3651 specialiter
399 3582 433 3637 de
452 3582 632 3653 deposicione
656 3583 802 3653 nyderlag⁴⁴
823 3601 840 3639 a
859 3583 966 3653 novejdl
986 3585 1090 3640 rukon:
1121 3585 1224 3654 „Copia
1241 3584 1275 3641 ad
1293 3584 1360 3641 fasc.

118 3678 154 3733 ad
174 3677 213 3731 15⁰
231 3678 302 3747 Dep.
323 3681 362 3732 7.“

607 3837 638 3902 Κ
659 3837 714 3905 dis.
739 3840 812 3906 370.

463 3992 561 4070 1358,
584 3991 605 4058 7
627 3995 760 4062 rinora.
783 3996 815 4063 V
831 3996 960 4064 Prone.

310 4127 407 4233 &esky‘
424 4150 567 4232 porde'jsi
582 4150 721 4232 pr'elclod
738 4152 1008 4237 pledcbdrcjr'co'bo
1030 4155 1115 4220 lietu.

164 4306 263 4371 Karel
286 4306 390 4391 dtvrty
413 4308 517 4374 nboil
539 4308 661 4375 milosti
684 4293 818 4394 fllmslry'
841 4311 927 4378 sisai
961 4313 1041 4396 vddy
1064 4315 1271 4382 roumnoditel
1290 4315 1356 4383 ilde

113 4405 210 4503 lesky‘
234 4420 312 4485 lrrtl.
336 4420 500 4502 Rycbtaii,
524 4422 732 4504 purgmistru,
760 4424 942 4508 pilseiny'm
966 4427 977 4490 i
1000 4425 1050 4491 vbi
1073 4425 1143 4493 obci
1167 4429 1270 4494 mesta
1292 4429 1357 4495 Bu·-

115 4535 200 4613 ovic,
227 4534 356 4616 vemy'm
379 4533 482 4599 nasim
512 4536 632 4617 mily'm,
664 4538 773 4601 milost
794 4537 866 4602 nasi
889 4558 909 4603 a
932 4538 988 4605 vie
1011 4539 1116 4605 dobre.
1164 4539 1266 4608 Jakoi
1290 4545 1356 4610 sice

113 4687 114 4699 ,
139 4646 319 4729 polopsenl,
344 4665 466 4730 opravu
488 4667 507 4713 a
530 4650 639 4714 uiitek
667 4652 768 4716 mesta
793 4652 910 4720 vadeho
934 4653 1027 4722 sklad
1052 4656 1120 4722 recl
1143 4673 1162 4723 a
1185 4656 1356 4744 kupectvie
1413 4675 1415 4681 ’
