3098 5392
644 426 718 476 reru.
1295 426 1360 492 639

57 655 287 721 possessorum
310 635 484 702 eorundem
505 636 548 701 ad
571 655 629 703 nos
652 639 686 701 et
709 655 868 704 muneram
888 639 983 721 regni
998 637 1131 706 Buemie
1151 636 1282 706 deuolui
1297 656 1361 705 non

58 754 190 836 possint
211 768 316 836 neque
338 750 485 832 debeant,
508 769 568 819 neo
588 751 631 818 ad
652 770 876 836 quemcunque
898 752 1008 833 alium,
1035 752 1101 819 nisi
1122 751 1165 818 ad
1187 751 1280 818 illum
1303 769 1361 819 seu

58 866 147 947 illos,
177 865 322 949 quitali,
353 865 409 948 qui
440 865 521 933 obiit
542 870 575 932 et
597 866 709 932 eadem
743 866 827 933 bona
848 872 923 949 post
944 885 981 933 se
1001 865 1144 948 reliquit,
1174 866 1209 931 in
1231 866 1362 949 propin·

60 978 171 1062 quiori
187 978 478 1060 consanguinitatis
501 979 588 1045 linea
611 983 687 1044 sunt
707 980 844 1047 astricti.
868 979 1078 1046 Presencium
1101 979 1161 1046 sub
1183 979 1362 1062 imperialis

60 1097 174 1161 nostre
203 1093 383 1160 maiestatis
413 1093 521 1176 sigillo
554 1094 740 1161 testimonio
774 1094 949 1160 literarum.
995 1095 1116 1160 Datum
1145 1093 1249 1176 Prage
1278 1111 1362 1160 anno

60 1207 188 1274 domini
219 1207 391 1274 millesimo
424 1208 649 1276 trecentesimo
679 1210 917 1292 septuagesimo
951 1209 1064 1291 primo,
1098 1206 1176 1274 xm
1206 1206 1360 1273 kalendas

61 1321 156 1402 Maii,
180 1340 353 1405 regnorum
375 1326 558 1390 nostrorum
582 1341 665 1389 anno
684 1323 979 1407 vicesimoquinto,
1002 1321 1131 1404 imperii
1146 1340 1222 1387 vero
1238 1320 1362 1388 decimo

61 1435 213 1516 septimo.

915 1522 967 1589 Ad
988 1522 1173 1588 mandatum
1198 1523 1320 1588 cesaris

938 1634 1305 1721 enumerandus}

171 1809 277 1878 Kopiaii
301 1809 437 1880 privilegii
461 1809 573 1866 archivu
596 1826 630 1864 m.
656 1810 750 1864 Mostu
775 1826 812 1864 na
828 1809 846 1862 l.
867 1816 898 1864 18
911 1810 934 1862 b.
954 1839 986 1849 —
1004 1807 1186 1878 Sohlaoiuger,
1213 1805 1363 1862 Stadtbucb

55 1922 117 1960 von
135 1905 214 1959 Brllx
232 1904 254 1959 d.
276 1909 332 1960 100.

633 2064 697 2150 Cis.
721 2082 797 2150 447.

447 2238 546 2318 1371,
569 2238 612 2307 ab
635 2240 788 2308 bearna.
811 2237 842 2307 V
857 2238 988 2308 Prone.

59 2413 163 2480 Cisal
186 2415 284 2478 Karai
305 2417 327 2478 I
332 2415 360 2477 V
375 2414 523 2497 dopbiuje
544 2412 693 2498 ucajestdt
722 2434 767 2479 aaa
787 2411 982 2495 ryobttir'stoe'
1000 2410 1160 2487 Kolinskc‘‚
1190 2410 1280 2497 ktery'
1311 2409 1367 2477 dol

59 2528 227 2594 Mikulde‘c'
255 2526 561 2594 Brukenmaisterooa'
581 2549 603 2593 a
616 2527 691 2612 jabo
717 2528 870 2604 dedicatio,
904 2526 1122 2610 vgpotttduaje
1145 2526 1194 2591 dle
1215 2525 1370 2591 subdectoa'

59 2644 152 2725 rady
175 2665 197 2707 u
219 2643 287 2707 obce
308 2664 349 2706 nc.
372 2643 492 2708 Koltna
524 2640 667 2724 dubus
689 2664 711 2706 a
732 2639 848 2723 stotky,
882 2639 967 2706 kterc'
1000 2638 1237 2723 krycbtdr'stut‘
1255 2639 1368 2705 Kolio-

60 2759 178 2826 skemu
185 2757 385 2840 plindleicji.
410 2757 526 2823 Kromd
539 2756 632 2821 ἀοηιιι
646 2754 837 2837 rycbatnc'bo,
859 2752 974 2819 krdmcl
989 2752 1154 2839 cbdny'ct
1169 2775 1189 2819 a
1204 2751 1365 2838 mosny'cb,

61 2872 233 2955 brejdoauoy
256 2893 278 2935 a
299 2869 452 2952 alodovcm
474 2892 518 2936 oro
534 2869 719 2952 piedme'stt‘,
755 2871 823 2950 tityi
852 2866 1046 2952 scobodny'cb
1066 2866 1146 2933 luno
1167 2886 1207 2932 aa
1228 2868 1366 2943 orestem,

63 2989 150 3052 decu
172 2982 326 3066 rybna'kciu
349 3007 371 3049 a
392 2984 501 3068 nuent
522 3006 541 3048 u
563 2966 732 3058 Stetaracu,
754 2983 900 3064 rybodoeu
926 3004 944 3046 a
967 2982 1059 3058 Labi,
1081 2979 1191 3064 rycbty
1215 3001 1237 3045 a
1259 2977 1367 3062 krdmy

64 3124 82 3165 c
108 3071 239 3165 Stercus
257 3099 372 3163 Kolboi
399 3122 419 3162 α
449 3096 530 3161 dvou
551 3095 649 3180 bdjciv
678 3118 701 3160 ac
732 3095 827 3171 Labe,
850 3118 871 3160 a
892 3093 999 3160 tro-»ee
1027 3094 1171 3161 dcicbodu
1200 3114 1235 3159 aa
1255 3094 1366 3169 soudu,

63 3211 189 3293 zudby
211 3209 343 3277 onestske‘
365 3233 387 3275 a
407 3209 566 3275 clesdune
589 3211 667 3274 coco
688 3231 733 3273 oa
754 3209 829 3274 trbu
850 3231 868 3273 v
891 3208 971 3283 ηοοί,
990 3209 1128 3292 pocbtaji
1149 3230 1182 3273 se
1203 3212 1239 3272 tu
1260 3206 1367 3290 kpr'o'·

65 3327 243 3394 clusenses
262 3325 372 3407 rycbty
393 3323 545 3389 Kolinclct
566 3329 691 3405 ostrovy
715 3346 733 3387 u
755 3328 823 3388 deoc
845 3324 927 3389 Laui
947 3345 966 3387 u
988 3323 1107 3388 obcodc
1128 3320 1293 3388 mdstskdm
1310 3344 1369 3405 po-

65 3441 183 3515 ssible,
207 3440 325 3505 celeste
340 3461 363 3504 u
377 3440 487 3524 micina
502 3437 693 3513 Hrobskdbo,
717 3460 738 3502 a
760 3436 882 3503 ddebod
896 3458 930 3502 aa
945 3435 1061 3503 skladu
1082 3438 1150 3519 ryb,
1171 3437 1248 3503 vina
1264 3437 1368 3503 aeoli.

176 3616 316 3681 Karolus
338 3620 471 3698 quartus
494 3615 607 3680 diuina
628 3615 759 3680 fauente
775 3615 950 3679 clemencia
964 3615 1179 3679 Rornanorum
1195 3614 1370 3696 imperator

67 3749 201 3813 semper
224 3734 381 3810 augustus
404 3734 437 3793 et
459 3729 591 3793 Boemie
613 3747 678 3792 rex.
724 3728 843 3792 Notum
867 3728 1002 3792 lacirnus
1031 3732 1144 3792 tenore
1166 3728 1369 3809 presencium

67 3844 247 3922 uniuersis,
272 3842 366 3923 quod,
391 3842 467 3907 licet
489 3842 570 3907 alias
583 3840 737 3906 Nicolaus
761 3840 867 3906 dictus
884 3840 1193 3924 Brukkenrneyster,
1211 3841 1312 3923 judex
1328 3841 1371 3906 ci·

66 3958 187 4026 uitatis
210 3960 319 4021 nostre
343 3954 545 4020 (boloniensis
569 3972 666 4035 super
689 3953 800 4034 Albea,
823 3950 928 4018 fidelis
951 3958 1073 4034 noster,
1092 3952 1252 4036 judicium
1263 3953 1368 4036 ipsius

66 4071 219 4141 ciuitatis
241 4089 314 4135 curn
337 4069 405 4134 suis
429 4068 637 4150 pertinenciis
661 4086 680 4131 a
703 4066 914 4147 Christoforo,
940 4072 1016 4132 nato
1041 4066 1202 4148 quondam
1214 4067 1371 4147 Goczlini‚

62 4184 192 4271 judicis
205 4183 334 4263 ibidem,
357 4180 420 4247 rite
436 4181 681 4262 corulrarauerit
706 4180 790 4245 sicut
812 4179 853 4244 de
875 4185 908 4244 et
930 4198 1030 4261 super
1045 4180 1105 4245 hoc
1120 4186 1248 4245 nostras
1263 4180 1371 4263 regiae

66 4299 208 4369 Boemie
229 4299 355 4364 litteras
378 4297 419 4362 de
442 4301 529 4361 certe
550 4301 661 4361 nostra
693 4295 833 4360 sciencia
864 4294 956 4360 datas
979 4294 1160 4360 obtinuisse
1182 4293 1371 4376 dinoscitur,

66 4423 181 4483 tamen
203 4412 281 4496 quia
302 4412 336 4476 in
360 4410 483 4476 eisdem
512 4410 633 4475 uostris
662 4409 780 4474 litteris
807 4408 912 4489 ipsius
930 4407 1047 4491 judicii
1070 4407 1194 4473 fructus
1217 4411 1250 4473 et
1270 4408 1370 4491 perti·

65 4527 189 4596 nencie
209 4544 274 4592 non
297 4543 406 4591 omnes
429 4529 462 4588 et
483 4524 611 4605 singule
642 4520 858 4604 singularibus
886 4521 1029 4603 ipsorum
1052 4520 1235 4588 nominibus
1258 4525 1292 4588 et
1313 4541 1368 4589 vo·

67 4641 198 4711 cabulis
222 4645 299 4706 suut
320 4656 481 4722 expressa,
506 4643 538 4704 et
559 4657 656 4721 quunr
687 4656 745 4702 nos
773 4655 830 4718 per
852 4636 1032 4719 consilium,
1063 4637 1152 4702 ciues
1174 4640 1208 4702 et
1229 4654 1368 4704 commu·
