3150 5378
228 451 292 517 238
853 455 926 505 1327.

227 662 304 743 plici
333 665 367 726 et
387 663 483 744 plana
514 662 644 743 querela
675 662 810 743 impetat
843 663 894 727 uel
918 661 1080 728 mediante
1110 662 1295 728 testimonio
1322 661 1523 728 scabinorum

224 776 478 857 protestancium
501 776 588 858 talia,
614 796 677 858 que
691 781 834 858 aguntur
856 795 913 842 seu
927 775 968 842 de
983 777 1100 859 quibus
1122 779 1270 843 monetur
1291 775 1396 855 accio,
1421 794 1523 842 coram

227 889 309 970 ipsis
332 889 366 954 in
390 890 552 972 soampnis
564 890 751 973 judiciariis
774 909 847 957 esse
868 891 962 956 facta.
979 888 1201 957 concedentes
1224 888 1273 955 eis
1287 888 1523 972 imperpetuum

224 1002 265 1066 de
286 1002 511 1069 beniuolenoia
533 1005 642 1086 gracie
665 1005 849 1087 singularis,
874 1008 908 1070 vt
923 1057 930 1070 .
948 1057 955 1070 .
975 1003 1076 1087 judex
1099 1008 1155 1069 et.
1172 1055 1179 1069 .
1194 1002 1307 1086 jurati,
1331 1002 1524 1086 quicumque

227 1134 284 1197 pro
319 1120 462 1198 tempore
492 1118 623 1197 fuerint,
656 1137 714 1199 pro
744 1116 927 1183 homicidiis
958 1120 991 1182 et
1012 1114 1293 1182 vulneracionibus
1327 1133 1365 1182 ac
1398 1116 1523 1183 casibus

227 1228 302 1293 aliis
326 1229 581 1311 quibuscumque
603 1231 644 1295 ad
668 1249 723 1296 eos
746 1231 837 1295 iuxta
855 1232 931 1313 jura
953 1228 1236 1312 Meideburgensia
1260 1248 1298 1295 ex
1322 1228 1433 1296 debito
1456 1248 1524 1312 per-

226 1342 404 1409 tinentibus
433 1344 580 1410 iudicare
614 1350 647 1409 et
668 1346 790 1410 iustum
812 1344 969 1410 iudicium
998 1343 1139 1409 habeant
1169 1346 1202 1409 et
1224 1341 1363 1408 debeant
1393 1343 1524 1409 cuilibet

229 1456 389 1536 exhibere,
423 1457 488 1522 nisi
518 1458 552 1521 in
582 1458 711 1523 casibus
741 1457 927 1524 huiusmodi
960 1457 1001 1523 ab
1031 1458 1080 1523 eie
1109 1456 1151 1522 ad
1183 1457 1333 1539 superius
1362 1457 1523 1540 judicium

226 1569 325 1636 fuerit
346 1571 551 1652 appellatum.
576 1571 665 1637 Nulli
688 1590 825 1653 persone
848 1570 1078 1651 ecclesiastice,
1103 1588 1169 1653 que·
1187 1570 1276 1654 ipsos
1304 1571 1356 1635 nel
1379 1570 1522 1652 ipsorum

226 1684 409 1766 quempiam
432 1691 522 1749 extra
545 1685 739 1766 Pragensem
763 1684 913 1751 citauerit
935 1684 1101 1764 diocesim,
1135 1702 1233 1766 super
1253 1683 1350 1750 motis
1383 1685 1436 1750 uel
1459 1704 1523 1750 ruo·

226 1796 340 1862 uendis
365 1798 426 1863 sibi
451 1799 674 1878 questionibus
698 1799 739 1863 de
761 1798 884 1864 fauoris
915 1799 998 1880 regii
1020 1798 1221 1880 beneplacito
1242 1798 1442 1879 responsuri.
1487 1798 1521 1861 In

227 1911 320 1976 cuius
341 1910 390 1973 rei
412 1910 632 1976 testimonium
655 1917 820 1992 presentes
843 1913 968 1977 litteras
990 1911 1061 1976 lieri
1083 1915 1116 1976 et
1137 1911 1246 1993 sigillo
1275 1915 1387 1976 nostro
1410 1912 1522 1977 maiori

225 2025 380 2089 iussimus
404 2025 601 2090 communiri.
649 2027 768 2089 Datum
792 2025 896 2107 Prage
918 2044 1002 2091 anno
1025 2024 1147 2090 domini
1173 2023 1344 2090 millesimo
1367 2029 1522 2090 trecente

229 2138 310 2203 simo
332 2137 486 2204 vicesimo
509 2139 655 2220 septimo,
679 2135 770 2204 XIV⁰
791 2138 946 2204 kalendas
970 2138 1146 2204 Februarii.

330 2326 472 2382 Obaoicno
491 2341 505 2380 r
526 2327 686 2418 konfirmaci
710 2328 789 2381 krailc
813 2328 900 2382 Karla
917 2329 955 2382 IV
973 2328 999 2381 d.
1018 2345 1035 2381 r
1052 2328 1137 2383 I‘raze
1155 2334 1189 2382 24
1207 2326 1280 2395 iljna
1301 2331 1367 2381 1349
1393 2327 1521 2381 namho-

227 2425 296 2477 vane
315 2442 331 2476 v
350 2424 415 2492 orig.
435 2441 450 2476 v
470 2423 582 2477 archivo
606 2441 638 2477 m.
664 2424 726 2479 Usti
750 2424 803 2478 nad
822 2424 924 2479 Labem
944 2423 967 2477 c.
986 2429 1009 2477 6.
1028 2455 1063 2463 —-
1085 2426 1104 2493 ¹)
1121 2423 1147 2478 V
1164 2429 1242 2478 textu
1261 2422 1305 2477 dte
1324 2439 1371 2478 sc:
1400 2423 1520 2477 meliora·

226 2519 340 2573 cionem.
360 2550 393 2559 —
410 2519 547 2586 Feistner,
567 2520 730 2575 Gesobichtc
749 2519 797 2574 der
814 2520 917 2589 konigl.
936 2519 1015 2574 Stadt
1033 2519 1135 2588 Aussig
1153 2525 1201 2574 str.
1219 2524 1279 2573 ⁴240.
1299 2549 1332 2557 —
1350 2518 1454 2587 Emler,
1472 2519 1521 2572 Rc·

226 2622 304 2682 gesta
322 2615 369 2670 111.
388 2614 410 2669 1.
431 2619 505 2671 1157.

770 2799 875 2882 *ds
902 2818 972 2882 142.

616 2997 715 3078 1327,
739 2999 782 3067 20
804 2998 927 3066 ledda.
950 2998 1130 3067 VPrazc.
1203 2944 1206 2949 ’

225 3193 309 3258 Kroil
330 3195 398 3259 Jon
422 3194 585 3275 potorcujc
614 3193 790 3256 oudilonem
815 3188 988 3274 bresetum
1013 3189 1217 3274 priolteqium
1242 3186 1333 3255 trote
1355 3189 1519 3273 Ilemyslo

228 3305 373 3372 Olokoro
398 3309 434 3370 H
450 3329 494 3371 oro
516 3304 609 3370 sklad
630 3305 716 3368 aocet
728 3301 910 3386 bupecloc‘bo,
933 3325 977 3367 no
998 3303 1108 3369 sonsa
1129 3303 1188 3369 dod
1203 3302 1278 3368 mlle
1292 3300 1395 3369 leolam
1411 3309 1519 3378 mesto,

400 3443 443 3485 rao
460 3420 563 3501 prdoo
585 3419 696 3484 rnilooc‘
718 3440 740 3482 o
762 3439 806 3482 nc
828 3416 996 3483 stoc-occini
1016 3414 1168 3483 dludnllcol
1188 3438 1223 3482 oc
1243 3420 1348 3482 mdstd.

328 3614 396 3679 Nos
419 3613 582 3678 dohannes
614 3613 666 3677 dei
689 3613 798 3694 gracia
820 3613 954 3678 Boemie
977 3615 1010 3677 et
1031 3610 1167 3676 Polonie
1188 3628 1244 3675 rex
1266 3629 1305 3676 ac
1326 3610 1520 3677 Lucembur·

225 3728 334 3810 pensis
359 3746 475 3808 comes,
497 3725 767 3807 recognoscimus,
801 3723 886 3807 qnod
917 3723 1027 3789 dilecti
1060 3722 1152 3788 nobis
1187 3723 1276 3787 ciues
1306 3723 1411 3789 nostri
1440 3725 1520 3789 Pon·

222 3846 331 3906 tenses
354 3841 388 3905 in
411 3845 522 3906 nostra
544 3839 712 3904 constituti
735 3837 904 3919 presencia
925 3837 1018 3902 nobis
1041 3835 1256 3901 exhibuerunt
1277 3835 1443 3919 quoddam
1457 3837 1519 3920 pri-

224 3955 379 4037 uilegium
402 3954 539 4020 illustris
555 3953 722 4036 principis,
746 3950 868 4021 domini
885 3950 1063 4030 Ottaclrari,
1086 3949 1174 4032 regis
1196 3947 1330 4015 Boemie
1352 3949 1520 4031 predeces-

222 4067 305 4133 soris
328 4069 440 4148 nostri,
466 4068 551 4133 veris
574 4072 607 4133 et
628 4066 765 4148 integris
786 4064 905 4147 sigillis
928 4063 998 4129 eius
1021 4061 1245 4145 pendentibus,
1271 4080 1335 4128 non
1359 4061 1518 4145 abrasum,

224 4201 286 4246 non
310 4181 521 4246 cancellatum
544 4199 603 4245 nec
625 4180 659 4244 iu
682 4179 790 4263 aliqua
821 4178 872 4244 sui
894 4181 987 4259 parte
1012 4175 1176 4255 viciatum,
1205 4178 1354 4257 petentes
1376 4193 1452 4242 cum
1473 4177 1520 4242 in·

223 4296 356 4375 stancia,
380 4299 414 4359 rt
436 4295 544 4359 omnia
567 4296 600 4358 ot
622 4293 751 4374 singula
773 4293 805 4357 in
830 4293 901 4374 ipso
922 4295 1071 4356 contenta
1086 4288 1260 4371 priuilegio
1273 4288 1444 4372 iunouare,
1466 4309 1521 4374 ap·

225 4407 359 4490 probare
381 4426 419 4473 ac
441 4407 543 4473 eciam
566 4404 755 4472 confirmare
777 4406 817 4471 do
839 4406 1040 4486 benignitate
1063 4403 1159 4469 solita
1174 4402 1391 4485 dignaremur.
1415 4404 1521 4472 Tenor

225 4525 333 4586 autem
354 4521 459 4602 ipsius
482 4521 657 4605 priuilegii,
679 4536 773 4601 quem
795 4518 999 4601 presentibus
1022 4515 1173 4584 interseri
1191 4516 1337 4598 lecimus,
1360 4517 1402 4583 de
1424 4518 1522 4587 verbo

225 4633 266 4698 an
290 4633 421 4698 veroum
444 4652 501 4715 par
522 4633 630 4700 omnia
650 4615 726 4697 allis
749 4637 815 4697 esc:
838 4631 905 4696 uos
929 4629 1105 4697 oteramo
1128 4633 1187 4694 eto.
1211 4626 1405 4714 (narrante
1427 4634 1523 4700 zoam
