3098 5392
847 382 920 434 laea

791 609 856 692 Cis.
879 627 953 693 409.

569 799 667 882 1363,
689 799 733 869 18
754 799 957 886 listopadu.
984 799 1018 870 V
1039 799 1172 869 Prusa.

228 974 397 1061 eumaeo
429 973 540 1059 caup
574 977 643 1043 Jan
670 962 798 1061 jacere
829 975 955 1060 eotey‘
987 975 1126 1042 osum
1161 978 1333 1060 wass
1368 1002 1391 1046 v
1410 979 1517 1063 enee

97 1080 106 1101 '
224 1090 380 1175 rpchtdr'e,
403 1087 549 1156 keudcldo
572 1110 593 1155 a
613 1089 665 1155 vu
683 1088 752 1155 ebce
765 1091 867 1154 mesta
881 1089 987 1154 Kutod
1004 1090 1091 1172 Hory
1116 1088 1329 1160 sklddtorn
1351 1091 1516 1178 &Min

225 1228 247 1272 a
269 1226 285 1269 s
301 1202 453 1290 fordiam
476 1198 670 1286 Mullusky'm
692 1221 710 1266 o
732 1200 852 1284 mrduu
872 1200 994 1284 dpc'tribc
1013 1200 1211 1269 uocemue
1233 1227 1260 1270 a
1273 1204 1515 1293 Mflorsby'et,

226 1320 260 1385 de
290 1321 365 1401 opat
399 1338 421 1382 a
453 1313 584 1382 Ιωπυσηί
612 1312 754 1381 latescere
774 1312 958 1381 Maleto
989 1317 1072 1401 maji
1096 1315 1205 1399 prrioo
1226 1317 1423 1387 doum
1439 1318 1517 1385 m

228 1429 429 1499 kr‘edeudmo
459 1428 589 1512 dpltu'ln,
615 1426 722 1494 kdedto
743 1426 896 1511 rycbtds'a‘,
917 1426 1077 1496 teudeiam
1099 1451 1120 1496 a
1140 1432 1330 1498 meldunam
1351 1431 1513 1505 Krambou-

228 1543 318 1629 ekglm
340 1540 445 1610 noem
464 1540 544 1608 adali
564 1538 800 1623 tospoduetoo
820 1540 940 1625 ψόαι
957 1542 1102 1609 r'cdeuebo
1121 1543 1250 1626 dpitotu
1271 1545 1514 1631 mm

230 1657 336 1725 liciae
358 1655 534 1743 jmsuooots'
560 1654 677 1720 misera
710 1653 776 1721 stol
807 1677 852 1721 uo
883 1655 1012 1722 Hordcb
1042 1656 1098 1722 mci
1129 1657 1226 1724 telsto
1253 1659 1383 1746 furris‘s'
1411 1658 1513 1727 blob-

715 1766 823 1834 skdmu
839 1769 1039 1853 prudeus·

333 1946 370 2013 In
392 1944 521 2011 nomine
543 1943 667 2010 domini
689 1960 791 2009 amen.
825 1944 895 2011 Nos
915 1944 1080 2013 Jobannes
1102 1946 1156 2014 dei
1178 1953 1212 2013 et
1235 1951 1423 2033 apostolice
1441 1949 1512 2018 sedis

231 2060 341 2141 precia
362 2058 534 2143 episcopus
547 2056 782 2137 Olomucensis,
804 2057 934 2139 arbiter,
957 2059 1131 2126 arbitrator
1152 2078 1212 2125 seu
1234 2063 1426 2132 amicabilis
1444 2080 1512 2132 corr

229 2175 353 2258 positor
386 2172 421 2239 in
451 2170 558 2238 causis
593 2174 626 2234 ct
657 2169 770 2237 litibus
800 2171 886 2238 inter
914 2178 1023 2256 partes
1056 2173 1272 2257 subscriptas,
1304 2182 1423 2246 nobum
1449 2176 1511 2244 iaci

227 2307 298 2355 mus
328 2292 440 2353 tenore
468 2282 671 2367 presencium
700 2283 873 2366 uniuersis,
904 2285 999 2367 quod,
1026 2286 1103 2368 quia
1124 2286 1158 2353 in
1181 2293 1215 2353 et
1239 2307 1346 2373 super
1367 2291 1510 2359 cumiret

227 2400 349 2482 litibus,
370 2416 433 2483 que
453 2397 539 2463 inter
551 2390 754 2463 honorabiles
769 2402 803 2463 et
816 2397 986 2481 religiosos
1001 2397 1099 2480 viros,
1114 2399 1286 2469 domiuum
1298 2401 1508 2473 chcasbun

231 2513 378 2581 abbatem
407 2529 531 2577 necnon
561 2508 701 2592 priorem
723 2515 756 2575 et
778 2515 970 2577 conuentum
999 2512 1187 2578 monasterii
1210 2511 1448 2597 andlicensis,
1470 2532 1508 2581 ou

230 2627 317 2693 <linis
341 2622 579 2704 (isterciensis,
611 2622 785 2705 Pragsnsis
818 2622 968 2705 diocesis,
1001 2644 1040 2691 ex
1072 2629 1165 2708 purte
1195 2644 1273 2709 vna,
1295 2634 1334 2695 et
1354 2628 1507 2713 prudentor

229 2740 314 2806 viros
341 2738 494 2821 judicem,
525 2736 672 2801 consules
702 2740 736 2801 et
765 2736 1024 2803 communitatem
1055 2738 1176 2804 ciuium
1204 2738 1336 2808 Montis
1357 2739 1507 2809 Kuttmsir

228 2872 266 2919 cx
300 2856 390 2935 parte
423 2850 534 2929 altera,
566 2867 662 2931 super
684 2848 836 2932 hospitali
858 2849 980 2917 Montis
1003 2849 1146 2917 eiusdem
1168 2868 1207 2917 ac
1229 2853 1397 2937 regimine
1417 2861 1448 2922 et
1463 2870 1507 2936 gu·

227 2965 421 3033 boruncionc
440 2962 553 3045 ipsius,
576 2980 699 3028 necnon
721 2962 805 3027 iuter
827 2963 1046 3029 honorabilem
1067 2963 1174 3030 virum
1195 2967 1397 3050 magistrum
1415 2966 1506 3034 Wur

229 3082 352 3161 luorum,
375 3077 547 3161 plebanum
559 3075 694 3142 ecclesie
716 3076 750 3141 in
772 3075 905 3157 Melina,
922 3077 974 3143 cui
989 3077 1113 3160 capella
1126 3076 1252 3146 Montis
1267 3080 1419 3149 eiusdem
1430 3076 1505 3146 velud

230 3196 296 3263 lilia
320 3192 414 3259 ruatri
440 3189 574 3257 subesse
603 3187 792 3269 dinoscitur,
823 3206 861 3254 ex
888 3206 960 3270 vna,
981 3193 1015 3254 et
1032 3189 1186 3273 judicem,
1209 3194 1368 3261 consules
1389 3200 1421 3262 st
1439 3209 1504 3260 con

230 3308 420 3377 munitatem
443 3302 604 3387 predictos
628 3306 719 3384 parte
741 3320 779 3367 ex
802 3301 913 3383 altera,
936 3320 1034 3385 super
1054 3303 1212 3386 regimine
1227 3306 1395 3375 scolarum
1407 3305 1502 3375 ibiduu

230 3424 261 3491 lu
294 3420 402 3487 llloute
425 3436 482 3484 scu
505 3434 603 3499 super
624 3415 696 3482 iure
716 3416 924 3499 presentandi
946 3421 1103 3483 rectorem
1125 3416 1167 3483 ad
1188 3417 1277 3502 illas,
1300 3422 1503 3489 vetustus

231 3536 315 3603 iutor
338 3536 446 3617 partes
470 3531 600 3597 easdem
622 3529 686 3595 iam
709 3533 839 3594 suntet
861 3547 933 3595 esse
958 3535 1137 3597 noscuntur
1158 3530 1291 3600 diucius
1314 3537 1441 3619 agitato,
1457 3546 1503 3615 pu

232 3649 362 3717 eusdem
386 3651 494 3729 partes
517 3644 551 3710 in
575 3662 632 3709 nos
655 3641 751 3707 velud
773 3641 807 3706 in
828 3641 994 3722 arbitrum,
1017 3641 1244 3710 arbitratorem
1266 3650 1302 3712 et
1323 3643 1500 3714 amicabilsu

231 3761 477 3845 corupositorem
500 3757 540 3823 cle
562 3757 627 3822 alto
650 3759 683 3820 et
703 3754 798 3821 basso
822 3754 1013 3837 simpliciter
1035 3760 1068 3820 et
1088 3755 1123 3822 in
1137 3760 1244 3822 totum
1267 3758 1342 3825 sins
1363 3758 1443 3826 oruni
1459 3772 1500 3820 er·

229 3877 382 3959 ‹erupi-,ioue
411 3872 474 3938 luit
500 3875 533 3937 et
555 3874 605 3935 est
626 3869 769 3934 totaliter
792 3868 1064 3950 compromissum.
1109 3867 1297 3954 Eedemqus
1319 3878 1427 3955 partes
1444 3884 1500 3936 cun

230 3989 343 4059 luuuili
375 3985 466 4053 nobis
498 3982 658 4050 instancia
687 3981 919 4064 supplicarunt,
942 3986 977 4047 vt
999 3981 1267 4065 compromissum
1288 4002 1387 4052 suum
1406 3984 1438 4051 in
1455 3996 1500 4047 uos

231 4122 330 4189 uurpor
363 4100 529 4185 promissis
564 4097 710 4179 accipere
743 4100 776 4160 st
808 4096 882 4161 lites
915 4094 1112 4176 huiusmodi,
1143 4095 1236 4162 iuxta
1265 4100 1357 4182 quod
1377 4097 1502 4166 nobisct

229 4222 368 4285 ‹licturut
401 4214 488 4281 rucio
522 4218 555 4277 et
588 4210 737 4277 dominus
771 4208 954 4291 inspiraret,
985 4208 1134 4275 decidere
1167 4210 1389 4295 dignaremur,
1418 4208 1504 4297 punis

230 4352 311 4415 «priua
343 4330 425 4412 parti
460 4323 760 4410 puouuuciacionem
782 4327 925 4387 nostram
948 4340 1006 4388 seu
1027 4321 1198 4390 arbitrium
1219 4343 1286 4391 non
1309 4326 1452 4393 seruanti
1468 4323 1506 4389 iu·

231 4446 423 4521 llluoruuuu,
448 4462 482 4505 uo
507 4439 664 4519 utrimque
679 4439 855 4517 spontanee
870 4433 1103 4501 submittentes.
1126 4435 1270 4520 Ideoque
1282 4441 1378 4522 panis
1391 4446 1425 4508 st
1435 4443 1509 4507 trau·

231 4556 402 4639 qulllltutlu
433 4553 576 4637 puccium
606 4548 821 4633 predictarum
855 4549 975 4615 intuitu
997 4549 1140 4631 ipsarum
1163 4567 1263 4632 super
1283 4554 1454 4637 premissis
1472 4551 1512 4617 iu-
