3098 5392
692 417 768 471 racc.
1303 408 1369 486 305

58 625 182 693 eodem
205 623 326 707 oppido
349 623 562 707 obligacionis
582 626 687 710 tytulo
709 626 851 692 alienate
872 631 957 708 sunt,
980 632 1150 710 postquam
1171 644 1230 709 per
1243 602 1304 695 nos
1318 628 1370 695 rel

55 736 201 805 heredes
224 740 353 804 nostros
370 737 538 820 redempte
553 742 586 805 et
597 738 776 823 disbrigete
789 738 921 820 fuerint,
944 736 984 805 ad
1001 738 1202 822 sepedictum
1215 738 1369 823 oppidum

57 851 226 932 Wodnan,
250 851 341 916 iuxta
363 850 450 933 quod
472 851 664 934 antiquitus,
686 856 784 934 prout
806 849 971 919 informati
990 869 1112 933 smnus,
1133 852 1368 936 pertinuerunt,

58 964 185 1033 debent
206 967 340 1032 inantea
362 967 533 1049 pertinere.
579 965 732 1033 Pretarea
753 971 789 1032 vt
811 965 965 1049 oppidani
988 964 1146 1049 sepedicti
1168 965 1316 1032 sanciant
1336 971 1370 1033 et

57 1079 260 1164 intelligant,
284 1079 395 1162 qualia
416 1097 516 1145 onera
536 1079 628 1161 regie
650 1096 777 1146 camme
798 1078 956 1163 explenda
987 1076 1098 1144 subire
1126 1076 1273 1160 debeant,
1303 1083 1367 1145 sta·

58 1192 198 1274 tnimus,
234 1191 322 1274 quod
350 1190 584 1259 inhabitatores
617 1191 755 1275 sepefati
787 1190 898 1275 oppidi
928 1190 969 1258 de
998 1189 1142 1274 quolibet
1161 1209 1274 1258 manso
1296 1191 1370 1259 siue

57 1306 156 1373 laneo
190 1323 287 1371 rnam
317 1323 457 1372 marcam
491 1323 634 1387 gramm,
668 1305 837 1389 sexaginta
865 1309 1003 1388 quatuor
1031 1283 1162 1387 grossos
1191 1322 1368 1389 pragenses

60 1419 219 1487 videlicet
239 1437 299 1502 pro
320 1436 431 1485 marca
452 1419 667 1503 conputando,
689 1419 897 1485 medietatem
926 1418 961 1485 in
994 1418 1079 1486 festo
1105 1416 1193 1485 beati
1224 1416 1367 1502 Georgii,

63 1533 166 1599 aliam
198 1549 277 1598 raro
298 1531 505 1600 medietatem
534 1532 570 1598 in
598 1532 683 1599 festo
704 1531 792 1599 beati
822 1532 909 1599 Galli
931 1530 1050 1599 deinde
1074 1535 1261 1615 sequutura,
1282 1550 1368 1605 anuo

63 1644 211 1729 quolibet
232 1663 350 1713 census
372 1646 502 1712 nomine
525 1645 675 1729 expleant
696 1650 730 1712 et
750 1646 940 1729 persoluant
960 1663 999 1711 ac
1021 1644 1123 1712 eciam
1142 1644 1185 1711 ad
1199 1645 1367 1713 dacionem

64 1758 103 1825 de
124 1758 274 1842 quolibet
301 1758 395 1825 laneo
426 1758 568 1827 sedecim
589 1776 720 1841 grossos
747 1776 924 1843 pragenses
946 1758 1076 1826 nomine
1098 1756 1247 1840 subsidii,
1281 1758 1367 1844 quud

63 1872 176 1940 robote
198 1871 330 1953 dicitur,
352 1872 387 1938 in
408 1871 494 1938 festo
515 1872 604 1938 beati
626 1871 785 1939 Johannis
807 1871 948 1939 babtista
969 1871 1163 1954 explendum
1183 1871 1278 1939 annis
1300 1872 1366 1963 sin·

66 1985 148 2068 gulis
170 1986 241 2051 sint
262 1985 398 2052 astricti.
421 1984 528 2068 thue
551 1986 654 2052 eciam
664 1984 793 2069 jnrihns
807 1985 945 2070 plebano
959 1984 1081 2053 ibidem
1095 1984 1286 2052 debentibus
1301 2004 1365 2055 uun

69 2098 240 2183 derogetur
263 2099 297 2165 in
319 2099 439 2182 aliquo,
462 2097 685 2181 specificamus
705 2103 738 2165 et
753 2099 973 2183 exprimimus,
997 2099 1082 2181 quod
1096 2099 1229 2166 racione
1243 2097 1367 2167 decime

70 2213 170 2280 cidem
193 2211 332 2295 plebano
354 2212 463 2280 debite
484 2211 524 2280 de
547 2213 691 2296 quolibet
705 2214 798 2279 laneo
813 2213 887 2279 siue
900 2231 1014 2280 manso
1027 2217 1095 2279 tres
1118 2218 1204 2297 tyno,
1228 2229 1365 2296 quarum

72 2343 130 2392 rna
151 2325 308 2408 siliginis,
341 2326 407 2391 alia
429 2345 505 2392 vero
527 2325 618 2393 ordei
641 2331 675 2392 et
695 2326 797 2393 tercia
818 2327 854 2393 in
875 2344 990 2407 auena,
1013 2327 1109 2393 annis
1131 2325 1270 2409 singulis
1291 2344 1365 2409 per·

66 2439 242 2506 aoluantur.
287 2437 517 2505 Promittantes
539 2438 687 2523 graciose
709 2439 822 2506 fauore
843 2438 1016 2505 anmdictis
1044 2437 1215 2522 oppidanis
1237 2437 1365 2521 prelata

60 2549 143 2634 jura,
167 2550 338 2619 libertates
361 2557 394 2618 et
415 2552 542 2635 gracias
565 2553 630 2618 rllo
652 2570 802 2633 nmquam
824 2557 970 2635 ternpore
991 2570 1055 2618 non
1078 2552 1225 2618 minuere
1246 2551 1298 2618 vel
1315 2551 1365 2617 in·

57 2663 215 2749 fringere,
239 2665 297 2731 sed
319 2666 433 2749 pocius
455 2667 603 2732 volumus
626 2684 681 2732 eos
704 2666 740 2734 in
762 2665 886 2733 eisdem
908 2670 941 2732 et
962 2666 1037 2733 aliis
1060 2683 1172 2733 eorum
1185 2663 1365 2749 jmibuset

56 2774 265 2845 libertatibus
287 2779 335 2844 eis
361 2779 542 2863 antiquitus
567 2779 818 2863 conpetentibus
849 2779 1044 2863 diligencius
1074 2796 1275 2846 conseruare.
1319 2776 1365 2844 Ilt

54 2892 251 2958 mandamus
274 2892 436 2957 uniuersis
459 2890 611 2958 estimatis
633 2893 764 2972 nostris,
796 2893 1027 2974 cuiuscumque
1049 2891 1221 2974 dignitatis
1242 2889 1364 2975 preful-

55 3011 166 3087 geant,
190 3004 395 3087 presentibus
418 3009 451 3070 et
471 3003 601 3085 futuris,
636 3011 795 3086 quatenus
825 3004 1008 3087 sepedictus
1032 3005 1211 3087 oppidanos
1233 3008 1362 3071 nostros

60 3125 183 3199 contra,
207 3137 270 3200 que
292 3118 452 3201 premissa
475 3124 560 3199 sunt,
594 3136 659 3185 non
689 3117 827 3184 debeant
856 3136 1035 3202 aggrauare
1057 3120 1091 3183 in
1114 3118 1233 3200 aliquo,
1266 3121 1364 3199 prout

60 3230 322 3313 indignacionem
343 3230 468 3312 regiam
491 3231 676 3313 cupiuerint
697 3231 830 3296 euitare.
876 3230 915 3297 In
945 3232 1037 3297 cuius
1070 3231 1118 3296 rei
1140 3230 1362 3297 testimonium

60 3352 92 3409 et
121 3343 222 3410 robur
253 3349 410 3427 perpetuo
444 3344 619 3410 valiturum
652 3350 818 3427 presentes
852 3345 978 3410 litteras
1013 3345 1173 3411 conscribi
1205 3346 1361 3413 iussimus

62 3458 175 3524 armori
198 3461 309 3523 nostro
333 3456 442 3538 sigillo
466 3458 681 3539 consignatas.
706 3458 826 3522 Datum
850 3457 953 3538 Prage
976 3457 1061 3523 inira
1083 3462 1215 3525 octenas
1238 3458 1361 3541 domini

61 3572 242 3638 natiuitatis
265 3589 349 3636 anno
373 3570 519 3636 eiusdem
542 3570 713 3636 millesimo
737 3571 962 3648 trecentesimo
985 3572 1149 3638 hioesmro
1171 3577 1270 3639 sento.

161 3759 235 3828 orig.
253 3775 330 3830 perg.
342 3774 359 3810 r
372 3758 484 3813 archivo
503 3776 537 3814 m.
556 3758 674 3814 Vodhau
692 3758 715 3813 d.
733 3759 805 3813 XVI.
824 3758 908 3813 Pedat
926 3764 1049 3815 undena.
1068 3791 1100 3800 -
1120 3761 1218 3829 Pelael‚
1236 3761 1361 3817 Lebans·

57 3854 216 3927 geschichte
234 3854 270 3912 K.
288 3854 478 3909 Wenceelans.
496 3854 723 3910 Urlrnndenbuch
741 3854 781 3908 Ν0
799 3854 871 3909 xil.
890 3886 925 3895 —
942 3855 1044 3923 Emler,
1061 3856 1181 3926 Regeste
1198 3857 1245 3912 IV.
1263 3856 1359 3912 dett.

55 3982 89 3993 -
105 3952 160 4007 Dle
177 3950 330 4006 leskareho
351 3949 457 4006 adeleni
476 3969 502 4021 p.
522 3951 682 4006 mdatslrdho
700 3951 854 4019 tajemnlka
871 3967 904 4005 ve
921 3951 1092 4007 Vodhansch
1110 3952 1136 4007 J.
1155 3952 1278 4024 Heringa
1293 3954 1360 4009 amt-

52 4050 128 4117 ndny
146 4064 165 4102 v
182 4045 247 4100 listd
267 4045 360 4117 ,knny
377 4045 481 4116 potok“
508 4050 554 4101 ma
571 4045 647 4116 spida
668 4047 797 4111 ,kannim
815 4047 964 4117 potolrem⁴⁴
986 4064 1017 4103 se
1035 4050 1115 4115 zvdti,
1142 4049 1175 4103 ad
1191 4050 1201 4102 i
1219 4054 1248 4105 to
1263 4050 1359 4118 jmtno

51 4143 147 4200 vlidu
178 4142 264 4197 ahora
292 4141 435 4210 vymizelo,
461 4158 478 4196 a
504 4159 531 4213 p.
554 4142 690 4211 tajomnlk
708 4141 815 4211 druhdy
834 4142 899 4195 taht-
918 4146 1003 4196 natzar
1028 4143 1112 4209 ,kuni
1130 4143 1232 4213 potok“
1252 4144 1359 4217 altahe·

48 4241 105 4297 aab
122 4239 217 4294 Tento
234 4237 323 4307 potok
343 4241 387 4291 ma
405 4253 442 4293 na
460 4238 541 4308 mapa
559 4238 626 4292 obce
642 4237 748 4292 Viticlrd
767 4238 823 4293 kat.
843 4237 890 4292 dis.
909 4240 990 4308 3⁰⁸l'3
1008 4256 1026 4293 a
1043 4238 1139 4293 nolensi
1158 4255 1188 4294 se
1206 4240 1278 4295 blida
1295 4241 1358 4312 ryh-

45 4338 120 4392 nssra
152 4332 368 4401 ,Zahomkshm
395 4333 456 4387 obci
474 4332 642 4388 Vodhanske
670 4334 858 4402 nuleiejictho,
885 4332 941 4405 pud
965 4336 1037 4387 nimi
1062 4334 1181 4404 podatelr
1206 4335 1266 4406 srdj
1284 4336 1358 4394 bete.

45 4430 148 4490 Odtnd
164 4428 232 4483 take
249 4429 319 4483 icka
336 4428 448 4483 Blanice
466 4428 527 4484 tede
546 4433 679 4485 serernirn
701 4432 816 4484 sinerem
835 4430 994 4497 liviticum,
1011 4428 1112 4485 kdelto
1133 4431 1250 4497 „lrrtnnll
1268 4432 1358 4504 potolr

40 4525 194 4593 odbodru'c
220 4523 256 4579 od
275 4524 405 4579 hlarnlho
429 4524 499 4579 tolru
521 4524 590 4594 lehy
613 4525 726 4580 Blanice
750 4543 786 4580 na
804 4525 910 4596 ry'chod
928 4527 948 4579 k
966 4526 1026 4581 lean
1045 4526 1189 4591 ,Bliiticc“
1210 4528 1306 4584 arina
1325 4544 1355 4584 se

37 4620 273 4697 bezprostl‘edne
300 4636 337 4689 po
365 4621 532 4676 hatestralnt
558 4621 662 4676 hrenici
690 4624 757 4677 obes
781 4622 952 4677 Vodhenske
975 4623 1058 4678 okolo
1076 4622 1246 4680 Vodhanslre
1270 4624 1356 4694 loulry

1162 4741 1197 4790 ab
