3098 5392
127 434 190 500 114
748 431 823 485 mas.

231 642 460 709 Commendata
492 641 585 708 nobis
619 648 675 709 tue
696 642 866 727 probitatis
889 640 1050 708 industria
1083 661 1142 709 nos
1163 642 1305 726 inducit*
1321 651 1393 711 pt:

126 759 268 826 muneris
298 759 418 823 honore
451 757 573 840 publici
603 756 799 824 decoremus.
845 757 1027 840 Eapropter
1048 756 1108 824 tibi
1130 775 1188 839 per
1218 759 1315 825 unius
1346 779 1393 825 ani

126 874 282 939 circulum
311 871 477 953 judicatus
519 866 660 936 officium
700 871 735 936 in
772 870 906 936 ciuitate
944 867 1209 954 Lutmericensi¹)
1244 872 1393 954 gerendu

127 981 384 1064 committimus²l
407 989 440 1050 et
468 981 691 1066 lrabendum³)‚
721 986 834 1050 dantes
863 984 924 1050 tibi
953 984 1178 1050 auctoritatem
1208 983 1367 1068 plenam⁸l
1380 994 1393 1052 r

126 1098 296 1185 quoslibet,
318 1097 434 1181 quibus
457 1094 643 1179 expediotb,
666 1098 718 1162 ius
733 1094 901 1179 dicendill.
925 1097 974 1162 Tu
996 1114 1072 1162 sero
1088 1115 1293 1181 summopere
1314 1102 1393 1167 colei

131 1214 295 1280 iusticiam
318 1212 424 1295 equali
457 1211 598 1278 racionis
631 1208 751 1293 lance⁷)
775 1229 890 1278 causas
912 1229 1087 1293 perpenses
1110 1216 1207 1296 atque
1227 1213 1341 1279 taliter
1370 1215 1393 1280 d

129 1329 253 1395 seruire
275 1325 406 1392 studeas
437 1326 582 1410 equitati,
618 1330 653 1391 vt
674 1345 732 1392 nec
762 1327 881 1392 amoris
904 1326 1053 1392 dulcibus
1075 1325 1218 1394 flectaris
1253 1325 1393 1396 affectibr

130 1462 188 1508 nec
211 1437 457 1523 clenodiorumb
488 1445 522 1507 te
555 1440 725 1507 sinistrarc
746 1439 868 1506 faciant
897 1439 1061 1523 donatiuo,
1083 1459 1244 1527 auresque
1272 1442 1393 1528 precib*

129 1556 298 1624 obstruens
321 1559 378 1621 aut
400 1551 582 1636 obturans⁹l
602 1557 635 1620 et
664 1553 773 1619 odium
795 1553 969 1621 iudicando
991 1550 1214 1638 secludens¹⁰l‚
1235 1555 1285 1622 sic
1307 1557 1393 1625 nitas

130 1671 163 1736 in
187 1670 351 1736 decisione
373 1686 470 1733 causo
493 1667 666 1733 cuiuslibet
688 1663 888 1750 equabilis¹¹)
919 1668 1071 1750 inueniri,
1094 1674 1129 1734 vt
1150 1670 1340 1736 continuata
1368 1676 1393 1741 t

130 1785 215 1850 fame
227 1784 357 1850 claritas
379 1800 436 1864 per
449 1778 598 1863 operis¹²l
615 1781 858 1847 exsecucionem
873 1780 1045 1848 laudabilis
1062 1782 1221 1866 dignitato
1243 1784 1295 1849 vel
1319 1783 1393 1854 offas

137 1905 170 1964 te
192 1898 371 1979 digniorem
394 1898 515 1960 statuat
538 1893 588 1957 vel
610 1892 730 1959 efficiat
751 1890 964 1976 pociorem¹³l

237 2065 397 2121 chnkonis
416 2065 451 2118 de
468 2064 596 2132 Trebecz,
613 2064 697 2119 Liber
715 2081 732 2121 a
752 2065 929 2125 missionibus
948 2065 994 2135 (A)
1012 2065 1051 2121 N⁰
1068 2071 1101 2121 25
1128 2084 1144 2121 v
1163 2050 1281 2124 denhem
1300 2085 1393 2127 museus

132 2183 165 2221 za
182 2164 320 2234 napiscm:
342 2161 417 2229 „Rex
427 2158 533 2215 confert
551 2159 632 2215 alicui
651 2159 778 2215 nemitori
797 2176 847 2216 suo
862 2159 996 2229 judicium
1014 2162 1252 2233 Lutomcriccnse,
1269 2166 1393 2236 precipias

133 2262 195 2327 sibi,
213 2267 241 2314 vt
259 2260 295 2314 sit
313 2258 342 2313 in
355 2256 481 2312 omnibus
492 2255 584 2311 causis
603 2255 725 2326 iustus¹‘;
738 2256 830 2327 Volgt,
847 2255 906 2314 Das
919 2257 1047 2314 urkundl.
1065 2258 1249 2316 Formelbucb
1260 2260 1393 2334 dcskonig‘

133 2357 235 2412 Notars
264 2355 412 2409 llcinricus
438 2352 550 2408 Italicus
569 2350 613 2422 (B)
637 2351 688 2408 No.
717 2352 776 2408 CLI
794 2369 811 2409 a
828 2355 944 2426 rukopis
962 2355 1087 2426 kapitolp
1112 2356 1235 2413 maske
1258 2358 1327 2428 sign.
1343 2359 1393 2413 Ill

133 2456 177 2523 (C)
197 2469 234 2507 na
251 2452 268 2505 l.
289 2457 320 2504 11
339 2450 361 2505 d.
382 2453 412 2504 15
431 2466 465 2504 aa
482 2448 621 2519 napisem:
649 2449 782 2514 „Locacio
797 2449 896 2519 judicii
912 2450 1085 2520 Prsgensis“.
1104 2482 1137 2492 -
1155 2439 1303 2524 Varicnty:
1324 2455 1341 2524 ¹)
1356 2455 1393 2510 Ρη

134 2550 212 2620 gensi
230 2548 282 2602 Bc.
312 2577 344 2586 -
374 2548 393 2616 ²)
418 2546 602 2602 commisimus
630 2545 682 2600 Bc.
702 2576 734 2587 -
754 2548 775 2617 ⁸)
792 2545 941 2616 regendum
968 2547 1021 2601 Bc.
1040 2576 1074 2588 -
1092 2550 1113 2616 ⁴)
1132 2548 1285 2618 plenariam
1302 2549 1332 2604 B.
1349 2581 1379 2591 —

135 2648 163 2700 iu
182 2645 313 2715 quolibet,
332 2643 431 2713 quibus
451 2641 563 2712 expedit
580 2641 611 2695 B.
631 2672 664 2681 -
683 2642 704 2709 8)
723 2641 758 2696 od
788 2642 886 2697 dantes
905 2641 998 2698 sebast
1016 2660 1032 2695 r
1051 2643 1079 2696 C.
1098 2673 1132 2683 —
1152 2644 1173 2713 ⁷)
1191 2650 1285 2701 tantas
1303 2646 1330 2700 C.
1348 2676 1379 2686 -

135 2740 338 2811 cleynodiorum
357 2740 389 2792 A.
408 2769 441 2779 -
460 2741 480 2807 ⁹)
498 2738 594 2792 Schaai
612 2738 667 2792 Ac.
687 2768 721 2778 —
741 2739 771 2807 ¹⁰)
789 2738 935 2795 iudicando
955 2754 985 2795 sc
1004 2738 1136 2795 claudens
1155 2741 1184 2796 (l.
1203 2770 1237 2781 -
1257 2742 1289 2812 ¹¹)
1305 2741 1393 2814 ineps

138 2837 282 2891 hensibilis
300 2836 347 2904 B.;
368 2835 482 2906 prouide
501 2835 529 2889 C.
548 2866 582 2875 —
602 2835 634 2903 ¹¹)
660 2834 757 2890 Schazl
780 2852 797 2887 v
814 2834 845 2887 B.
864 2864 900 2876 -
919 2835 949 2905 ¹³)
968 2836 1089 2892 efficiant
1115 2837 1219 2907 pociori
1237 2837 1286 2906 B.;
1304 2838 1393 2894 officim

137 2949 193 3004 quo
213 2931 308 3003 equari
327 2932 355 2986 0.
376 2961 408 2974 -
427 2931 528 2997 Emler‚
545 2932 667 2999 Regesta
684 2930 718 2983 11.
737 2929 759 2984 d.
779 2935 854 2986 2418.
874 2961 908 2972 -

710 3194 775 3279 Cis.
799 3213 850 3278 51.

632 3384 744 3474 [Pied
766 3404 796 3454 r.
821 3382 934 3473 lacu]

139 3562 221 3630 Krcil
251 3561 363 3630 ludov
387 3564 428 3628 II.
452 3562 537 3627 dated
568 3561 687 3627 sculcta
706 3559 850 3643 rycbtcitc'
872 3558 1132 3626 Litomcr'o'cke‘ma
1153 3558 1393 3637 deprecatos

132 3677 251 3761 produt
266 3676 417 3758 probodta
439 3673 645 3740 diocesano
674 3674 761 3758 calpa
783 3694 816 3739 sc
837 3673 950 3755 c'tpr'mo'
970 3673 1131 3740 ambealmc'
1151 3696 1170 3739 c
1191 3679 1259 3740 r⁹ccc
1288 3675 1393 3748 Laba«

140 3789 201 3872 obp
222 3793 304 3855 teuto
326 3788 412 3872 mly'n
433 3788 447 3851 o'
467 3787 583 3853 scocula
606 3786 728 3852 ostdool
759 3785 923 3852 osooboacu
951 3786 991 3851 od
1016 3786 1147 3869 placas
1166 3787 1287 3854 orobos
1309 3785 1393 3870 epod

193 3901 308 3968 aikcint
327 3901 459 3976 eseam,
473 3900 534 3984 job
556 3906 642 3964 tuma
664 3898 743 3980 opto,
760 3897 869 3981 pokud
890 3896 910 3961 lc
931 3897 1041 3981 melca
1058 3897 1192 3966 muccla
1208 3901 1365 3983 pessula.

241 4077 449 4143 Wencealaus
474 4077 526 4141 dei
550 4076 657 4157 gracia
680 4093 736 4140 rex
759 4075 891 4143 Boemie
913 4082 946 4141 ct
967 4077 1109 4142 marchio
1132 4077 1289 4143 Morauie.
1319 4076 1393 4145 Omn

140 4192 200 4259 bus
223 4193 256 4258 in
279 4194 476 4273 perpetuum.
502 4188 689 4255 Honestatis
713 4188 865 4256 decencia
879 4190 1062 4272 persuadet,
1086 4193 1120 4255 vt
1134 4191 1304 4273 regiminis
1327 4198 1393 4261 nost

143 4325 271 4371 cursum
305 4305 458 4369 virtuosis
483 4302 607 4369 actibus
631 4323 693 4368 non
717 4304 820 4369 solum
843 4304 913 4385 deo,
938 4305 994 4370 scd
1018 4304 1120 4370 eciam
1142 4305 1281 4373 terrenis
1304 4307 1393 4390 placa

143 4419 229 4484 tibus
252 4418 437 4484 dedicantes
471 4435 581 4500 proces
616 4415 708 4482 nobie
732 4418 864 4498 oblatas,
889 4437 945 4499 per
968 4436 1048 4500 quas
1081 4436 1202 4501 eorum,
1234 4421 1292 4503 qui
1322 4423 1393 4491 volu

143 4537 244 4598 tatum
267 4550 398 4597 suarum
420 4533 574 4613 impetum
605 4529 663 4595 sub
685 4532 852 4614 religionis
876 4551 997 4598 canone
1019 4537 1216 4613 coercerunt,
1238 4543 1393 4616 procurat

144 4646 275 4724 utilitas,
297 4643 468 4724 benignius
498 4643 714 4709 admittamus.
760 4644 941 4726 Eapropter
973 4650 1085 4711 tenore
1116 4647 1280 4727 presentis
1316 4653 1393 4736 pagi
