3098 5392
663 439 739 492 irre
1295 435 1360 503 699
1404 423 1408 429 ’

59 639 162 710 berna
183 644 344 727 generalis
367 645 402 712 in
423 664 522 728 regno
545 645 677 714 Boemie
700 646 830 714 inantea
853 646 952 713 inerit
982 647 1143 727 instituta,
1172 650 1240 710 tam
1270 645 1359 711 ciues

65 757 205 839 predicti
229 757 270 823 de
292 758 426 826 ciuitate
447 759 565 842 Broda,
595 778 690 844 quam
717 757 980 845 inhabi[ta]tores
1003 765 1035 826 et
1057 759 1162 826 incole
1182 757 1360 825 Brodensie

60 875 95 935 et
126 868 332 953 Lipnicensis
366 871 572 939 districtuum
605 873 746 956 regalem
775 872 916 955 bernam,
951 872 1021 938 dari
1052 877 1085 938 et
1114 872 1198 938 solui
1220 871 1260 938 ab
1283 872 1360 938 olim

61 984 274 1067 temporibus,
296 984 413 1068 quibus
435 984 559 1052 nobiles
582 985 623 1052 de
638 986 721 1069 Lipa
742 985 826 1054 bona
840 985 1024 1053 huiusmodi
1040 984 1263 1069 possederunt,
1286 1004 1360 1052 con-

64 1101 203 1178 suetam,
227 1098 304 1164 dare
326 1103 359 1164 et
382 1099 510 1165 soluere
532 1098 599 1165 sint
620 1098 756 1180 astricti,
780 1099 828 1165 sic
849 1104 966 1180 tamen,
998 1098 1082 1179 quod
1104 1098 1222 1181 prefati
1244 1098 1361 1164 iratres

37 1209 105 1275 >de
128 1209 310 1276 Podiehrad
342 1210 474 1277 bernam
498 1211 632 1278 eandem
653 1230 712 1294 per
733 1228 768 1277 se
790 1212 841 1278 vel
865 1230 941 1278 suos
963 1211 1118 1294 colligant
1139 1216 1172 1277 et
1194 1211 1359 1295 pecunias,

59 1322 140 1389 inde
169 1324 406 1406 prouenieutcs,
439 1324 481 1391 ad
511 1329 654 1390 nostram
685 1324 825 1407 regalem
848 1342 1007 1390 cameram
1029 1324 1162 1390 Boemie
1184 1324 1255 1389 sine
1277 1321 1361 1389 dilfi-

62 1436 187 1502 cultate
223 1442 256 1503 et
284 1436 445 1504 dilacione
474 1437 618 1521 qnalibet
650 1438 852 1520 integraliter
885 1442 1117 1521 representent.
1163 1436 1361 1503 Nominatim

62 1549 231 1631 debemus,
264 1556 360 1633 prout
393 1551 496 1618 eciam
525 1551 585 1618 hoc
615 1552 649 1617 in
678 1551 869 1618 tractatibus
896 1551 1170 1635 inpignoracionis
1200 1550 1361 1634 presentis

61 1663 230 1746 conceptis
252 1664 447 1746 promissum
469 1663 590 1746 existit,
623 1664 707 1747 quod
729 1669 795 1732 tam
819 1665 909 1732 ciues
932 1670 965 1730 et
986 1664 1091 1732 incole
1113 1663 1259 1730 ciuitatis
1281 1664 1362 1730 Bro-

61 1776 176 1843 densis
198 1777 344 1860 predicte
364 1795 488 1845 necnon
512 1777 679 1844 districtus
710 1778 771 1858 sui,
806 1795 901 1860 quam
935 1776 1167 1844 inhabitatores
1196 1780 1229 1842 et
1259 1777 1364 1843 incole

65 1891 167 1956 castri
188 1888 324 1972 Lipnicz
346 1895 379 1955 et
401 1891 452 1957 sui
475 1890 654 1972 districtus,
683 1909 741 1974 per
771 1891 933 1973 predictos
955 1889 1072 1957 fratres
1103 1889 1144 1956 de
1172 1889 1361 1972 Podyebrad

64 2021 103 2069 ac
125 2003 219 2084 alios,
241 2022 377 2087 quorum
399 2003 558 2085 intererit,
581 2004 633 2070 vel
655 2021 766 2071 eorum
789 2002 944 2071 officiales
967 2022 1025 2070 seu
1044 2003 1125 2069 alios
1141 2021 1359 2086 quoscunque,

64 2135 178 2183 eorum
201 2117 338 2199 nomine,
370 2117 582 2201 quouismodo
612 2116 748 2183 durante
774 2118 1049 2200 impignoracioue
1070 2116 1254 2183 huiusmodi
1277 2117 1360 2181 vltra

65 2228 109 2309 id,
145 2229 232 2312 quod
261 2229 353 2297 nobis
388 2231 516 2297 soluere
545 2233 622 2297 sunt
651 2230 748 2311 soliti,
782 2231 877 2297 nouis
908 2230 1173 2314 imposicionibus
1197 2247 1361 2309 censuum,

66 2347 256 2409 stantarum
286 2361 344 2409 seu
374 2344 582 2426 losuugarum
611 2347 668 2409 aut
696 2344 833 2409 aliarum
865 2362 1127 2428 quarumcunque
1154 2344 1363 2410 vexationum

63 2455 225 2523 molestiis
246 2476 310 2524 non
332 2462 518 2540 gradentur,
545 2458 602 2523 sed
625 2458 658 2523 in
681 2476 792 2524 eorum
815 2458 962 2524 omnibus
985 2456 1120 2538 iuribus,
1154 2455 1359 2523 libertatibus

63 2574 96 2635 et
127 2569 415 2637 consuetudinibus
446 2574 679 2638 conserneutur
708 2570 803 2651 illesi,
839 2564 1118 2654 quemadmodum
1139 2569 1271 2637 fuerunt
1302 2570 1362 2635 hu·

65 2700 198 2765 cneque.
229 2682 386 2749 Poterunt
407 2683 541 2765 insuper
563 2683 642 2749 dicti
665 2682 781 2749 iratres
805 2701 840 2749 se
863 2683 903 2749 de
925 2682 1022 2748 dictis
1045 2682 1180 2750 ciuitate
1202 2682 1362 2749 Brodensi

64 2802 97 2862 et
120 2800 228 2862 castro
250 2796 384 2879 Lipnicr
407 2796 671 2880 inpignoracione
700 2796 837 2861 durante
868 2796 1014 2879 predicta
1035 2795 1075 2862 ab
1098 2796 1239 2878 iniuriis,
1264 2797 1361 2862 mole-

64 2908 149 2988 stiis,
172 2913 337 2991 nmquam
360 2909 400 2975 de
422 2909 497 2974 aliis
520 2927 630 2975 eornm
653 2909 793 2992 propriis
824 2909 951 2989 castris,
981 2907 1153 2976 defendere
1175 2910 1308 2976 realiter
1330 2915 1364 2974 et

63 3021 159 3088 tueri.
205 3021 250 3087 Et
271 3022 301 3088 si
322 3022 395 3106 quis
418 3022 466 3088 eis
489 3023 522 3088 in
546 3041 645 3105 reguo
668 3023 801 3088 Boemie
824 3022 958 3089 inferret
974 3023 1015 3088 de
1029 3022 1114 3089 facto
1136 3023 1289 3090 iniuriam
1304 3041 1362 3090 seu

66 3132 233 3215 offensam,
257 3140 373 3201 extunc
396 3133 475 3201 dicti
497 3135 614 3201 fratres
635 3154 742 3202 coram
757 3135 860 3216 nobis,
883 3134 1056 3201 heredibus
1071 3141 1105 3202 et
1121 3136 1362 3203 successoribus

63 3248 198 3328 normis,
221 3247 352 3330 regibus
374 3247 516 3329 Boemie‚
541 3254 574 3314 et
596 3251 624 3315 si
648 3249 721 3331 quis
744 3249 948 3330 inMorauia,
972 3268 1078 3315 coram
1101 3255 1216 3333 patruo
1240 3255 1361 3330 nostro,

63 3360 252 3428 marchione
273 3359 395 3428 Jodoco
428 3360 562 3444 prefato,
597 3381 694 3444 super
728 3363 847 3428 iniuria
877 3361 955 3447 [sic]
986 3362 1171 3429 huiusmodi
1200 3364 1363 3446 querelam

64 3475 243 3558 deponeret
276 3479 387 3540 contra
420 3474 511 3540 illos:
546 3480 579 3540 et
608 3476 641 3540 in
671 3475 804 3541 iusticia
833 3495 891 3558 per
913 3496 971 3542 nos
995 3478 1045 3542 rel
1068 3477 1190 3542 dictum
1212 3483 1363 3560 patruum

64 3593 212 3656 nostrum
236 3587 452 3654 ministranda
473 3587 668 3653 tenebuntur
690 3592 723 3654 et
745 3589 873 3654 omnino
897 3588 1057 3656 debebunt
1079 3609 1152 3656 esse
1174 3591 1315 3657 contenti
1332 3596 1365 3658 et

63 3701 105 3766 ad
128 3701 192 3767 hoc
213 3699 397 3766 iaciendum
430 3719 541 3767 eorum
575 3701 727 3768 debemus
758 3720 830 3767 esse
856 3709 1012 3786 potentes.
1059 3704 1152 3783 Quod
1175 3704 1203 3768 si
1226 3703 1363 3770 forsitan

63 3833 177 3881 eornm
198 3813 391 3894 aduersarii,
414 3819 522 3896 spreta
545 3816 684 3896 iusticia,
707 3815 842 3882 rebelles
859 3817 1035 3883 existerent
1057 3821 1089 3881 et
1111 3817 1215 3883 dictos
1239 3817 1279 3882 de
1301 3818 1363 3883 Po-

63 3926 209 4012 dyebrad
231 3927 432 4008 inuaderent,
468 3926 733 4010 dampnificarent
755 3947 813 3994 seu
836 3928 1042 4009 offenderent,
1077 3933 1192 3995 extunc
1214 3948 1283 4010 nos,
1306 3929 1359 3995 he-

61 4041 158 4107 redes
193 4046 226 4106 st
258 4058 462 4107 successores
496 4041 609 4119 nostri,
647 4059 684 4107 ac
718 4043 821 4107 eciam
858 4042 1000 4107 marchio
1033 4041 1186 4122 Jodocus,
1222 4048 1358 4125 patruus

63 4159 178 4221 noster
200 4153 375 4237 predictus,
399 4154 497 4219 dictis
520 4153 560 4218 de
575 4154 763 4237 Podyehrad
786 4155 827 4219 ad
850 4155 1067 4238 repellendam
1084 4174 1193 4221 eorum
1209 4155 1362 4221 iniuriam

63 4274 98 4334 et
120 4265 287 4347 offensam,
320 4272 356 4331 vt
384 4265 526 4332 debitam
557 4272 793 4350 consequantur
818 4268 992 4349 iusticiam,
1026 4268 1183 4335 auxilium
1216 4274 1363 4352 prestare

61 4379 248 4447 tenebimur
278 4384 310 4444 et
341 4380 487 4445 volumus
511 4385 711 4461 oportunum.
758 4381 966 4447 Presencium
996 4381 1055 4447 sub
1085 4387 1268 4449 nostrerum
1296 4402 1364 4450 mn·

63 4497 221 4562 iestatnm
244 4493 352 4576 sigillo
375 4494 561 4561 testimonio
584 4495 758 4560 literarum.
783 4496 903 4560 Datum
919 4496 1022 4578 Prage
1040 4515 1125 4562 anuo
1147 4496 1269 4563 domini
1291 4498 1363 4563 mil·

61 4609 182 4678 lesimo
197 4607 425 4674 trecentesimo
441 4610 680 4690 septuagesimo
696 4614 796 4689 sexto,
813 4608 993 4676 indiccione
1009 4614 1124 4693 quarta
1138 4609 1272 4691 decima,
1284 4608 1363 4678 VIII
