3098 5392
139 420 201 489 102
751 417 833 468 naar.

134 631 263 713 publica
285 629 431 696 fecerunt
453 626 671 710 singulariter,
695 626 815 692 nostris
838 624 1072 694 donacionibus
1095 624 1305 708 adaugernus.
1331 625 1438 709 Igitur

135 748 248 809 noscat
269 759 403 825 presens
426 745 495 806 etas
518 744 551 805 et
583 739 694 805 lutura
715 739 898 821 posteritas,
922 739 1008 822 quod
1031 757 1090 804 nos
1113 740 1308 823 propensius
1331 741 1440 806 consi-

135 857 284 922 derantes
314 859 424 920 nostre
453 853 597 919 ciuitatis
628 851 825 935 Neuenburg
855 856 888 918 et
919 853 1026 934 ipsam
1047 850 1306 919 inhabitancium
1340 859 1440 937 atoue

137 968 331 1052 generaliter
363 967 506 1032 omnium
542 964 783 1032 transeuncium
813 964 995 1047 rtilitatem,
1026 985 1123 1049 quam
1152 986 1192 1032 ex
1224 967 1439 1050 reputacione

134 1083 255 1149 ibidem
277 1080 385 1164 pontis
408 1079 541 1146 assidua
563 1083 715 1161 poterunt
736 1078 882 1145 obtinere
904 1083 937 1145 et
959 1078 1087 1160 babere,
1111 1078 1153 1145 ad
1176 1080 1383 1147 commodum
1405 1087 1439 1145 et

132 1195 311 1280 proiectum
333 1194 528 1277 generaliter
544 1192 718 1260 eorundem
732 1197 829 1277 atoue
851 1197 996 1260 nostram
1017 1198 1265 1278 nostrorumque
1284 1195 1438 1277 progeni-

133 1315 238 1376 torum
262 1308 400 1374 salutem
422 1306 592 1389 adipsum
613 1310 743 1388 pontem
765 1306 916 1372 continue
935 1305 1152 1388 reparandum
1174 1325 1271 1373 vnam
1292 1325 1438 1374 marcam

137 1422 262 1503 argenti
296 1421 336 1486 de
370 1439 469 1486 censu
502 1424 611 1486 nostro
645 1424 731 1485 certo
762 1425 796 1485 et
817 1418 925 1485 debito
948 1437 987 1485 en
1021 1418 1147 1486 duobus
1169 1421 1292 1486 mansis
1329 1421 1475 1524 eidem,

135 1535 261 1600 ciuitati
283 1533 480 1616 Neuenburg
502 1531 725 1598 adiacentibus
760 1530 853 1598 nobis
876 1531 1015 1615 singulis
1037 1526 1133 1598 annis
1154 1533 1382 1616 prouenientis
1405 1539 1449 1599 et¹

132 1648 225 1714 nobis
249 1646 350 1713 debiti
372 1646 496 1712 reditus
520 1665 559 1710 ex
582 1649 669 1711 certa
701 1649 813 1712 nostra
836 1643 977 1711 sciencia
1000 1645 1206 1711 concedimus
1229 1648 1263 1711 et
1285 1664 1326 1712 cx
1355 1645 1437 1711 libe-

132 1763 262 1828 ralitate
284 1765 396 1827 nostra
426 1759 582 1841 largimur
611 1759 668 1838 ita,
691 1762 729 1823 ut
760 1757 925 1839 predictus
949 1776 1030 1840 pons
1064 1758 1106 1824 de
1128 1757 1182 1824 (lis
1203 1759 1238 1823 in
1273 1759 1364 1825 diem
1386 1778 1436 1825 se

133 1874 272 1940 cundum
306 1873 535 1940 necessitatem
566 1876 723 1954 perpetuo
757 1871 944 1938 emendetur
978 1875 1011 1938 et
1043 1891 1101 1954 per
1123 1872 1260 1939 eandem
1290 1891 1435 1939 marcam

131 1988 261 2070 argenti
284 1987 318 2051 in
341 1991 495 2069 perpetuo
519 1985 629 2051 datam
650 1989 684 2050 et
705 2001 891 2051 concessam
920 1985 1101 2051 studiosius
1122 1985 1326 2053 reformetur.
1371 1986 1436 2052 Vo-

134 2101 240 2165 lumus
262 2099 373 2182 igitur,
396 2105 431 2164 rt
460 2097 751 2180 Neuenburgenses
784 2115 910 2163 ornnem
932 2097 1115 2180 utilitatem,
1148 2115 1246 2182 quam
1274 2100 1434 2166 hactenus

132 2213 218 2279 idem
241 2233 322 2297 pons
344 2212 502 2293 babuerit,
538 2212 579 2277 ad
601 2211 841 2294 reparacionem
864 2211 1009 2278 eiusdem
1032 2231 1052 2277 a
1074 2213 1195 2280 nostris
1215 2212 1432 2296 progenitori-

131 2328 192 2393 bus
215 2325 349 2392 noscant
372 2345 444 2392 esse
467 2345 661 2406 concessam,
685 2344 758 2392 cum
780 2324 926 2408 predicta
949 2331 1060 2392 nostra
1082 2325 1292 2392 concessione
1322 2332 1357 2392 et
1378 2326 1432 2392 do·

132 2441 267 2508 nacione
283 2439 401 2505 babere
416 2439 554 2505 debeant
568 2442 723 2521 perpetuo
743 2443 776 2504 et
796 2443 915 2504 tenere.
939 2438 991 2504 Ad
1012 2438 1072 2506 hec
1095 2457 1134 2505 ex
1155 2444 1342 2505 nostrorum
1358 2459 1432 2506 con-

133 2554 206 2619 silio
218 2558 344 2618 matruo
359 2552 516 2619 nobilium
532 2551 735 2617 decreuimus
750 2555 783 2615 et
795 2552 978 2630 statuimus,
991 2564 1064 2617 cum
1079 2551 1140 2618 boc
1156 2551 1201 2618 sit
1214 2552 1258 2617 ad
1280 2554 1432 2635 generale

138 2666 338 2733 commodum
349 2672 382 2731 et
393 2665 580 2748 proiectum,
604 2663 846 2746 utdequolibet
867 2663 1239 2746 equoducentacurrum
1251 2672 1430 2748 oneratum,

135 2781 244 2864 dequo
254 2780 344 2862 prius
356 2778 511 2845 dimidius
523 2778 676 2843 denarius
688 2794 746 2859 per
755 2776 890 2842 formam
901 2776 1036 2844 thelonii
1049 2778 1196 2858 dabatur,
1209 2798 1293 2845 unus
1306 2781 1433 2864 integer

132 2893 285 2960 (tenarius
315 2894 356 2959 ad
379 2894 444 2958 iam
470 2892 550 2959 dicti
577 2890 684 2973 pontis
707 2888 888 2954 subsidium
916 2887 1038 2973 absque
1060 2891 1321 2958 contradictione
1355 2913 1432 2977 qua·

131 3008 210 3074 libet
232 3007 426 3074 exsolantur.
463 3006 500 3072 In
523 3006 616 3071 cuius
639 3001 749 3069 nostre
770 3002 958 3069 donacionis
988 3009 1022 3069 et
1043 3006 1186 3070 omnium
1208 3006 1430 3087 predictorum

130 3121 350 3187 testimonium
372 3125 405 3186 et
437 3118 534 3186 robur
564 3123 719 3201 perpetuo
742 3116 917 3183 valiturum
947 3123 1113 3200 presentes
1135 3118 1208 3184 lieri
1237 3119 1377 3186 fecimus
1400 3129 1431 3186 et

131 3239 314 3300 lustrorum
336 3234 517 3314 sigillorum
539 3232 717 3297 munimine
735 3230 893 3313 jussimus
915 3231 1069 3298 roborari.
1100 3233 1221 3299 Datum
1244 3233 1351 3316 Prage
1374 3255 1431 3318 per

129 3368 243 3414 tirannus
277 3346 425 3428 magistri
447 3342 642 3426 Wclenlaib,
677 3343 859 3426 Pragensis,
882 3344 1170 3428 wissegradensis,
1202 3346 1429 3414 Olomucensis

128 3461 337 3528 ecclesiarum
368 3442 523 3539 canonici,
553 3459 644 3539 regni
679 3457 781 3521 nostri
804 3459 1027 3540 protonotarii,
1061 3478 1145 3525 anno
1176 3459 1300 3525 domini
1324 3461 1427 3527 mille

128 3575 208 3638 simo
231 3574 451 3639 ducentesimo
473 3572 691 3653 octuagesimo
725 3571 872 3652 septimo,
897 3572 990 3637 nonis
1013 3570 1211 3652 Decembris,
1243 3573 1427 3642 indiccione

129 3706 241 3768 prima.

231 3839 321 3910 liopic
339 3857 372 3894 ze
383 3840 501 3910 scupisu
519 3839 654 3909 privilegii
665 3837 903 3908 Nymburskychz
921 3855 943 3893 r.
964 3843 1058 3894 liutto
1078 3839 1190 3894 archiva
1208 3856 1244 3894 m.
1263 3840 1425 3912 Nymburka

131 3935 180 3989 No.
203 3944 225 3990 1.
246 3969 277 3975 —
297 3940 320 3992 V
339 3937 472 4008 rulropise
493 3938 511 4004 ¹)
531 3936 695 3990 wenceslai.
716 3967 748 3974 -
767 3935 869 4001 Emler,
888 3935 1009 4003 Regesta
1027 3936 1061 3990 11.
1080 3935 1102 3990 i.
1124 3942 1198 3990 lita

702 4201 765 4283 Cis.
790 4219 841 4284 38.

510 4372 648 4440 Kolem
670 4390 701 4438 r.
725 4371 823 4439 1287.
849 4374 882 4440 V
907 4371 1037 4439 Praac.

131 4514 213 4580 Kroil
236 4513 349 4578 l'cicloo
371 4514 414 4577 ΙΙ.
431 4512 581 4596 prodiisti
603 4512 731 4576 ddds’dne‘
751 4511 948 4593 rycbtdr'strs'
965 4515 1068 4577 mesto
1089 4512 1282 4594 Mammea
1296 4534 1332 4582 ac
1345 4517 1421 4584 aab·

126 4626 383 4710 pia‘sdodcustadm
405 4624 581 4691 Ekdartovr'
603 4647 623 4689 a
646 4625 772 4691 Petroao'
786 4626 922 4692 bruttios
943 4644 979 4690 ce
1000 4625 1149 4694 zarda
1167 4646 1209 4692 aa
1225 4629 1291 4693 120
1305 4628 1423 4698 Nives.
