<?xml version="1.0" encoding="UTF-8"?>
<!DOCTYPE html PUBLIC "-//W3C//DTD XHTML 1.0 Transitional//EN"
    "http://www.w3.org/TR/xhtml1/DTD/xhtml1-transitional.dtd">
<html xmlns="http://www.w3.org/1999/xhtml" xml:lang="en" lang="en">
 <head>
  <title>
</title>
<meta http-equiv="Content-Type" content="text/html;charset=utf-8" />
  <meta name='ocr-system' content='tesseract 3.04.00' />
  <meta name='ocr-capabilities' content='ocr_page ocr_carea ocr_par ocr_line ocrx_word'/>
</head>
<body>
  <div class='ocr_page' id='page_1' title='image "./sbrkapramenprva01kingoog/sbrkapramenprva01kingoog_1014.png"; bbox 0 0 3150 5378; ppageno 0'>
   <div class='ocr_carea' id='block_1_1' title="bbox 669 493 1357 558">
    <p class='ocr_par' dir='ltr' id='par_1_1' title="bbox 669 493 1357 558">
     <span class='ocr_line' id='line_1_1' title="bbox 669 493 1357 558; baseline -0.004 2"><span class='ocrx_word' id='word_1_1' title='bbox 669 498 745 551; x_wconf 66' lang='grc' dir='ltr'><strong>Μ</strong></span> <span class='ocrx_word' id='word_1_2' title='bbox 1293 493 1357 558; x_wconf 85' lang='grc'>969</span> 
     </span>
    </p>
   </div>
   <div class='ocr_carea' id='block_1_2' title="bbox 56 701 1361 2150">
    <p class='ocr_par' dir='ltr' id='par_1_2' title="bbox 56 701 1361 2150">
     <span class='ocr_line' id='line_1_2' title="bbox 61 701 1360 790; baseline -0.003 -19"><span class='ocrx_word' id='word_1_3' title='bbox 61 703 142 771; x_wconf 93' lang='lat' dir='ltr'>dicti</span> <span class='ocrx_word' id='word_1_4' title='bbox 171 705 246 771; x_wconf 92' lang='lat' dir='ltr'>boni</span> <span class='ocrx_word' id='word_1_5' title='bbox 269 708 376 788; x_wconf 86' lang='lat' dir='ltr'>operis</span> <span class='ocrx_word' id='word_1_6' title='bbox 410 708 610 790; x_wconf 70' lang='lat' dir='ltr'><strong>aliquorsum</strong></span> <span class='ocrx_word' id='word_1_7' title='bbox 631 705 701 774; x_wconf 86' lang='lat' dir='ltr'>iore</span> <span class='ocrx_word' id='word_1_8' title='bbox 723 703 909 788; x_wconf 69' lang='lat' dir='ltr'><strong>participes,</strong></span> <span class='ocrx_word' id='word_1_9' title='bbox 943 707 979 768; x_wconf 93' lang='lat' dir='ltr'>ut</span> <span class='ocrx_word' id='word_1_10' title='bbox 1001 707 1034 770; x_wconf 92' lang='lat' dir='ltr'>et</span> <span class='ocrx_word' id='word_1_11' title='bbox 1056 701 1149 770; x_wconf 93' lang='lat' dir='ltr'>uobis</span> <span class='ocrx_word' id='word_1_12' title='bbox 1173 702 1234 769; x_wconf 90' lang='lat' dir='ltr'>deo</span> <span class='ocrx_word' id='word_1_13' title='bbox 1267 706 1360 785; x_wconf 90' lang='lat' dir='ltr'>grata</span> 
     </span>
     <span class='ocr_line' id='line_1_3' title="bbox 62 813 1360 902; baseline -0.004 -18"><span class='ocrx_word' id='word_1_14' title='bbox 62 821 257 884; x_wconf 88' lang='lat' dir='ltr'>miserorum</span> <span class='ocrx_word' id='word_1_15' title='bbox 287 820 395 886; x_wconf 89' lang='lat' dir='ltr'>oracio</span> <span class='ocrx_word' id='word_1_16' title='bbox 426 817 630 902; x_wconf 81' lang='lat' dir='ltr'>suffragetur,</span> <span class='ocrx_word' id='word_1_17' title='bbox 661 837 725 886; x_wconf 94' lang='lat' dir='ltr'>uou</span> <span class='ocrx_word' id='word_1_18' title='bbox 754 836 815 901; x_wconf 91' lang='lat' dir='ltr'>per</span> <span class='ocrx_word' id='word_1_19' title='bbox 837 834 980 883; x_wconf 89' lang='lat' dir='ltr'>errorem</span> <span class='ocrx_word' id='word_1_20' title='bbox 1002 820 1060 882; x_wconf 91' lang='lat' dir='ltr'>aut</span> <span class='ocrx_word' id='word_1_21' title='bbox 1081 813 1271 898; x_wconf 92' lang='lat' dir='ltr'>improuide,</span> <span class='ocrx_word' id='word_1_22' title='bbox 1303 813 1360 880; x_wconf 91' lang='lat' dir='ltr'>sed</span> 
     </span>
     <span class='ocr_line' id='line_1_4' title="bbox 60 928 1361 1014; baseline -0.003 -19"><span class='ocrx_word' id='word_1_23' title='bbox 60 931 170 997; x_wconf 91' lang='lat' dir='ltr'>animo</span> <span class='ocrx_word' id='word_1_24' title='bbox 193 931 379 1014; x_wconf 87' lang='lat' dir='ltr'>deliberato,</span> <span class='ocrx_word' id='word_1_25' title='bbox 403 951 482 1000; x_wconf 90' lang='lat' dir='ltr'>sano</span> <span class='ocrx_word' id='word_1_26' title='bbox 505 932 649 1000; x_wconf 88' lang='lat' dir='ltr'>fidelium</span> <span class='ocrx_word' id='word_1_27' title='bbox 672 937 856 1000; x_wconf 89' lang='lat' dir='ltr'>nostrorum</span> <span class='ocrx_word' id='word_1_28' title='bbox 877 929 1052 997; x_wconf 75' lang='lat' dir='ltr'>acoedsute</span> <span class='ocrx_word' id='word_1_29' title='bbox 1073 928 1209 997; x_wconf 90' lang='lat' dir='ltr'>consilio</span> <span class='ocrx_word' id='word_1_30' title='bbox 1232 931 1361 995; x_wconf 89' lang='lat' dir='ltr'>centum</span> 
     </span>
     <span class='ocr_line' id='line_1_5' title="bbox 60 1038 1359 1129; baseline -0.002 -20"><span class='ocrx_word' id='word_1_31' title='bbox 60 1062 238 1126; x_wconf 82' lang='lat' dir='ltr'>sexagenas</span> <span class='ocrx_word' id='word_1_32' title='bbox 261 1064 313 1128; x_wconf 82' lang='lat' dir='ltr'>gr,</span> <span class='ocrx_word' id='word_1_33' title='bbox 333 1064 421 1129; x_wconf 90' lang='lat' dir='ltr'>prag.</span> <span class='ocrx_word' id='word_1_34' title='bbox 444 1064 562 1113; x_wconf 89' lang='lat' dir='ltr'>census</span> <span class='ocrx_word' id='word_1_35' title='bbox 585 1045 734 1129; x_wconf 87' lang='lat' dir='ltr'>perpetui</span> <span class='ocrx_word' id='word_1_36' title='bbox 757 1043 853 1110; x_wconf 91' lang='lat' dir='ltr'>simul</span> <span class='ocrx_word' id='word_1_37' title='bbox 875 1045 929 1110; x_wconf 91' lang='lat' dir='ltr'>uel</span> <span class='ocrx_word' id='word_1_38' title='bbox 951 1043 1147 1119; x_wconf 92' lang='lat' dir='ltr'>successiue,</span> <span class='ocrx_word' id='word_1_39' title='bbox 1170 1041 1204 1107; x_wconf 94' lang='lat' dir='ltr'>iu</span> <span class='ocrx_word' id='word_1_40' title='bbox 1227 1038 1359 1124; x_wconf 91' lang='lat' dir='ltr'>quibua·</span> 
     </span>
     <span class='ocr_line' id='line_1_6' title="bbox 60 1155 1359 1241; baseline 0 -21"><span class='ocrx_word' id='word_1_41' title='bbox 60 1175 198 1241; x_wconf 87' lang='lat' dir='ltr'>cumque</span> <span class='ocrx_word' id='word_1_42' title='bbox 226 1158 330 1240; x_wconf 88' lang='lat' dir='ltr'>bonis,</span> <span class='ocrx_word' id='word_1_43' title='bbox 361 1159 448 1225; x_wconf 84' lang='lat' dir='ltr'>villis</span> <span class='ocrx_word' id='word_1_44' title='bbox 472 1164 505 1227; x_wconf 91' lang='lat' dir='ltr'>et</span> <span class='ocrx_word' id='word_1_45' title='bbox 531 1157 776 1239; x_wconf 87' lang='lat' dir='ltr'>hereditatibus,</span> <span class='ocrx_word' id='word_1_46' title='bbox 799 1157 980 1224; x_wconf 76' lang='lat' dir='ltr'>feodalibus</span> <span class='ocrx_word' id='word_1_47' title='bbox 1003 1158 1170 1223; x_wconf 65' lang='lat' dir='ltr'>dumuxat</span> <span class='ocrx_word' id='word_1_48' title='bbox 1191 1155 1359 1238; x_wconf 88' lang='lat' dir='ltr'>exemptis,</span> 
     </span>
     <span class='ocr_line' id='line_1_7' title="bbox 59 1271 1359 1357; baseline -0.002 -21"><span class='ocrx_word' id='word_1_49' title='bbox 59 1277 265 1353; x_wconf 88' lang='lat' dir='ltr'>comparatos</span> <span class='ocrx_word' id='word_1_50' title='bbox 288 1291 347 1339; x_wconf 89' lang='lat' dir='ltr'>seu</span> <span class='ocrx_word' id='word_1_51' title='bbox 368 1291 431 1357; x_wconf 82' lang='lat' dir='ltr'>pya</span> <span class='ocrx_word' id='word_1_52' title='bbox 454 1273 619 1340; x_wconf 90' lang='lat' dir='ltr'>bominum</span> <span class='ocrx_word' id='word_1_53' title='bbox 640 1272 787 1355; x_wconf 85' lang='lat' dir='ltr'>largione</span> <span class='ocrx_word' id='word_1_54' title='bbox 821 1271 956 1338; x_wconf 89' lang='lat' dir='ltr'>donatos</span> <span class='ocrx_word' id='word_1_55' title='bbox 979 1288 1104 1337; x_wconf 79' lang='lat' dir='ltr'>exnunc</span> <span class='ocrx_word' id='word_1_56' title='bbox 1125 1271 1223 1353; x_wconf 95' lang='lat' dir='ltr'>prout</span> <span class='ocrx_word' id='word_1_57' title='bbox 1242 1275 1359 1334; x_wconf 80' lang='lat' dir='ltr'>extunc</span> 
     </span>
     <span class='ocr_line' id='line_1_8' title="bbox 60 1383 1359 1469; baseline -0.001 -21"><span class='ocrx_word' id='word_1_58' title='bbox 60 1402 119 1466; x_wconf 88' lang='lat' dir='ltr'>pro</span> <span class='ocrx_word' id='word_1_59' title='bbox 144 1384 253 1451; x_wconf 90' lang='lat' dir='ltr'>vsibus</span> <span class='ocrx_word' id='word_1_60' title='bbox 277 1384 476 1453; x_wconf 82' lang='lat' dir='ltr'>infirmorum</span> <span class='ocrx_word' id='word_1_61' title='bbox 508 1391 543 1455; x_wconf 90' lang='lat' dir='ltr'>et</span> <span class='ocrx_word' id='word_1_62' title='bbox 563 1383 734 1469; x_wconf 88' lang='lat' dir='ltr'>hospitalis</span> <span class='ocrx_word' id='word_1_63' title='bbox 760 1385 995 1468; x_wconf 88' lang='lat' dir='ltr'>apropriamus,</span> <span class='ocrx_word' id='word_1_64' title='bbox 1027 1385 1279 1466; x_wconf 74' lang='lat' dir='ltr'>incorporamus,</span> <span class='ocrx_word' id='word_1_65' title='bbox 1309 1383 1359 1448; x_wconf 93' lang='lat' dir='ltr'>iu·</span> 
     </span>
     <span class='ocr_line' id='line_1_9' title="bbox 62 1494 1359 1582; baseline -0.002 -21"><span class='ocrx_word' id='word_1_66' title='bbox 62 1498 272 1578; x_wconf 85' lang='lat' dir='ltr'>visceramus,</span> <span class='ocrx_word' id='word_1_67' title='bbox 294 1502 496 1567; x_wconf 82' lang='lat' dir='ltr'>annectimus</span> <span class='ocrx_word' id='word_1_68' title='bbox 520 1501 703 1567; x_wconf 81' lang='lat' dir='ltr'>struimus</span> <span class='ocrx_word' id='word_1_69' title='bbox 725 1517 785 1582; x_wconf 92' lang='lat' dir='ltr'>per</span> <span class='ocrx_word' id='word_1_70' title='bbox 807 1498 974 1566; x_wconf 90' lang='lat' dir='ltr'>ministros</span> <span class='ocrx_word' id='word_1_71' title='bbox 997 1497 1077 1566; x_wconf 90' lang='lat' dir='ltr'>dicti</span> <span class='ocrx_word' id='word_1_72' title='bbox 1096 1496 1280 1580; x_wconf 88' lang='lat' dir='ltr'>hospitalis,</span> <span class='ocrx_word' id='word_1_73' title='bbox 1302 1494 1359 1578; x_wconf 90' lang='lat' dir='ltr'>qui</span> 
     </span>
     <span class='ocr_line' id='line_1_10' title="bbox 59 1610 1359 1696; baseline 0 -22"><span class='ocrx_word' id='word_1_74' title='bbox 59 1629 119 1693; x_wconf 89' lang='lat' dir='ltr'>pro</span> <span class='ocrx_word' id='word_1_75' title='bbox 142 1616 287 1694; x_wconf 89' lang='lat' dir='ltr'>tempore</span> <span class='ocrx_word' id='word_1_76' title='bbox 308 1611 439 1695; x_wconf 83' lang='lat' dir='ltr'>luerint,</span> <span class='ocrx_word' id='word_1_77' title='bbox 469 1612 645 1694; x_wconf 89' lang='lat' dir='ltr'>habendos,</span> <span class='ocrx_word' id='word_1_78' title='bbox 671 1611 908 1696; x_wconf 90' lang='lat' dir='ltr'>gubernandos,</span> <span class='ocrx_word' id='word_1_79' title='bbox 932 1610 1146 1694; x_wconf 90' lang='lat' dir='ltr'>possidendos</span> <span class='ocrx_word' id='word_1_80' title='bbox 1168 1615 1202 1677; x_wconf 94' lang='lat' dir='ltr'>et</span> <span class='ocrx_word' id='word_1_81' title='bbox 1223 1610 1257 1674; x_wconf 94' lang='lat' dir='ltr'>in</span> <span class='ocrx_word' id='word_1_82' title='bbox 1280 1626 1359 1675; x_wconf 81' lang='lat' dir='ltr'>rsus</span> 
     </span>
     <span class='ocr_line' id='line_1_11' title="bbox 60 1723 1358 1809; baseline -0.001 -20"><span class='ocrx_word' id='word_1_83' title='bbox 60 1723 272 1791; x_wconf 86' lang='lat' dir='ltr'>imbecillium</span> <span class='ocrx_word' id='word_1_84' title='bbox 295 1725 374 1792; x_wconf 92' lang='lat' dir='ltr'>dicti</span> <span class='ocrx_word' id='word_1_85' title='bbox 390 1725 563 1808; x_wconf 89' lang='lat' dir='ltr'>hospitalis</span> <span class='ocrx_word' id='word_1_86' title='bbox 586 1725 752 1809; x_wconf 87' lang='lat' dir='ltr'>perpetuis</span> <span class='ocrx_word' id='word_1_87' title='bbox 775 1724 972 1808; x_wconf 84' lang='lat' dir='ltr'>temporibus</span> <span class='ocrx_word' id='word_1_88' title='bbox 989 1723 1232 1792; x_wconf 88' lang='lat' dir='ltr'>conuertendos.</span> <span class='ocrx_word' id='word_1_89' title='bbox 1266 1723 1358 1789; x_wconf 86' lang='lat' dir='ltr'>blan-</span> 
     </span>
     <span class='ocr_line' id='line_1_12' title="bbox 59 1835 1357 1923; baseline -0.002 -20"><span class='ocrx_word' id='word_1_90' title='bbox 59 1838 174 1904; x_wconf 86' lang='lat' dir='ltr'>damus</span> <span class='ocrx_word' id='word_1_91' title='bbox 206 1838 306 1922; x_wconf 87' lang='lat' dir='ltr'>igitur</span> <span class='ocrx_word' id='word_1_92' title='bbox 338 1839 500 1908; x_wconf 81' lang='lat' dir='ltr'>uniuersis</span> <span class='ocrx_word' id='word_1_93' title='bbox 531 1845 564 1906; x_wconf 91' lang='lat' dir='ltr'>et</span> <span class='ocrx_word' id='word_1_94' title='bbox 592 1839 732 1923; x_wconf 87' lang='lat' dir='ltr'>siugulis</span> <span class='ocrx_word' id='word_1_95' title='bbox 761 1838 945 1919; x_wconf 75' lang='lat' dir='ltr'>baronibus,</span> <span class='ocrx_word' id='word_1_96' title='bbox 977 1838 1147 1920; x_wconf 87' lang='lat' dir='ltr'>militibus,</span> <span class='ocrx_word' id='word_1_97' title='bbox 1173 1835 1357 1917; x_wconf 89' lang='lat' dir='ltr'>clientibus,</span> 
     </span>
     <span class='ocr_line' id='line_1_13' title="bbox 58 1951 1358 2037; baseline -0.002 -20"><span class='ocrx_word' id='word_1_98' title='bbox 58 1951 277 2037; x_wconf 79' lang='lat' dir='ltr'>burggrauiis,</span> <span class='ocrx_word' id='word_1_99' title='bbox 300 1951 505 2035; x_wconf 86' lang='lat' dir='ltr'>officialibus,</span> <span class='ocrx_word' id='word_1_100' title='bbox 528 1953 694 2037; x_wconf 80' lang='lat' dir='ltr'>magistris</span> <span class='ocrx_word' id='word_1_101' title='bbox 711 1951 843 2034; x_wconf 90' lang='lat' dir='ltr'>ciuium,</span> <span class='ocrx_word' id='word_1_102' title='bbox 866 1951 1063 2033; x_wconf 89' lang='lat' dir='ltr'>consulibus,</span> <span class='ocrx_word' id='word_1_103' title='bbox 1081 1951 1202 2034; x_wconf 87' lang='lat' dir='ltr'>juratis</span> <span class='ocrx_word' id='word_1_104' title='bbox 1225 1954 1259 2016; x_wconf 89' lang='lat' dir='ltr'>et</span> <span class='ocrx_word' id='word_1_105' title='bbox 1273 1968 1358 2016; x_wconf 90' lang='lat' dir='ltr'>com·</span> 
     </span>
     <span class='ocr_line' id='line_1_14' title="bbox 56 2061 1358 2150; baseline -0.002 -19"><span class='ocrx_word' id='word_1_106' title='bbox 56 2066 274 2133; x_wconf 91' lang='lat' dir='ltr'>munitatibus</span> <span class='ocrx_word' id='word_1_107' title='bbox 296 2066 465 2150; x_wconf 91' lang='lat' dir='ltr'>opidorum</span> <span class='ocrx_word' id='word_1_108' title='bbox 480 2067 671 2135; x_wconf 88' lang='lat' dir='ltr'>etlocornm</span> <span class='ocrx_word' id='word_1_109' title='bbox 693 2067 876 2149; x_wconf 86' lang='lat' dir='ltr'>ceterisque</span> <span class='ocrx_word' id='word_1_110' title='bbox 889 2065 982 2148; x_wconf 91' lang='lat' dir='ltr'>regni</span> <span class='ocrx_word' id='word_1_111' title='bbox 1004 2066 1108 2132; x_wconf 90' lang='lat' dir='ltr'>nostri</span> <span class='ocrx_word' id='word_1_112' title='bbox 1129 2065 1262 2132; x_wconf 88' lang='lat' dir='ltr'>Boemie</span> <span class='ocrx_word' id='word_1_113' title='bbox 1284 2061 1358 2130; x_wconf 77' lang='lat' dir='ltr'>sub</span> 
     </span>
    </p>
   </div>
   <div class='ocr_carea' id='block_1_3' title="bbox 57 2177 1494 2263">
    <p class='ocr_par' dir='ltr' id='par_1_3' title="bbox 57 2177 1494 2263">
     <span class='ocr_line' id='line_1_15' title="bbox 57 2177 1494 2263; baseline 0.002 -19"><span class='ocrx_word' id='word_1_114' title='bbox 57 2179 139 2245; x_wconf 92' lang='lat' dir='ltr'>ditis</span> <span class='ocrx_word' id='word_1_115' title='bbox 163 2185 196 2245; x_wconf 92' lang='lat' dir='ltr'>et</span> <span class='ocrx_word' id='word_1_116' title='bbox 217 2178 376 2261; x_wconf 83' lang='lat' dir='ltr'>fidelibus,</span> <span class='ocrx_word' id='word_1_117' title='bbox 399 2181 455 2263; x_wconf 87' lang='lat' dir='ltr'>qui</span> <span class='ocrx_word' id='word_1_118' title='bbox 478 2199 565 2247; x_wconf 90' lang='lat' dir='ltr'>nuuc</span> <span class='ocrx_word' id='word_1_119' title='bbox 587 2184 663 2247; x_wconf 92' lang='lat' dir='ltr'>sunt</span> <span class='ocrx_word' id='word_1_120' title='bbox 683 2181 736 2246; x_wconf 89' lang='lat' dir='ltr'>uel</span> <span class='ocrx_word' id='word_1_121' title='bbox 759 2198 817 2262; x_wconf 94' lang='lat' dir='ltr'>pro</span> <span class='ocrx_word' id='word_1_122' title='bbox 839 2185 984 2261; x_wconf 89' lang='lat' dir='ltr'>tempore</span> <span class='ocrx_word' id='word_1_123' title='bbox 1002 2177 1134 2259; x_wconf 83' lang='lat' dir='ltr'>fuerint,</span> <span class='ocrx_word' id='word_1_124' title='bbox 1157 2183 1270 2245; x_wconf 83' lang='lat' dir='ltr'>tenore</span> <span class='ocrx_word' id='word_1_125' title='bbox 1284 2193 1357 2260; x_wconf 79' lang='lat' dir='ltr'>pre</span> <span class='ocrx_word' id='word_1_126' title='bbox 1489 2236 1494 2247; x_wconf 88' lang='lat'><em>.</em></span> 
     </span>
    </p>
   </div>
   <div class='ocr_carea' id='block_1_4' title="bbox 53 2289 1361 3401">
    <p class='ocr_par' dir='ltr' id='par_1_4' title="bbox 53 2289 1361 3401">
     <span class='ocr_line' id='line_1_16' title="bbox 57 2289 1358 2378; baseline -0.002 -20"><span class='ocrx_word' id='word_1_127' title='bbox 57 2293 206 2358; x_wconf 81' lang='lat' dir='ltr'>saucium</span> <span class='ocrx_word' id='word_1_128' title='bbox 237 2295 369 2376; x_wconf 87' lang='lat' dir='ltr'>seriose,</span> <span class='ocrx_word' id='word_1_129' title='bbox 403 2299 562 2378; x_wconf 85' lang='lat' dir='ltr'>quatenus</span> <span class='ocrx_word' id='word_1_130' title='bbox 591 2294 758 2361; x_wconf 91' lang='lat' dir='ltr'>ministros</span> <span class='ocrx_word' id='word_1_131' title='bbox 792 2296 825 2361; x_wconf 89' lang='lat' dir='ltr'>et</span> <span class='ocrx_word' id='word_1_132' title='bbox 854 2292 998 2360; x_wconf 87' lang='lat' dir='ltr'>infirmos</span> <span class='ocrx_word' id='word_1_133' title='bbox 1025 2292 1196 2376; x_wconf 91' lang='lat' dir='ltr'>hospitalis</span> <span class='ocrx_word' id='word_1_134' title='bbox 1219 2289 1358 2373; x_wconf 87' lang='lat' dir='ltr'>predicti</span> 
     </span>
     <span class='ocr_line' id='line_1_17' title="bbox 58 2406 1357 2492; baseline -0.001 -22"><span class='ocrx_word' id='word_1_135' title='bbox 58 2407 95 2471; x_wconf 89' lang='lat' dir='ltr'>in</span> <span class='ocrx_word' id='word_1_136' title='bbox 118 2406 303 2473; x_wconf 91' lang='lat' dir='ltr'>huiusmodi</span> <span class='ocrx_word' id='word_1_137' title='bbox 326 2426 425 2474; x_wconf 89' lang='lat' dir='ltr'>censu</span> <span class='ocrx_word' id='word_1_138' title='bbox 448 2413 575 2475; x_wconf 88' lang='lat' dir='ltr'>centum</span> <span class='ocrx_word' id='word_1_139' title='bbox 591 2427 823 2492; x_wconf 77' lang='lat' dir='ltr'>sexagenorum</span> <span class='ocrx_word' id='word_1_140' title='bbox 846 2408 942 2474; x_wconf 92' lang='lat' dir='ltr'>simul</span> <span class='ocrx_word' id='word_1_141' title='bbox 961 2408 1014 2475; x_wconf 87' lang='lat' dir='ltr'>uel</span> <span class='ocrx_word' id='word_1_142' title='bbox 1030 2407 1216 2474; x_wconf 89' lang='lat' dir='ltr'>successiue</span> <span class='ocrx_word' id='word_1_143' title='bbox 1230 2422 1357 2486; x_wconf 87' lang='lat' dir='ltr'>compa·</span> 
     </span>
     <span class='ocr_line' id='line_1_18' title="bbox 60 2518 1361 2605; baseline -0.002 -21"><span class='ocrx_word' id='word_1_144' title='bbox 60 2525 208 2585; x_wconf 76' lang='lat' dir='ltr'>ratmum</span> <span class='ocrx_word' id='word_1_145' title='bbox 245 2539 303 2587; x_wconf 91' lang='lat' dir='ltr'>seu</span> <span class='ocrx_word' id='word_1_146' title='bbox 334 2522 527 2588; x_wconf 72' lang='lat' dir='ltr'>doumarum</span> <span class='ocrx_word' id='word_1_147' title='bbox 557 2540 620 2588; x_wconf 94' lang='lat' dir='ltr'>uon</span> <span class='ocrx_word' id='word_1_148' title='bbox 650 2522 829 2604; x_wconf 88' lang='lat' dir='ltr'>impediant</span> <span class='ocrx_word' id='word_1_149' title='bbox 858 2540 915 2588; x_wconf 90' lang='lat' dir='ltr'>seu</span> <span class='ocrx_word' id='word_1_150' title='bbox 946 2521 1096 2603; x_wconf 87' lang='lat' dir='ltr'>impediri</span> <span class='ocrx_word' id='word_1_151' title='bbox 1122 2518 1361 2605; x_wconf 83' lang='lat' dir='ltr'>quomodolibet</span> 
     </span>
     <span class='ocr_line' id='line_1_19' title="bbox 60 2631 1359 2718; baseline -0.002 -20"><span class='ocrx_word' id='word_1_152' title='bbox 60 2633 246 2716; x_wconf 88' lang='lat' dir='ltr'>paciantur,</span> <span class='ocrx_word' id='word_1_153' title='bbox 268 2635 461 2718; x_wconf 89' lang='lat' dir='ltr'>quinpooius</span> <span class='ocrx_word' id='word_1_154' title='bbox 484 2635 571 2702; x_wconf 89' lang='lat' dir='ltr'>circa</span> <span class='ocrx_word' id='word_1_155' title='bbox 591 2634 776 2702; x_wconf 90' lang='lat' dir='ltr'>huiusmodi</span> <span class='ocrx_word' id='word_1_156' title='bbox 802 2639 1034 2701; x_wconf 86' lang='lat' dir='ltr'>manuteneant</span> <span class='ocrx_word' id='word_1_157' title='bbox 1056 2633 1231 2701; x_wconf 84' lang='lat' dir='ltr'>efficaciter</span> <span class='ocrx_word' id='word_1_158' title='bbox 1253 2635 1287 2699; x_wconf 93' lang='lat' dir='ltr'>et</span> <span class='ocrx_word' id='word_1_159' title='bbox 1304 2631 1359 2696; x_wconf 90' lang='lat' dir='ltr'>de-</span> 
     </span>
     <span class='ocr_line' id='line_1_20' title="bbox 59 2745 1359 2831; baseline -0.002 -18"><span class='ocrx_word' id='word_1_160' title='bbox 59 2746 206 2813; x_wconf 85' lang='lat' dir='ltr'>iendaut</span> <span class='ocrx_word' id='word_1_161' title='bbox 252 2748 442 2816; x_wconf 85' lang='lat' dir='ltr'>Mandamus</span> <span class='ocrx_word' id='word_1_162' title='bbox 473 2750 576 2818; x_wconf 88' lang='lat' dir='ltr'>eciam</span> <span class='ocrx_word' id='word_1_163' title='bbox 606 2749 743 2815; x_wconf 90' lang='lat' dir='ltr'>notariis</span> <span class='ocrx_word' id='word_1_164' title='bbox 769 2750 952 2831; x_wconf 82' lang='lat' dir='ltr'>ceterisque</span> <span class='ocrx_word' id='word_1_165' title='bbox 974 2748 1243 2815; x_wconf 84' lang='lat' dir='ltr'>vrzodnicouibus</span> <span class='ocrx_word' id='word_1_166' title='bbox 1266 2745 1359 2812; x_wconf 91' lang='lat' dir='ltr'>tabu-</span> 
     </span>
     <span class='ocr_line' id='line_1_21' title="bbox 60 2861 1358 2947; baseline -0.001 -21"><span class='ocrx_word' id='word_1_167' title='bbox 60 2861 169 2927; x_wconf 86' lang='lat' dir='ltr'>larum</span> <span class='ocrx_word' id='word_1_168' title='bbox 191 2868 277 2928; x_wconf 86' lang='lat' dir='ltr'>terre</span> <span class='ocrx_word' id='word_1_169' title='bbox 298 2865 390 2947; x_wconf 88' lang='lat' dir='ltr'>regui</span> <span class='ocrx_word' id='word_1_170' title='bbox 413 2865 515 2931; x_wconf 89' lang='lat' dir='ltr'>nostri</span> <span class='ocrx_word' id='word_1_171' title='bbox 530 2863 664 2930; x_wconf 91' lang='lat' dir='ltr'>Boemie</span> <span class='ocrx_word' id='word_1_172' title='bbox 678 2861 815 2929; x_wconf 88' lang='lat' dir='ltr'>firmiter</span> <span class='ocrx_word' id='word_1_173' title='bbox 830 2868 862 2928; x_wconf 89' lang='lat' dir='ltr'>ot</span> <span class='ocrx_word' id='word_1_174' title='bbox 877 2863 1036 2944; x_wconf 88' lang='lat' dir='ltr'>districte,</span> <span class='ocrx_word' id='word_1_175' title='bbox 1052 2868 1210 2944; x_wconf 78' lang='lat' dir='ltr'>qcrateuus</span> <span class='ocrx_word' id='word_1_176' title='bbox 1227 2880 1358 2927; x_wconf 89' lang='lat' dir='ltr'>censum</span> 
     </span>
     <span class='ocr_line' id='line_1_22' title="bbox 59 2975 1356 3061; baseline -0.002 -19"><span class='ocrx_word' id='word_1_177' title='bbox 59 2976 255 3060; x_wconf 89' lang='lat' dir='ltr'>predictum,</span> <span class='ocrx_word' id='word_1_178' title='bbox 278 2983 449 3061; x_wconf 83' lang='lat' dir='ltr'>postquam</span> <span class='ocrx_word' id='word_1_179' title='bbox 472 2983 677 3061; x_wconf 85' lang='lat' dir='ltr'>comparatus</span> <span class='ocrx_word' id='word_1_180' title='bbox 700 2975 811 3058; x_wconf 85' lang='lat' dir='ltr'>fuerit,</span> <span class='ocrx_word' id='word_1_181' title='bbox 828 2976 924 3043; x_wconf 92' lang='lat' dir='ltr'>simul</span> <span class='ocrx_word' id='word_1_182' title='bbox 949 2979 1000 3043; x_wconf 89' lang='lat' dir='ltr'>uel</span> <span class='ocrx_word' id='word_1_183' title='bbox 1024 2977 1168 3058; x_wconf 88' lang='lat' dir='ltr'>diuisim,</span> <span class='ocrx_word' id='word_1_184' title='bbox 1193 2976 1281 3042; x_wconf 93' lang='lat' dir='ltr'>nullo</span> <span class='ocrx_word' id='word_1_185' title='bbox 1304 2994 1356 3040; x_wconf 88' lang='lat' dir='ltr'>su·</span> 
     </span>
     <span class='ocr_line' id='line_1_23' title="bbox 53 3088 1357 3175; baseline -0.001 -19"><span class='ocrx_word' id='word_1_186' title='bbox 53 3090 196 3175; x_wconf 90' lang='lat' dir='ltr'>perinde</span> <span class='ocrx_word' id='word_1_187' title='bbox 224 3091 290 3157; x_wconf 90' lang='lat' dir='ltr'>olio</span> <span class='ocrx_word' id='word_1_188' title='bbox 320 3097 431 3158; x_wconf 78' lang='lat' dir='ltr'>nosbo</span> <span class='ocrx_word' id='word_1_189' title='bbox 453 3093 605 3158; x_wconf 87' lang='lat' dir='ltr'>mandato</span> <span class='ocrx_word' id='word_1_190' title='bbox 628 3092 800 3175; x_wconf 87' lang='lat' dir='ltr'>postulato,</span> <span class='ocrx_word' id='word_1_191' title='bbox 830 3097 917 3159; x_wconf 91' lang='lat' dir='ltr'>terre</span> <span class='ocrx_word' id='word_1_192' title='bbox 937 3091 1071 3171; x_wconf 76' lang='lat' dir='ltr'>tabullis</span> <span class='ocrx_word' id='word_1_193' title='bbox 1102 3095 1258 3158; x_wconf 82' lang='lat' dir='ltr'>annotant</span> <span class='ocrx_word' id='word_1_194' title='bbox 1278 3088 1357 3155; x_wconf 90' lang='lat' dir='ltr'>fide-</span> 
     </span>
     <span class='ocr_line' id='line_1_24' title="bbox 54 3203 1357 3289; baseline -0.002 -17"><span class='ocrx_word' id='word_1_195' title='bbox 54 3208 134 3272; x_wconf 86' lang='lat' dir='ltr'>liter</span> <span class='ocrx_word' id='word_1_196' title='bbox 158 3212 191 3270; x_wconf 93' lang='lat' dir='ltr'>et</span> <span class='ocrx_word' id='word_1_197' title='bbox 214 3205 401 3287; x_wconf 88' lang='lat' dir='ltr'>inscribunt,</span> <span class='ocrx_word' id='word_1_198' title='bbox 424 3212 520 3288; x_wconf 90' lang='lat' dir='ltr'>prout</span> <span class='ocrx_word' id='word_1_199' title='bbox 543 3205 802 3289; x_wconf 85' lang='lat' dir='ltr'>indignacionem</span> <span class='ocrx_word' id='word_1_200' title='bbox 826 3211 885 3272; x_wconf 86' lang='lat' dir='ltr'>etc.</span> <span class='ocrx_word' id='word_1_201' title='bbox 917 3204 1124 3272; x_wconf 88' lang='lat' dir='ltr'>Preseucium</span> <span class='ocrx_word' id='word_1_202' title='bbox 1147 3210 1207 3271; x_wconf 89' lang='lat' dir='ltr'>etc.</span> <span class='ocrx_word' id='word_1_203' title='bbox 1238 3203 1357 3271; x_wconf 86' lang='lat' dir='ltr'>Datum</span> 
     </span>
     <span class='ocr_line' id='line_1_25' title="bbox 54 3316 1356 3401; baseline -0.003 -16"><span class='ocrx_word' id='word_1_204' title='bbox 54 3320 165 3399; x_wconf 79' lang='lat' dir='ltr'>Prnge</span> <span class='ocrx_word' id='word_1_205' title='bbox 187 3336 271 3383; x_wconf 92' lang='lat' dir='ltr'>auno</span> <span class='ocrx_word' id='word_1_206' title='bbox 294 3318 414 3385; x_wconf 90' lang='lat' dir='ltr'>domini</span> <span class='ocrx_word' id='word_1_207' title='bbox 438 3318 611 3385; x_wconf 87' lang='lat' dir='ltr'>millesimo</span> <span class='ocrx_word' id='word_1_208' title='bbox 635 3317 785 3399; x_wconf 74' lang='lat' dir='ltr'>ccccm,</span> <span class='ocrx_word' id='word_1_209' title='bbox 803 3318 857 3385; x_wconf 87' lang='lat' dir='ltr'>dic</span> <span class='ocrx_word' id='word_1_210' title='bbox 872 3318 901 3383; x_wconf 88' lang='lat' dir='ltr'>X</span> <span class='ocrx_word' id='word_1_211' title='bbox 916 3316 1076 3400; x_wconf 87' lang='lat' dir='ltr'>Jauuarii,</span> <span class='ocrx_word' id='word_1_212' title='bbox 1101 3338 1273 3401; x_wconf 88' lang='lat' dir='ltr'>regnorum</span> <span class='ocrx_word' id='word_1_213' title='bbox 1296 3324 1356 3384; x_wconf 92' lang='lat' dir='ltr'>etc.</span> 
     </span>
    </p>
   </div>
   <div class='ocr_carea' id='block_1_5' title="bbox 53 3506 1357 3867">
    <p class='ocr_par' dir='ltr' id='par_1_5' title="bbox 53 3506 1357 3867">
     <span class='ocr_line' id='line_1_26' title="bbox 163 3506 1354 3580; baseline 0 -20"><span class='ocrx_word' id='word_1_214' title='bbox 163 3507 249 3578; x_wconf 67' lang='lat' dir='ltr'>lypis</span> <span class='ocrx_word' id='word_1_215' title='bbox 267 3526 282 3561; x_wconf 82' lang='lat' dir='ltr'>a</span> <span class='ocrx_word' id='word_1_216' title='bbox 296 3508 413 3577; x_wconf 81' lang='lat' dir='ltr'>register</span> <span class='ocrx_word' id='word_1_217' title='bbox 429 3507 616 3577; x_wconf 73' lang='lat' dir='ltr'>lrrtlorslrycb</span> <span class='ocrx_word' id='word_1_218' title='bbox 631 3525 646 3560; x_wconf 84' lang='lat' dir='ltr'>v</span> <span class='ocrx_word' id='word_1_219' title='bbox 659 3507 792 3580; x_wconf 80' lang='lat' dir='ltr'>rukopise</span> <span class='ocrx_word' id='word_1_220' title='bbox 804 3511 851 3564; x_wconf 87' lang='lat' dir='ltr'>cis.</span> <span class='ocrx_word' id='word_1_221' title='bbox 865 3509 937 3562; x_wconf 85' lang='lat' dir='ltr'>unic.</span> <span class='ocrx_word' id='word_1_222' title='bbox 951 3508 1091 3577; x_wconf 82' lang='lat' dir='ltr'>kuihovuy</span> <span class='ocrx_word' id='word_1_223' title='bbox 1103 3507 1224 3562; x_wconf 74' lang='lat' dir='ltr'>Praislre</span> <span class='ocrx_word' id='word_1_224' title='bbox 1244 3506 1354 3578; x_wconf 82' lang='lat' dir='ltr'>,Copia</span> 
     </span>
     <span class='ocr_line' id='line_1_27' title="bbox 53 3602 1356 3675; baseline -0.004 -15"><span class='ocrx_word' id='word_1_225' title='bbox 53 3606 129 3660; x_wconf 66' lang='lat' dir='ltr'>dum</span> <span class='ocrx_word' id='word_1_226' title='bbox 144 3602 210 3675; x_wconf 93' lang='lat' dir='ltr'>dipl.</span> <span class='ocrx_word' id='word_1_227' title='bbox 223 3604 451 3659; x_wconf 79' lang='lat' dir='ltr'>Praemislaeum“</span> <span class='ocrx_word' id='word_1_228' title='bbox 473 3605 541 3673; x_wconf 78' lang='lat' dir='ltr'>sign.</span> <span class='ocrx_word' id='word_1_229' title='bbox 561 3603 636 3658; x_wconf 77' lang='lat' dir='ltr'>v1a</span> <span class='ocrx_word' id='word_1_230' title='bbox 650 3609 664 3657; x_wconf 88' lang='grc'><strong>7</strong></span> <span class='ocrx_word' id='word_1_231' title='bbox 682 3620 720 3660; x_wconf 87' lang='lat' dir='ltr'>na</span> <span class='ocrx_word' id='word_1_232' title='bbox 736 3603 753 3659; x_wconf 90' lang='lat' dir='ltr'>l.</span> <span class='ocrx_word' id='word_1_233' title='bbox 768 3610 808 3659; x_wconf 78' lang='lat'>50.</span> <span class='ocrx_word' id='word_1_234' title='bbox 827 3621 862 3659; x_wconf 82' lang='lat' dir='ltr'>aa</span> <span class='ocrx_word' id='word_1_235' title='bbox 879 3604 1005 3675; x_wconf 76' lang='lat' dir='ltr'>napisem</span> <span class='ocrx_word' id='word_1_236' title='bbox 1026 3603 1230 3674; x_wconf 87' lang='lat' dir='ltr'>,Incorporatio</span> <span class='ocrx_word' id='word_1_237' title='bbox 1247 3608 1356 3656; x_wconf 84' lang='lat' dir='ltr'>centum</span> 
     </span>
     <span class='ocr_line' id='line_1_28' title="bbox 54 3698 1357 3772; baseline -0.002 -17"><span class='ocrx_word' id='word_1_238' title='bbox 54 3715 261 3769; x_wconf 76' lang='lat' dir='ltr'>sexagenorum</span> <span class='ocrx_word' id='word_1_239' title='bbox 289 3717 328 3770; x_wconf 76' lang='lat' dir='ltr'>gr.</span> <span class='ocrx_word' id='word_1_240' title='bbox 356 3716 457 3756; x_wconf 80' lang='lat' dir='ltr'>census</span> <span class='ocrx_word' id='word_1_241' title='bbox 485 3716 535 3770; x_wconf 86' lang='lat' dir='ltr'>pro</span> <span class='ocrx_word' id='word_1_242' title='bbox 565 3699 696 3772; x_wconf 88' lang='lat' dir='ltr'>hospitali</span> <span class='ocrx_word' id='word_1_243' title='bbox 723 3701 844 3756; x_wconf 89' lang='lat' dir='ltr'>ciuitatis</span> <span class='ocrx_word' id='word_1_244' title='bbox 871 3699 1029 3755; x_wconf 77' lang='lat' dir='ltr'>Prachatica</span> <span class='ocrx_word' id='word_1_245' title='bbox 1057 3705 1122 3754; x_wconf 81' lang='lat' dir='ltr'>atc“</span> <span class='ocrx_word' id='word_1_246' title='bbox 1151 3729 1183 3740; x_wconf 94' lang='lat'>-</span> <span class='ocrx_word' id='word_1_247' title='bbox 1200 3698 1226 3752; x_wconf 85' lang='lat' dir='ltr'><strong>V</strong></span> <span class='ocrx_word' id='word_1_248' title='bbox 1244 3699 1357 3769; x_wconf 78' lang='lat' dir='ltr'>salop:</span> 
     </span>
     <span class='ocr_line' id='line_1_29' title="bbox 55 3795 390 3867; baseline 0.003 -16"><span class='ocrx_word' id='word_1_249' title='bbox 55 3802 75 3867; x_wconf 80' lang='lat'>¹)</span> <span class='ocrx_word' id='word_1_250' title='bbox 97 3795 217 3851; x_wconf 74' lang='lat' dir='ltr'>archana</span> <span class='ocrx_word' id='word_1_251' title='bbox 238 3798 259 3864; x_wconf 87' lang='lat'>²)</span> <span class='ocrx_word' id='word_1_252' title='bbox 277 3796 390 3852; x_wconf 85' lang='lat' dir='ltr'>donare.</span> 
     </span>
    </p>
   </div>
   <div class='ocr_carea' id='block_1_6' title="bbox 313 3958 1117 4245">
    <p class='ocr_par' dir='ltr' id='par_1_6' title="bbox 313 3958 1117 4245">
     <span class='ocr_line' id='line_1_30' title="bbox 624 3958 785 4041; baseline -0.012 0"><span class='ocrx_word' id='word_1_253' title='bbox 624 3958 689 4041; x_wconf 68' lang='lat' dir='ltr'>Cis.</span> <span class='ocrx_word' id='word_1_254' title='bbox 714 3975 785 4040; x_wconf 73' lang='lat'>750.</span> 
     </span>
     <span class='ocr_line' id='line_1_31' title="bbox 313 4164 1117 4245; baseline -0.004 -13"><span class='ocrx_word' id='word_1_255' title='bbox 313 4165 411 4245; x_wconf 77' lang='grc'>1402,</span> <span class='ocrx_word' id='word_1_256' title='bbox 436 4164 480 4234; x_wconf 82' lang='lat'>17</span> <span class='ocrx_word' id='word_1_257' title='bbox 502 4165 626 4235; x_wconf 83' lang='lat' dir='ltr'>leona</span> <span class='ocrx_word' id='word_1_258' title='bbox 649 4166 681 4233; x_wconf 86' lang='lat' dir='ltr'>V</span> <span class='ocrx_word' id='word_1_259' title='bbox 704 4165 845 4234; x_wconf 89' lang='lat' dir='ltr'>llradci</span> <span class='ocrx_word' id='word_1_260' title='bbox 868 4165 943 4233; x_wconf 89' lang='lat' dir='ltr'>nod</span> <span class='ocrx_word' id='word_1_261' title='bbox 967 4164 1117 4231; x_wconf 77' lang='lat' dir='ltr'>habam.</span> 
     </span>
    </p>
   </div>
   <div class='ocr_carea' id='block_1_7' title="bbox 52 4354 1358 4671">
    <p class='ocr_par' dir='ltr' id='par_1_7' title="bbox 52 4354 1358 4671">
     <span class='ocr_line' id='line_1_32' title="bbox 59 4354 1358 4442; baseline -0.01 -15"><span class='ocrx_word' id='word_1_262' title='bbox 59 4361 149 4427; x_wconf 79' lang='lat' dir='ltr'>Il&#39;rail</span> <span class='ocrx_word' id='word_1_263' title='bbox 181 4360 295 4425; x_wconf 72' lang='lat' dir='ltr'>l&#39;cicloo</span> <span class='ocrx_word' id='word_1_264' title='bbox 315 4359 368 4424; x_wconf 86' lang='lat' dir='ltr'>IV</span> <span class='ocrx_word' id='word_1_265' title='bbox 383 4359 547 4442; x_wconf 71' lang='lat' dir='ltr'>emdcaje,</span> <span class='ocrx_word' id='word_1_266' title='bbox 570 4361 604 4424; x_wconf 71' lang='lat' dir='ltr'>le</span> <span class='ocrx_word' id='word_1_267' title='bbox 618 4358 776 4442; x_wconf 70' lang='lat' dir='ltr'>jactares</span> <span class='ocrx_word' id='word_1_268' title='bbox 797 4354 996 4439; x_wconf 74' lang='lat' dir='ltr'>parkms‘stm</span> <span class='ocrx_word' id='word_1_269' title='bbox 1018 4377 1038 4420; x_wconf 83' lang='lat' dir='ltr'>a</span> <span class='ocrx_word' id='word_1_270' title='bbox 1060 4357 1236 4420; x_wconf 66' lang='lat' dir='ltr'>mellontos</span> <span class='ocrx_word' id='word_1_271' title='bbox 1259 4358 1358 4420; x_wconf 80' lang='lat' dir='ltr'>mdsta</span> 
     </span>
     <span class='ocr_line' id='line_1_33' title="bbox 52 4469 1356 4558; baseline -0.006 -18"><span class='ocrx_word' id='word_1_272' title='bbox 52 4474 229 4557; x_wconf 59' lang='lat' dir='ltr'>Bedente</span> <span class='ocrx_word' id='word_1_273' title='bbox 250 4474 335 4555; x_wconf 89' lang='lat' dir='ltr'>(dem</span> <span class='ocrx_word' id='word_1_274' title='bbox 359 4474 614 4558; x_wconf 84' lang='lat' dir='ltr'>burgermeistcr</span> <span class='ocrx_word' id='word_1_275' title='bbox 644 4474 707 4539; x_wconf 85' lang='lat' dir='ltr'>vnd</span> <span class='ocrx_word' id='word_1_276' title='bbox 731 4473 869 4555; x_wconf 79' lang='lat' dir='ltr'>burgern</span> <span class='ocrx_word' id='word_1_277' title='bbox 893 4471 1126 4555; x_wconf 78' lang='lat' dir='ltr'>gemoiulicheu</span> <span class='ocrx_word' id='word_1_278' title='bbox 1149 4469 1206 4534; x_wconf 91' lang='lat' dir='ltr'>der</span> <span class='ocrx_word' id='word_1_279' title='bbox 1230 4473 1295 4534; x_wconf 91' lang='lat' dir='ltr'>stat</span> <span class='ocrx_word' id='word_1_280' title='bbox 1317 4487 1356 4533; x_wconf 86' lang='lat' dir='ltr'>zu</span> 
     </span>
     <span class='ocr_line' id='line_1_34' title="bbox 54 4580 1357 4671; baseline -0.007 -15"><span class='ocrx_word' id='word_1_281' title='bbox 54 4585 440 4671; x_wconf 71' lang='lat' dir='ltr'>Buduois)61b‹p9r.</span> <span class='ocrx_word' id='word_1_282' title='bbox 463 4609 502 4653; x_wconf 76' lang='lat' dir='ltr'>sa</span> <span class='ocrx_word' id='word_1_283' title='bbox 533 4589 652 4669; x_wconf 66' lang='lat' dir='ltr'>atrata,</span> <span class='ocrx_word' id='word_1_284' title='bbox 683 4585 792 4654; x_wconf 60' lang='lat' dir='ltr'>Metuo</span> <span class='ocrx_word' id='word_1_285' title='bbox 823 4607 863 4651; x_wconf 78' lang='grc' dir='ltr'>ια</span> <span class='ocrx_word' id='word_1_286' title='bbox 891 4586 967 4650; x_wconf 76' lang='lat' dir='ltr'>acto</span> <span class='ocrx_word' id='word_1_287' title='bbox 997 4583 1164 4666; x_wconf 76' lang='lat' dir='ltr'>caprassli,</span> <span class='ocrx_word' id='word_1_288' title='bbox 1198 4580 1279 4664; x_wconf 66' lang='lat' dir='ltr'>ltdyi</span> <span class='ocrx_word' id='word_1_289' title='bbox 1305 4581 1357 4662; x_wconf 74' lang='lat' dir='ltr'>byl</span> 
     </span>
    </p>
   </div>
   <div class='ocr_carea' id='block_1_8' title="bbox 48 4695 1357 4786">
    <p class='ocr_par' dir='ltr' id='par_1_8' title="bbox 48 4695 1357 4786">
     <span class='ocr_line' id='line_1_35' title="bbox 48 4695 1357 4786; baseline -0.007 -18"><span class='ocrx_word' id='word_1_290' title='bbox 48 4701 206 4786; x_wconf 72' lang='lat' dir='ltr'>postcunt</span> <span class='ocrx_word' id='word_1_291' title='bbox 224 4723 247 4765; x_wconf 80' lang='lat' dir='ltr'>a</span> <span class='ocrx_word' id='word_1_292' title='bbox 268 4700 341 4766; x_wconf 74' lang='lat' dir='ltr'>siclt</span> <span class='ocrx_word' id='word_1_293' title='bbox 370 4702 495 4766; x_wconf 75' lang='lat' dir='ltr'>deorem</span> <span class='ocrx_word' id='word_1_294' title='bbox 525 4706 580 4781; x_wconf 85' lang='lat' dir='ltr'>(an</span> <span class='ocrx_word' id='word_1_295' title='bbox 604 4703 733 4769; x_wconf 88' lang='lat' dir='ltr'>sulcher</span> <span class='ocrx_word' id='word_1_296' title='bbox 762 4721 887 4769; x_wconf 92' lang='lat' dir='ltr'>summe</span> <span class='ocrx_word' id='word_1_297' title='bbox 917 4701 1030 4784; x_wconf 81' lang='lat' dir='ltr'>gallae,</span> <span class='ocrx_word' id='word_1_298' title='bbox 1061 4699 1115 4766; x_wconf 90' lang='lat' dir='ltr'>die</span> <span class='ocrx_word' id='word_1_299' title='bbox 1143 4697 1193 4763; x_wconf 89' lang='lat' dir='ltr'>sie</span> <span class='ocrx_word' id='word_1_300' title='bbox 1221 4695 1274 4762; x_wconf 88' lang='lat' dir='ltr'>iur</span> <span class='ocrx_word' id='word_1_301' title='bbox 1295 4714 1357 4760; x_wconf 83' lang='lat' dir='ltr'>rus</span> 
     </span>
    </p>
   </div>
   <div class='ocr_carea' id='block_1_9' title="bbox 0 0 1580 5378">
    <p class='ocr_par' dir='ltr' id='par_1_9' title="bbox 0 0 1580 5378">
     <span class='ocr_line' id='line_1_36' title="bbox 0 0 1580 5378; baseline 0 0"><span class='ocrx_word' id='word_1_302' title='bbox 0 0 1580 5378; x_wconf 95' lang='lat' dir='ltr'> </span> 
     </span>
    </p>
   </div>
  </div>
 </body>
</html>
