3098 5392
218 398 282 464 596
831 400 905 453 reos

219 611 350 675 nantem
379 612 412 674 et
443 609 674 691 premissorum
695 609 827 690 aliquod
850 606 1077 692 infringentem
1099 611 1213 691 tocies,
1234 611 1375 695 quocies
1399 616 1513 679 eontra

220 722 341 789 factum
372 720 480 802 fuerit,
511 721 676 788 incurrere
710 721 878 789 debuimus
901 722 974 806 ipso
996 722 1099 803 lacto;
1122 727 1156 789 ct
1176 740 1292 790 earnm
1314 722 1514 791 medietstan

221 835 305 920 parti
340 834 501 918 premissa
534 835 687 916 seruanti,
721 836 880 918 reliquam
913 854 989 902 vero
1021 833 1221 903 infirmorum
1242 835 1327 903 dicu
1350 837 1513 920 hospitalis

222 948 333 1016 usibus
356 947 559 1013 decernimus
592 948 762 1030 applicari,
795 948 963 1031 premissis
997 949 1145 1015 omnibns
1177 948 1268 1017 omui
1302 966 1387 1015 casu
1408 950 1443 1017 in
1462 968 1513 1017 suo

221 1060 336 1127 robore
358 1062 513 1142 perpetuo
535 1058 711 1126 duraturis.
727 1061 765 1126 In
780 1061 872 1127 cuius
895 1062 943 1126 rei
965 1061 1186 1129 testimonium
1201 1066 1379 1145 presentes
1399 1062 1514 1131 utrem

220 1172 291 1240 lieri
322 1177 355 1239 et
376 1171 478 1255 sigilli
508 1172 612 1238 nostri
634 1173 770 1240 maioris
792 1173 927 1240 fecimus
950 1174 1147 1258 appensione
1168 1174 1303 1241 muniri.
1350 1175 1514 1245 Amumet

222 1288 331 1353 datum
361 1286 466 1369 Prage
487 1304 572 1353 enno
595 1285 715 1352 domini
738 1287 910 1353 millesimo
932 1287 1158 1354 trecentesimo
1182 1288 1395 1372 sexagesimo
1414 1288 1513 1366 tucio,

222 1400 355 1469 sabbato
377 1400 522 1483 proximo
545 1404 620 1465 ante
642 1399 729 1466 diem
750 1400 844 1467 beate
865 1400 1043 1467 Elisabeht

322 1540 390 1607 Nos
421 1559 548 1624 quoque
581 1540 681 1607 frater
707 1539 934 1608 Wenczeslaus
957 1539 1066 1622 abbas,
1082 1591 1114 1606 ..
1137 1541 1236 1623 prior,
1261 1592 1295 1607 ..
1320 1540 1512 1625 subpriore

224 1657 402 1722 conuentus
429 1651 568 1736 predicti
593 1652 781 1720 monasterii
812 1650 1040 1734 (tremitensis,
1073 1670 1246 1719 necnon..
1267 1654 1385 1738 judex,
1414 1653 1509 1739 jurati

225 1768 372 1836 consules
392 1771 425 1832 et
440 1766 651 1833 communitas
674 1767 796 1833 ciuium
817 1766 1032 1849 suprascripti
1053 1765 1174 1832 Montis
1197 1766 1377 1835 Kuttensis
1398 1767 1509 1851 publice

223 1880 418 1966 profitemur,
451 1898 510 1946 nos
538 1879 646 1946 animo
668 1879 845 1946 deliberato
878 1884 911 1945 et
940 1896 1019 1946 sano
1051 1877 1236 1962 precedenti
1271 1881 1422 1963 consilio,
1456 1896 1507 1945 non

223 1996 334 2078 vtique
362 2013 419 2079 per
451 1994 670 2078 ignoranciam
708 1999 742 2060 et
777 2010 927 2074 emonem,
967 2011 1065 2077 super
1100 1993 1273 2077 premissis
1307 1994 1506 2062 omnibuset

225 2108 363 2191 singulis
400 2109 434 2174 in
473 2107 729 2191 suprascriptum
764 2106 978 2172 reuerendum
1010 2107 1044 2172 in
1078 2105 1207 2173 Christo
1241 2110 1372 2189 patrem
1406 2112 1439 2173 et
1464 2107 1508 2171 dc

223 2222 356 2304 minum,
393 2221 558 2287 (lominum
590 2219 780 2301 iohannem,
815 2219 1061 2286 Olomucensem
1098 2218 1297 2302 episcopum,
1335 2218 1507 2304 compromi-

225 2336 309 2401 sisse
344 2339 377 2400 et
408 2331 473 2400 fide
500 2338 612 2400 nostra
642 2333 712 2400 vice
741 2338 775 2399 et
803 2333 932 2399 nomine
961 2332 1133 2399 iuramenti
1163 2330 1226 2398 sibi
1258 2332 1339 2399 data
1371 2329 1507 2413 solempni

226 2447 440 2530 stipulacione
469 2446 659 2528 promisisse
692 2445 992 2528 pronunciacioncm
1027 2449 1060 2511 et
1092 2442 1328 2512 diffinicionem
1359 2443 1507 2531 ipsinsin

226 2560 290 2626 hiis
312 2565 498 2625 reuerenter
527 2559 674 2641 accipere
704 2564 737 2624 et
763 2557 974 2625 effectualiter
1007 2557 1195 2636 obseruar03
1232 2558 1313 2624 hinc
1347 2563 1409 2640 est,
1438 2554 1507 2641 qnod

229 2673 336 2739 omnio
369 2677 401 2737 et
431 2672 559 2755 singula
581 2671 767 2753 supradicta
797 2689 855 2753 per
876 2670 1013 2736 eundem
1042 2669 1205 2736 dominum
1236 2671 1430 2755 episcopum
1448 2670 1508 2737 Olo

227 2804 412 2853 mucensem
443 2784 681 2868 pronuncciata,
712 2780 851 2849 diffinita
880 2787 913 2848 et
942 2780 1098 2849 arbitrata
1128 2800 1187 2848 uos
1217 2786 1253 2848 et
1283 2789 1432 2850 nostrum
1457 2782 1508 2849 sir

229 2900 296 2983 guli
319 2897 455 2982 quilibet
484 2917 542 2979 pro
565 2916 601 2963 se
624 2902 656 2963 st
679 2915 738 2962 sua
763 2900 855 2979 perte
880 2900 971 2978 grate
996 2895 1190 2978 suscipimus
1217 2900 1360 2979 reteque
1381 2902 1416 2963 et
1434 2898 1510 2979 grav

229 3013 383 3079 habemus
414 3017 446 3077 et
475 3012 692 3094 emologamus
722 3029 759 3076 ac
789 3010 829 3076 de
861 3014 949 3075 certa
979 3008 1120 3075 sciencia
1148 3012 1181 3074 et
1209 3007 1297 3076 bona
1318 3008 1387 3077 lide
1407 3011 1439 3077 in
1458 3008 1508 3073 rir-

228 3132 299 3193 tute
328 3126 479 3209 promissi
507 3126 620 3208 nostri,
647 3125 771 3206 dequo
798 3141 895 3205 supra
925 3120 962 3187 fit
990 3121 1124 3203 mencio,
1154 3122 1282 3188 sincere
1306 3123 1507 3206 promittimus

230 3259 427 3325 usquequam
459 3244 570 3306 tenere
603 3244 636 3304 et
668 3236 801 3303 firmiter
833 3235 1018 3319 adimplere.
1051 3235 1089 3300 In
1121 3234 1218 3301 huius
1252 3236 1304 3302 rei
1342 3255 1382 3305 ac
1416 3238 1507 3302 nostre

232 3360 408 3438 spontanee
441 3351 690 3435 emologacionis
723 3349 943 3417 testimoninm
973 3352 1083 3415 nostra
1112 3347 1214 3413 eciam
1237 3347 1351 3432 sigilla
1372 3368 1434 3417 rna
1451 3362 1507 3414 onu

232 3467 340 3550 sigillo
373 3467 585 3549 suprascripti
613 3464 734 3531 domini
769 3460 993 3530 Olomucensis
1015 3460 1158 3544 episcopi
1181 3459 1223 3526 ad
1245 3461 1319 3529 eius
1341 3462 1506 3530 mundaum

234 3579 437 3664 presentibus
461 3583 537 3645 sunt
558 3596 710 3660 appensa.
734 3578 853 3642 Datum
876 3593 969 3656 anno,
992 3574 1046 3640 die
1067 3578 1101 3639 et
1120 3575 1192 3641 loco
1214 3574 1383 3657 predictis.

338 3732 410 3804 Orig.
435 3749 509 3805 perg.
528 3733 692 3786 vkntlectm
711 3712 958 3786 irsrcenbcrskem
982 3727 1093 3784 archiru
1110 3726 1246 3783 naOrllce
1265 3728 1305 3783 Νο
1322 3733 1366 3785 or.
1383 3760 1417 3770 -
1430 3719 1503 3781 raet

234 3830 363 3898 schuzejl.

799 3985 864 4068 Cis.
887 4001 960 4068 410.

582 4139 682 4222 1364,
706 4141 749 4209 21
773 4137 926 4207 lrvlttna.
949 4138 982 4207 V
996 4136 1183 4207 zhoielcl.

237 4279 331 4349 Cissi
345 4281 445 4347 Κανά
459 4282 482 4345 Ι
485 4279 514 4345 V
522 4279 669 4364 pooolujc
690 4275 843 4359 rychtcir'i,
859 4276 1041 4361 pc'tscbopm
1056 4296 1078 4340 a
1091 4276 1272 4342 monim
1285 4280 1390 4345 mesu
1403 4272 1510 4345 lirare

236 4395 302 4461 aad
325 4393 451 4470 Lobana,
475 4392 536 4475 obp
557 4390 694 4475 cybirali
708 4390 758 4456 clo
779 4386 947 4454 skaldc'lso
961 4385 1084 4453 teriolo
1098 4406 1175 4454 ooou
1188 4388 1253 4456 doc
1268 4391 1384 4473 petae
1404 4412 1426 4457 o
1443 4406 1511 4455 roo

237 4504 310 4572 cllo
324 4508 431 4591 penio,
452 4503 569 4572 notar
584 4503 681 4591 jesoc
702 4501 741 4567 do
762 4503 863 4567 orista
892 4499 949 4565 oet
970 4501 1112 4575 omlsto,
1134 4520 1156 4566 a
1177 4499 1239 4583 aly
1260 4520 1279 4567 s
1293 4501 1440 4571 omae
1456 4498 1515 4569 uto

670 4614 723 4681 edi
743 4613 876 4681 mestslcc'
896 4611 1087 4696 oproooools'.
