3098 5392
649 428 724 480 uso.
1279 429 1344 497 445

55 640 110 710 jara
128 641 253 699 dornach
270 645 299 699 in
318 644 446 701 demrier
458 648 512 702 vnd
531 649 717 720 sechczigsten
732 651 801 720 jare,
822 669 858 706 an
876 650 924 707 der
942 653 1076 708 nehesten
1094 653 1255 709 mitwochen
1273 653 1345 708 noch
1363 669 1364 672 ’

57 740 120 793 aller
138 740 258 811 heiligen
276 747 348 811 tage,
367 758 450 797 unser
466 743 558 799 reiche
576 745 630 800 den
648 746 827 802 nunczenden
838 747 893 802 rnd
908 747 958 803 dss
977 734 1142 804 ksisertums
1160 749 1188 804 in
1207 748 1267 805 dom
1285 765 1343 803 cae·

57 835 171 889 bendem
186 837 257 904 jare.
275 837 327 892 Per
345 837 483 893 dominum
502 838 537 895 de
554 840 668 894 Koldicz
685 841 820 897 Rudolfus
839 843 873 895 de
888 840 1061 912 Frideberg.“
1083 843 1166 913 (Orig.
1185 860 1260 913 perg.
1272 859 1288 895 v
1302 859 1343 897 ar·

57 932 132 986 chira
150 949 186 987 na
205 933 309 992 Ohebu
326 966 361 978 -
377 935 498 1002 Reichsl,
515 937 620 1007 Egerer
637 937 778 994 Jahrbuch
796 944 863 994 1873
882 945 929 995 str.
950 943 1020 1008 100.)

615 1220 679 1304 do.
703 1238 776 1304 303.

408 1409 504 1490 1350,
527 1410 571 1477 18
593 1410 788 1479 dervense.
815 1409 992 1480 VPrane.

57 1582 134 1647 mol
164 1584 265 1648 Karel
294 1584 348 1648 IV
372 1585 514 1668 naimujc
543 1585 736 1666 obpoacezdm
765 1588 844 1650 mdst
869 1563 1041 1650 vffccbdcb
1074 1606 1096 1650 a
1128 1606 1172 1650 na
1206 1587 1344 1661 Mordac‘,

53 1694 142 1775 jabai
164 1696 179 1759 ὁ
199 1697 265 1761 r's'dc
286 1679 425 1771 dimoto,
452 1697 513 1779 abp
533 1697 745 1763 ncdovolovali
766 1700 944 1763 mettandm
966 1719 986 1763 a
1007 1696 1344 1779 supramemoravi»

58 1827 76 1870 o
87 1807 201 1892 jiny'cb
222 1813 301 1874 most
314 1808 403 1875 brdtc
424 1809 574 1877 Polske'bo
589 1811 765 1893 prodciooti
777 1811 864 1877 sbodt
882 1810 1014 1894 opecoe'
1036 1833 1071 1876 ec
1085 1810 1178 1896 sooch
1200 1810 1342 1887 mdstccb,

56 1921 214 2001 ponebaris
234 1921 414 1988 vKrakood
437 1924 503 1988 ans
529 1944 562 1989 sc
584 1921 747 2006 prekqtcy
768 1922 901 2007 bapcdm
921 1903 1032 1989 odeat
1054 1945 1076 1989 a
1097 1925 1240 2006 Moraoy,
1262 1923 1345 1991 ktcr't
1368 1934 1374 1946 ‘

340 2035 435 2118 cbtdjs'
454 2035 568 2102 obcbod
590 2036 629 2101 do
651 2035 764 2102 Busta
786 2058 807 2101 a
830 2034 957 2102 Praesto
977 2036 1064 2102 oc'str'.

157 2209 297 2275 Karolus
320 2210 373 2276 dei
395 2211 504 2293 gracia
526 2212 739 2278 Romanorum
762 2231 818 2277 rex
834 2230 961 2294 semper
979 2216 1136 2296 augustus
1159 2216 1192 2278 et
1212 2212 1345 2278 Boemie

58 2340 116 2388 rer.
164 2322 331 2388 Fidelibus
364 2325 432 2389 suis
466 2324 593 2391 dilectis
624 2325 802 2406 ciuitatum,
836 2326 1018 2408 Pragensis,
1052 2326 1341 2405 Wratislauiensis,

60 2434 262 2516 Chutnensis,
287 2435 519 2518 Olomucensis,
542 2437 752 2519 Brunnensis,
786 2439 982 2519 Glaczeusis,
1015 2439 1107 2504 Nouo
1137 2438 1281 2504 ciuitatis
1311 2440 1344 2504 in

59 2548 204 2614 Morauia
225 2548 405 2615 aliorumue
425 2550 568 2616 locorum
591 2555 624 2616 et
645 2551 813 2633 opidorum
835 2570 893 2633 per
912 2551 1078 2617 Boemiam
1100 2556 1133 2616 et
1155 2551 1345 2633 Morauism,

56 2661 227 2743 judicibus,
259 2662 454 2744 consulibus,
489 2663 639 2745 scabinis,
665 2665 793 2747 juratis,
823 2665 1075 2748 magistratibus,
1104 2664 1283 2730 rectoribus
1313 2670 1348 2730 et

59 2777 181 2842 ciuibus
215 2776 397 2857 ceterisque
426 2776 573 2842 omnibus
602 2780 636 2842 et
664 2777 801 2861 singulis
832 2779 866 2843 in
895 2777 1038 2843 Romano
1064 2777 1199 2859 imperio
1231 2794 1288 2842 seu
1311 2777 1345 2841 in

59 2891 127 2955 aliis
152 2889 397 2972 quibuscunque
419 2889 654 2972 priucipatibus
688 2891 913 2972 residentibus,
943 2890 1035 2956 nobis
1059 2897 1091 2955 et
1113 2891 1248 2971 imperio
1272 2889 1346 2955 sub-

61 3005 159 3083 iectis,
184 3003 225 3067 ad
249 3021 329 3083 quos
350 3007 517 3085 presentes
532 3005 746 3085 peruenerint,
770 3004 911 3085 graciam
925 3004 1048 3085 regiam
1064 3009 1096 3068 et
1112 3021 1203 3068 omne
1216 3002 1344 3068 bonum.

62 3117 198 3181 Grauem
220 3113 363 3179 fidelium
385 3118 597 3180 mercatorum
624 3121 805 3181 nostrorum
827 3115 868 3180 de
888 3117 1022 3181 Boemia
1045 3121 1077 3180 et
1099 3116 1246 3181 Morauia
1269 3134 1345 3197 que-

59 3232 154 3295 relam
176 3228 367 3309 recepimus,
391 3228 616 3307 continentem,
640 3228 724 3310 quod
747 3229 836 3293 ciues
858 3232 891 3292 et
910 3234 1103 3293 mercatores
1126 3228 1166 3293 de
1189 3227 1346 3293 Cracouia

61 3348 166 3409 contra
190 3339 400 3421 approbatam
426 3345 459 3405 et
480 3341 659 3422 antiquitus
690 3359 815 3423 semper
845 3340 1047 3406 obseruatam
1078 3340 1346 3408 consuetudinem

59 3463 250 3535 atempore,
274 3453 365 3517 cuius
388 3453 421 3517 in
445 3453 639 3517 contrarium
669 3454 823 3519 memoria
853 3473 916 3519 nou
946 3455 1065 3533 existit,
1095 3472 1153 3536 per
1183 3471 1283 3519 nouas
1314 3458 1347 3518 et

58 3569 209 3635 abusiuas
239 3567 383 3649 ipsarum
413 3567 661 3632 constituciones
687 3568 754 3649 jmi
785 3567 962 3631 contrarias
994 3567 1122 3633 eosdem
1152 3572 1345 3632 mercatores

58 3684 224 3764 hucusque
246 3684 356 3746 contra
378 3679 473 3744 deum
496 3683 528 3744 at
550 3680 711 3745 iusticiam
742 3680 971 3762 impediuerint
1000 3686 1032 3744 et
1061 3681 1217 3746 violenter
1246 3681 1346 3761 impe-

58 3797 158 3877 diunt,
182 3812 224 3859 ne
246 3794 309 3875 ipsi
333 3812 405 3859 cum
427 3811 537 3858 eorum
558 3792 654 3857 rebus
677 3798 709 3857 et
730 3793 983 3859 mercaciouibus
1007 3812 1121 3859 uersus
1139 3793 1292 3859 Russiam
1313 3797 1346 3859 et

56 3910 223 3975 Pmssiam
244 3906 417 3989 procedere
438 3909 634 3986 presumant,
657 3906 769 3986 eisque
792 3910 909 3970 stratas
930 3907 1046 3970 etuias
1069 3905 1252 3971 huiusmodi
1274 3922 1346 3986 pre-

54 4024 190 4090 cludunt
218 4021 253 4085 in
284 4019 456 4084 eorundem
485 4023 697 4083 mercatorum
729 4023 911 4084 nostrorum
939 4017 1187 4100 irrecuperabile
1216 4017 1346 4099 dispen-

54 4138 145 4202 dium
167 4153 205 4200 ac
227 4134 347 4199 iurium
376 4139 557 4197 nostrorum
580 4134 613 4195 et
634 4131 761 4212 imperii
792 4130 1034 4212 derogationem
1062 4129 1276 4211 manifestam,
1306 4149 1346 4196 ex

53 4270 102 4330 eo,
127 4247 213 4331 quod
235 4263 344 4313 omnes
368 4249 468 4309 strate
490 4249 522 4308 et
544 4244 604 4324 vie,
627 4244 661 4307 in
685 4243 926 4325 quibuscunque
947 4243 1057 4324 reguis
1080 4248 1112 4307 et
1134 4242 1285 4308 dominiis
1310 4244 1345 4309 iu

54 4370 145 4430 terra
168 4367 201 4426 et
222 4361 325 4443 aquis,
348 4359 389 4424 ad
411 4378 470 4425 nos
494 4364 526 4424 et
547 4360 724 4425 Romanum
747 4359 917 4440 imperium
939 4358 979 4424 de
1004 4359 1078 4441 jure
1107 4359 1268 4439 pertinere
1297 4359 1346 4425 di·

52 4482 243 4555 noscuntur,
267 4474 307 4539 de
329 4493 392 4555 quo
418 4473 571 4539 miramur
602 4472 813 4552 vehementer,
844 4472 1014 4555 presertim
1044 4491 1117 4536 cum
1146 4473 1290 4539 homiues
1313 4480 1346 4539 et

51 4595 250 4657 mercatores
274 4587 314 4652 de
338 4585 495 4652 Cracouia
518 4592 550 4652 et
571 4587 644 4650 aliis
668 4585 763 4650 terris
786 4586 873 4668 regis
896 4585 1029 4651 Polonie
1050 4585 1084 4650 iu
1103 4586 1249 4654 omuibus
1265 4587 1344 4654 ciui·
