3098 5392
671 452 746 503 rara
1287 450 1348 515 717

156 659 211 715 Dle
233 659 383 716 formuidid
402 643 558 730 Zuteckych
576 656 758 729 Schlesiuger,
781 655 1007 713 Urkundenbuch
1031 655 1080 712 der
1105 655 1272 713 Sedetani.
1293 660 1350 713 122.

107 755 183 812 Rnk.
201 758 246 811 ma
265 756 285 826 ¹)
302 756 421 829 aliquam
439 786 472 798 -
492 756 512 825 ²)
531 755 567 812 de
583 754 701 812 Pozvan.
720 787 754 797 —
772 756 847 812 Sror.
866 756 910 811 tei
929 752 952 810 d.
971 757 1022 808 429
1040 755 1097 810 teto
1116 752 1224 826 Sbirky.
1358 783 1360 786 <

595 1002 614 1041 *
638 987 702 1070 dis.
725 1003 799 1071 552.

428 1141 529 1224 1378,
552 1141 595 1211 25
617 1142 769 1212 dervna.
795 1142 829 1213 V
843 1142 973 1213 Praze.

107 1290 147 1352 αν·
172 1285 272 1350 Karel
293 1286 315 1350 I
318 1285 348 1348 V
363 1283 448 1350 daed
480 1284 657 1350 mitiacum
686 1304 708 1348 a
736 1283 930 1366 obyootcldm
962 1285 1063 1348 mista
1092 1280 1230 1349 metuo
1263 1281 1349 1358 dim,

107 1402 137 1487 p
155 1418 203 1481 po
224 1397 318 1463 amrti
338 1395 515 1465 Sideslcddo
536 1399 682 1464 mitione
703 1394 830 1463 Lukdic
845 1396 981 1480 privem
995 1395 1196 1480 odcimrtny'm
1209 1415 1256 1460 eo
1268 1393 1348 1461 etio

318 1511 464 1593 pr'a‘padi,
485 1509 548 1594 acy
568 1509 678 1577 secde
699 1510 827 1576 radne'ci
847 1510 920 1576 codd
937 1509 1077 1576 ratidai.

157 1652 299 1719 Karolus
334 1657 468 1735 quartus
499 1651 611 1717 diuina
639 1651 770 1718 fauente
801 1652 974 1718 clemencia
1003 1652 1220 1717 Romanorum
1249 1650 1349 1734 impe-

107 1788 139 1836 >r
164 1785 293 1849 semper
314 1769 472 1849 angustus
494 1770 528 1831 et
548 1765 681 1831 Boemie
702 1784 767 1831 rex.
789 1764 911 1832 Notum
933 1764 1069 1832 iacimus
1091 1769 1203 1831 tenore
1218 1782 1348 1847 presen-

107 1903 141 1949 m
167 1879 338 1961 vniuersis‚
368 1878 452 1963 quod
480 1898 544 1946 non
567 1878 747 1962 improuide
769 1897 873 1962 neque
901 1897 959 1963 per
981 1896 1131 1960 errorem,
1162 1878 1219 1944 sed
1241 1878 1349 1972 animo

107 1997 240 2079 beram,
262 1993 437 2059 anteritate
458 1992 694 2076 regiaBoemie
716 1996 749 2058 et
770 1993 810 2057 de
833 1997 921 2058 certa
935 1996 1046 2059 nostra
1061 1990 1205 2058 sciencia
1221 1990 1347 2057 ciuibus

107 2107 224 2177 incolis
247 2105 390 2172 ciuitatis
412 2109 522 2171 nostre
544 2104 719 2187 Slanensis,
749 2103 898 2172 fidelibus
921 2104 1059 2187 dilectis,
1089 2103 1293 2187 presentibus
1316 2109 1350 2170 et

107 2223 185 2301 nris,
209 2220 241 2285 in
264 2223 455 2302 perpetuum
477 2216 681 2300 conferimus,
708 2217 873 2301 donamus,
903 2218 1110 2300 adiungimus
1140 2222 1173 2283 et
1194 2216 1350 2300 largimur

107 2353 189 2401 num
212 2333 245 2397 in
268 2332 403 2397 ciuitate
424 2331 573 2397 Stanensi
597 2332 702 2412 sitam,
724 2350 787 2414 que
808 2331 871 2398 tuit
892 2333 1052 2415 quondam
1067 2331 1155 2397 Luce
1177 2330 1260 2397 ciuis
1282 2330 1350 2397 Sla-

107 2448 178 2527 sis,
201 2445 242 2510 ad
265 2463 324 2511 nos
347 2450 499 2527 tanquam
520 2463 630 2527 regem
652 2443 785 2510 Boemie
807 2464 879 2511 eum
903 2464 962 2511 sua
984 2463 1060 2511 area
1084 2445 1278 2525 deuolutam
1302 2443 1350 2510 sic

107 2561 214 2641 elidet,
238 2557 324 2642 quod
347 2577 405 2640 pro
427 2577 488 2623 vsu
510 2558 654 2624 ciuitatis
677 2558 822 2641 predicte
842 2559 882 2624 de
896 2558 1084 2625 huiusmodi
1107 2558 1201 2624 domo
1225 2557 1349 2623 eteius

107 2695 129 2741 s
152 2673 332 2757 pretorium
355 2691 412 2738 seu
435 2673 564 2739 domum
582 2673 777 2755 judicariam
799 2690 923 2739 necnon
945 2673 1012 2739 alia
1033 2670 1197 2739 commoda
1213 2670 1349 2737 circum·

107 2803 185 2870 oque
207 2785 240 2851 in
264 2784 375 2850 eadem
398 2803 473 2850 area
495 2784 596 2850 libere
622 2789 809 2852 construere
828 2787 966 2866 valeant,
989 2792 1022 2851 et
1043 2786 1146 2851 eciam
1168 2785 1349 2851 instaurare

128 2897 224 2965 libito
248 2897 434 2980 voluntatis,
457 2899 645 2964 mandantes
670 2899 832 2965 uniuersis
848 2899 1031 2982 etsingulia
1055 2899 1251 2979 camerariis,
1274 2897 1348 2964 sub·

107 3011 239 3079 roteriis
262 3030 300 3076 ac
321 3010 396 3075 aliis
428 3009 619 3078 officialibus
651 3013 771 3079 nostris
795 3019 828 3078 et
849 3013 940 3096 regni
970 3013 1072 3078 nostri
1100 3011 1242 3092 Boemie,
1271 3011 1348 3077 fide-

107 3145 135 3191 rs
161 3124 301 3205 dilectis,
324 3123 458 3189 firmiter
474 3124 658 3206 inhibendo,
681 3144 723 3190 ne
745 3126 834 3192 ciues
857 3131 889 3191 et
912 3127 1033 3192 incolas
1049 3125 1220 3191 Slaoenses
1237 3143 1349 3206 supra-

107 3259 155 3306 :os
181 3238 214 3304 in
238 3244 399 3304 structura
422 3238 555 3320 pretorii
579 3258 616 3304 ac
639 3240 776 3305 aliorum
799 3237 999 3305 edificiorum
1024 3239 1209 3305 huiusmodi
1231 3237 1346 3322 quouis

107 3354 148 3419 do
173 3352 315 3419 audeant
336 3351 493 3434 impedire
515 3358 572 3418 aut
593 3352 688 3418 aliter
709 3352 908 3434 pertmbare‚
938 3357 1034 3434 prout
1062 3357 1204 3417 nostram
1226 3353 1349 3435 regiam

107 3467 312 3549 ignacionem
334 3466 560 3548 grauissimam
583 3467 744 3532 voluerint
766 3467 899 3532 euitare.
935 3467 1141 3533 Presenoium
1164 3466 1224 3532 sub
1247 3467 1348 3549 impe·

111 3581 141 3645 is
166 3578 347 3644 maiestatis
378 3583 488 3645 nostre
518 3579 625 3661 sigillo
655 3580 840 3646 testimonio
871 3581 1046 3646 literarum.
1093 3581 1211 3645 Datum
1242 3580 1346 3663 Prage

107 3714 135 3759 ro
159 3692 281 3757 domini
305 3692 476 3758 millesimo
498 3692 725 3757 trecentesimo
749 3693 986 3775 septuagesimo
1010 3697 1134 3773 octauo,
1166 3693 1348 3759 indiccione

107 3826 166 3887 ma,
191 3806 328 3887 septimo
351 3804 505 3870 kalendas
528 3804 620 3885 iulii,
655 3824 826 3887 regnorum
849 3813 1029 3873 nostrorum
1052 3808 1267 3873 Romanorum
1290 3808 1348 3871 tri-

107 3922 171 3986 imo
195 3920 347 4000 seeundo,
370 3919 498 4001 imperii
523 3937 598 3984 uero
622 3919 776 3985 vicesimo
799 3926 921 4003 quarto.

151 4054 226 4126 Kop.
244 4072 259 4108 v
278 4056 392 4127 picpisu
410 4056 546 4127 privilegii
563 4073 578 4108 z
598 4073 619 4110 r.
640 4062 707 4110 1654
725 4057 747 4111 d.
768 4064 783 4112 9
802 4075 818 4110 v
837 4057 948 4113 arohivu
968 4074 1001 4113 m.
1021 4057 1149 4112 Slaudho.

600 4304 617 4341 *
642 4286 706 4370 Cis.
729 4304 802 4369 553.

425 4441 522 4521 1378,
544 4441 566 4508 9
589 4441 783 4510 dervenoe.
807 4440 984 4511 VPrane.

107 4588 143 4648 nr'
182 4582 283 4648 Karel
304 4581 363 4658 IV,
400 4580 497 4665 carpe
527 4583 651 4663 pomoci
687 4586 787 4647 rrre'stu
823 4583 985 4660 Siarrcmu,
1014 4587 1067 4667 jei
1103 4584 1212 4649 ohrrdm
1249 4581 1349 4650 s'kodu

107 4695 153 4772 io,
188 4694 349 4779 pr'ipojcje
379 4696 556 4778 pr'edmdsti
590 4718 611 4760 o
647 4695 755 4761 obecna'
784 4697 939 4781 postviny
982 4698 1084 4766 oebali
1119 4698 1188 4765 obce
1228 4694 1249 4762 lc
1284 4700 1346 4762 md·
