3098 5392
227 429 295 495 483
828 424 903 475 taos.

231 637 366 716 antiquo
390 634 518 699 solitam
540 635 573 697 et
595 637 789 711 consuetam,
812 635 845 695 et.
859 649 921 695 non
940 629 1020 695 alibi
1043 631 1078 696 in
1103 629 1279 699 (ladanum
1302 633 1376 701 duci
1390 635 1503 700 volunus

233 752 267 813 et
289 747 445 811 iubemus.
493 744 684 809 blandantes
712 745 872 810 uniuersis
894 748 926 808 et
952 744 1105 826 singulis,
1121 797 1155 809 ..
1179 745 1380 829 burgrauiis,
1396 797 1425 813 ..
1445 747 1504 829 capi·

231 861 339 926 taneis
363 866 396 924 et
418 859 603 941 specialiter
625 857 817 938 prouinciali
850 856 953 938 judici
977 855 1176 939 Cadanensi,
1200 861 1259 941 qui
1292 880 1378 928 nunc
1400 868 1446 927 est
1467 879 1504 925 seu

233 975 290 1057 qui
314 992 372 1054 pro
402 980 545 1053 tempore
575 969 683 1050 fuerit,
718 989 755 1035 ac
786 970 901 1034 ceteris
934 970 1056 1034 nostris
1091 969 1293 1039 officialibus
1327 981 1361 1040 et
1390 973 1503 1040 fidelibus

232 1086 487 1170 quibuscunque,
527 1089 684 1165 quatenus
719 1082 822 1147 dictos
855 1081 1051 1147 transientes
1089 1090 1294 1153 mercatores
1329 1093 1362 1152 et
1391 1087 1502 1153 homines

236 1205 347 1266 contra
370 1197 554 1264 huiusmodi
579 1201 688 1261 nostre
716 1195 896 1260 maiestatis
926 1194 1196 1282 declaracionem,
1228 1199 1391 1268 indultum
1411 1206 1440 1267 et
1456 1217 1502 1282 gra·

235 1316 318 1380 ciam
339 1314 374 1377 in
398 1331 507 1377 eorum
535 1328 673 1391 persona
695 1315 728 1374 et
749 1308 844 1374 rebus
866 1327 929 1374 uon
959 1309 1143 1392 impediant
1172 1331 1233 1379 seu
1264 1316 1440 1395 molestent,
1464 1331 1501 1378 nec

236 1424 388 1509 impediri
425 1442 481 1487 seu
514 1420 679 1488 molestari
712 1421 908 1502 permit-tant,
943 1421 1001 1486 sed
1030 1441 1087 1488 eos
1117 1427 1235 1506 pocius
1265 1435 1378 1496 nostra
1407 1425 1500 1493 sudultr

236 1556 331 1620 prece
355 1539 387 1600 iu
411 1535 532 1601 eisdem
555 1538 724 1617 protegant
746 1552 784 1599 ac
807 1532 990 1614 defendant,
1014 1535 1100 1601 sicut
1120 1536 1386 1621 indignacionem
1406 1540 1498 1607 celsitu·

235 1651 321 1715 dinis
344 1649 443 1730 regie,
473 1665 568 1731 quarn
591 1665 626 1711 se
648 1647 915 1712 contrafacientes
944 1645 1124 1714 incurrisse
1147 1668 1184 1716 se
1215 1662 1436 1737 congnoscant,
1455 1651 1497 1715 ul·

235 1765 344 1829 ueriut
367 1762 516 1827 striccius
539 1762 671 1826 euitare.
696 1762 815 1825 Datum
838 1760 941 1842 Prage
960 1779 1044 1827 anno
1067 1762 1192 1831 domini
1216 1767 1389 1833 millesimo
1408 1774 1494 1831 trecen·

237 1877 353 1943 tesimo
386 1875 652 1957 quinquagesimo
682 1874 832 1953 secundo,
866 1873 1047 1939 indiccione
1078 1877 1205 1958 quinta,
1240 1881 1349 1962 pridie
1380 1877 1491 1947 kalcnlas

235 1989 439 2068 Nouembris
462 2007 632 2069 regnorum
655 1993 836 2053 nostrorum
858 2005 942 2051 antro
966 1988 1113 2069 septimo.

689 2142 753 2227 [Na
775 2140 890 2225 obbu:]
913 2143 964 2208 Ad
985 2145 1183 2212 relacionem
1208 2149 1332 2217 domini
1354 2149 1463 2217 loannis

921 2257 1017 2323 electi
1039 2257 1312 2345 Neunburgensis
1334 2261 1456 2330 Michael.

341 2412 412 2480 Orig.
431 2427 507 2480 perg.
527 2428 541 2462 v
561 2412 671 2465 archivo
696 2428 729 2463 m.
749 2410 846 2464 Lnlrte.
882 2408 900 2462 S
918 2412 1117 2480 porouolrauou
1135 2414 1230 2484 pedeti
1248 2417 1417 2473 lrralovslrou
1442 2411 1486 2477 lop-

236 2507 307 2562 zvdb.
327 2507 466 2562 archivaie
485 2506 623 2560 Jaromtra
640 2506 751 2560 Erbena
769 2522 784 2556 v
803 2504 977 2574 diplomataii
996 2508 1151 2576 mnsejnlm

802 2772 867 2855 bn.
891 2789 964 2854 aas.

597 2943 961 3030 1352‚21istopauu.
987 2944 1021 3013 V
1044 2944 1175 3015 Pnaze.

237 3121 320 3186 Krtil
341 3121 440 3185 Κανά
450 3121 472 3183 Ι
475 3118 507 3194 V,
522 3121 605 3201 rnojc
619 3141 638 3183 v
654 3119 788 3201 pometa,
803 3119 837 3185 de
855 3121 978 3184 areston
994 3118 1138 3205 Hadriati
1154 3120 1301 3190 Mt'halo'd
1316 3115 1492 3208 mauolt

237 3255 296 3318 spa
318 3232 484 3300 conectam
506 3235 652 3298 mediana
674 3232 761 3298 rebat
775 3233 897 3316 jmcbra,
930 3234 1115 3299 enaricati
1126 3233 1202 3317 jobo
1216 3236 1348 3320 jokobto
1368 3224 1495 3304 corbati

240 3345 456 3422 Moravsle'to,
490 3346 537 3411 re‘t
568 3351 633 3412 otcc
654 3345 727 3430 jabo
758 3345 846 3412 broile
873 3343 964 3411 Jana
998 3369 1019 3411 o
1041 3346 1153 3413 saorra
1175 3348 1279 3428 Jaao,
1302 3343 1496 3435 colunnella

238 3458 487 3534 lr’orutouslce'bo,
509 3459 640 3524 conserat
663 3481 696 3525 sc
717 3460 782 3525 obci
802 3462 904 3525 aresta
925 3460 1078 3525 Kota'a‘md
1096 3459 1117 3523 k
1132 3461 1266 3542 placent
1286 3465 1410 3532 rotatio
1428 3458 1498 3528 trab

238 3576 314 3642 desti
347 3574 456 3639 br'c'scn
490 3595 506 3638 s
535 3572 723 3639 cerdaniam
753 3594 770 3639 r
798 3575 917 3640 resume
946 3574 1052 3640 Dobrd
1068 3575 1150 3658 pole,
1172 3574 1284 3643 herou
1304 3581 1407 3665 sarjmi
1420 3568 1501 3661 pcata

238 3687 394 3770 cakowd,
429 3687 490 3769 obp
522 3707 577 3751 brac
609 3687 778 3753 oscobodili
809 3688 926 3753 dodiau
950 3686 1025 3770 J'cbo
1054 3710 1073 3753 v
1103 3689 1251 3757 moret
1280 3694 1375 3777 (quia
1396 3695 1502 3760 dilectus

239 3803 331 3868 nobis
354 3802 515 3884 Nycolaus
539 3802 734 3882 Rolrczaner,
758 3803 841 3868 ciuis
864 3803 1046 3885 Pragensis,
1075 3804 1210 3871 condam
1223 3805 1371 3892 Nycolay
1392 3807 1505 3874 ltolca·

239 3917 320 3982 nerii
347 3915 444 3996 filius,
468 3915 558 3980 iuxta
587 3920 738 3995 nostram,
768 3915 844 3981 dum
875 3934 1019 3982 essemus
1042 3917 1076 3981 in
1098 3916 1278 3986 minoribus
1301 3918 1507 3997 constituti&

240 4029 486 4095 clarememorie
498 4028 672 4093 illustrium
681 4028 849 4109 lobannis,
862 4029 997 4096 condam
1007 4029 1141 4096 Boomie
1150 4030 1250 4114 regie,
1262 4034 1420 4115 genitoris
1429 4026 1510 4098 nostri
1545 4096 1547 4111 ,

239 4143 359 4223 dilecti,
389 4161 512 4208 necnon
541 4140 700 4206 lobannis
731 4141 841 4208 fratris
872 4144 984 4224 nostri,
1013 4149 1091 4211 tunc
1120 4143 1213 4211 ducis
1244 4146 1428 4227 Karintbie‚
1446 4158 1512 4211 nuuc

239 4275 313 4321 vero
334 4256 481 4321 lloreuie
499 4255 703 4336 marchionis,
728 4256 938 4323 deliberatam
958 4257 1198 4325 ordinacionem
1218 4262 1515 4342 etmendatumspe

239 4370 320 4433 ciale
333 4369 460 4435 dilectis
473 4368 563 4434 nobis
577 4421 583 4433 .
598 4420 604 4433 .
614 4369 728 4450 judici,
746 4421 752 4433 .
767 4422 774 4434 .
788 4370 908 4452 juratis
920 4376 953 4438 et
966 4372 1170 4439 vniuorsitati
1182 4374 1307 4441 ciuium
1318 4376 1355 4441 in
1367 4377 1476 4444 Gurim
1488 4370 1520 4438 ad

240 4481 453 4548 libertandum
476 4483 685 4547 hereditatem
706 4502 805 4563 suam,
829 4484 983 4551 bonorum
1006 4506 1137 4553 suorum
1159 4487 1193 4552 in
1215 4487 1385 4570 Poschicz,
1408 4507 1524 4557 censum

239 4612 380 4661 annuum
410 4615 466 4663 sex
495 4616 673 4663 marcarum
705 4617 776 4665 cum
807 4619 867 4666 ruo
898 4600 1030 4683 fertone,
1059 4601 1227 4685 sexaginta
1250 4610 1394 4687 quatuor
1417 4605 1526 4692 mosas
