3098 5392
717 471 791 522 1852.

664 711 729 795 dn.
761 729 834 795 aaa.

498 880 596 962 1352,
620 881 661 949 31
684 881 798 968 ilina.
819 883 853 952 V
876 883 1005 952 Praze.

127 1050 189 1119 na
208 1057 306 1121 nara
321 1055 379 1131 rr,
395 1057 486 1138 pajo
508 1057 547 1132 a,
569 1056 631 1138 aoy
652 1055 745 1140 aaa
761 1056 896 1140 panope
909 1057 1023 1122 onemo
1038 1057 1077 1122 oo
1102 1035 1179 1122 ceco
1192 1056 1272 1122 vaso
1285 1055 1392 1132 morra,

125 1168 296 1252 cocomayc,
326 1169 359 1234 ce
380 1168 526 1236 kler'c'koli
554 1170 680 1236 domm
699 1172 712 1235 i
734 1171 794 1237 ciat
813 1170 908 1255 lopo
928 1191 946 1237 a
966 1175 1045 1238 most
1068 1170 1164 1236 Loco
1193 1191 1215 1234 a
1236 1168 1395 1237 Slaokooa

126 1280 298 1346 occursio
320 1281 417 1347 tocbto
438 1286 517 1348 mist
538 1282 625 1349 aboa'c‘
644 1283 684 1348 do
708 1262 785 1349 &cab
801 1303 947 1366 povcaou,
970 1285 1052 1368 osuit
1064 1306 1097 1350 sc
1112 1284 1212 1350 (tracti
1234 1281 1398 1349 krdlooslce'

126 1387 212 1460 alnae
232 1417 276 1460 na
298 1396 419 1460 chob
440 1396 575 1478 vcdoucc',
606 1394 733 1478 ltdplcoli
752 1417 845 1463 ocaou
866 1397 1005 1463 barvcnci
1026 1398 1082 1463 acb
1104 1398 1255 1481 jecnndjdt
1285 1395 1397 1472 mdccc,

125 1502 183 1571 liora
201 1507 338 1584 cladsko,
361 1508 513 1584 romoldo,
536 1509 664 1595 dafrcin,
680 1515 773 1592 pcpr',
796 1509 936 1576 barcbao
951 1532 972 1575 α
986 1511 1059 1594 jinc'
1072 1509 1228 1594 oadondjdi
1240 1510 1327 1576 abobi
1342 1509 1396 1575 loa·

121 1617 210 1702 noco,-
232 1644 253 1686 c
275 1621 370 1687 tolilco
392 1621 472 1704 lupa
492 1642 585 1688 aeaco
605 1625 682 1706 cejn,
704 1623 799 1698 oloco,
822 1624 928 1699 deloco,
951 1624 1007 1706 loj,
1030 1623 1131 1698 scidlo,
1153 1621 1265 1688 brabii
1284 1623 1394 1689 nebar-

124 1734 186 1796 neco
205 1734 308 1800 colna
331 1758 351 1800 o
373 1735 450 1801 obilc‘
480 1735 571 1800 vs'cbo
600 1734 705 1801 drabo
733 1735 845 1802 moboo
876 1735 948 1801 cclcc
962 1736 1025 1819 jeci
1045 1757 1089 1801 na
1112 1736 1254 1802 Radcs'oo
1277 1758 1299 1801 a
1322 1720 1397 1802 Zio-

515 1849 583 1926 tc'cc,
605 1850 743 1931 captatio
760 1849 904 1932 pooinnd
925 1850 984 1916 cla.

203 2023 343 2089 Karolus
366 2023 419 2089 dei
441 2025 550 2105 gracia
573 2025 789 2091 Romanorum
804 2044 861 2091 rex
877 2043 1004 2107 semper
1025 2030 1182 2108 augustus
1208 2028 1241 2091 et
1264 2025 1397 2092 Boemie

113 2140 166 2199 rex.
188 2135 310 2200 Notum
331 2135 467 2203 iacimus
489 2142 600 2203 tenore
625 2137 829 2218 presencium
851 2138 1024 2218 uniuersis,
1054 2137 1138 2219 quod
1162 2137 1248 2202 inter
1271 2143 1393 2204 ceteras

113 2253 283 2312 nonnarum
307 2249 562 2314 sollicitudinum
577 2269 670 2316 curas
687 2255 796 2316 nostre
812 2250 997 2316 serenitatis
1021 2248 1189 2317 affectibus
1212 2250 1395 2334 frequenter

113 2359 269 2444 ingeritur,
303 2362 443 2445 qualiter
476 2369 670 2430 mercatores
693 2365 805 2430 etalii
831 2364 890 2430 snb
919 2369 1029 2430 nostre
1059 2364 1237 2429 maiestatis
1268 2364 1396 2431 dicione

113 2480 219 2540 stratas
243 2480 275 2540 et
297 2476 416 2541 itinera
437 2476 619 2543 laborantes
641 2497 699 2560 pro
722 2479 866 2562 ipsorum
889 2477 1053 2544 commodo
1070 2482 1103 2542 et
1117 2477 1238 2562 absque
1260 2478 1395 2560 impedi·

113 2595 208 2653 nento
232 2588 405 2654 salubriter
426 2589 617 2672 dirigantur.
641 2589 733 2655 Licet
756 2591 855 2672 igitur
869 2590 1027 2655 transitus
1043 2596 1076 2655 et
1091 2590 1258 2656 rectiones
1281 2590 1394 2655 merci-

113 2704 278 2769 noniornm
302 2708 334 2768 et
356 2703 492 2770 aliarum
514 2723 621 2770 rerum
643 2705 684 2769 de
707 2704 894 2770 ciuitatibus
919 2703 1028 2769 Cubiti
1051 2707 1084 2769 et
1106 2702 1337 2783 Slackenwerd,
1362 2708 1396 2768 et

113 2836 209 2882 arum
231 2816 444 2897 districtibus,
475 2836 512 2882 ac
535 2836 592 2899 per
614 2836 669 2884 eos
693 2818 745 2884 uel
768 2835 833 2898 eas,
865 2836 977 2882 versus
1008 2816 1174 2883 Boemiam
1197 2818 1230 2881 in
1253 2815 1393 2881 diuersis

113 2930 159 2992 iis
183 2934 218 2993 et
239 2929 361 3009 stratis,
384 2936 451 2994 tum
475 2947 513 2995 ex
536 2931 746 3010 quorumdam
768 2930 1043 3012 persuasionibus,
1066 2936 1134 2995 tum
1149 2948 1187 2994 ex
1205 2929 1279 2995 aliis
1296 2929 1393 2994 certis

114 3041 284 3107 aciouibus
311 3047 343 3106 et
366 3042 482 3122 causis,
505 3041 672 3123 hucusque
687 3044 763 3125 poni
788 3048 819 3108 et
842 3043 993 3108 constitui
1019 3042 1285 3121 consenserimus,
1309 3059 1393 3106 nuuc

113 3174 215 3234 nmen,
248 3161 282 3219 vt
304 3155 462 3221 dictamm
485 3155 654 3221 ciuitatum
676 3175 714 3221 ac
736 3157 940 3222 districtuum
964 3156 1068 3220 incole
1090 3160 1122 3220 et
1145 3157 1288 3221 extranei
1311 3173 1393 3220 mer-

116 3274 226 3333 atores
250 3273 282 3332 et
305 3269 361 3333 alii
377 3268 581 3334 indictorum
597 3269 737 3333 transitu
752 3269 907 3335 itinerum
921 3288 958 3334 ac
973 3267 1208 3333 mercacionum
1225 3267 1393 3332 exerciciis

113 3381 193 3464 sint]
220 3381 387 3460 cerciores,
410 3386 536 3446 matura
559 3381 794 3447 deliberacione
813 3381 990 3465 prehabito,
1014 3386 1046 3445 et
1067 3398 1234 3461 procerum
1250 3397 1288 3447 ac
1302 3379 1393 3446 nobi-

113 3496 175 3560 ium
192 3501 374 3561 nostrorum
389 3493 533 3561 fidelium
549 3514 627 3561 sano
642 3496 815 3560 accedente
831 3495 975 3575 consilio,
999 3494 1227 3561 declarandum
1242 3494 1390 3559 duximus

113 3628 133 3673 c
156 3607 361 3690 presentibus
393 3608 608 3686 statuendum,
639 3608 724 3689 quod
755 3608 898 3673 vniuersi
921 3627 958 3673 ac
981 3607 1100 3688 singuli
1122 3606 1267 3671 homines
1291 3607 1392 3673 dicta-

114 3740 166 3785 um
189 3722 359 3786 ciuitatum
383 3726 415 3784 et
437 3721 676 3804 prouinciarum
699 3720 812 3799 incole,
843 3721 895 3785 uel
926 3721 1080 3799 extranei,
1109 3721 1251 3786 transire
1273 3739 1311 3786 oc
1332 3721 1392 3785 du-

114 3853 167 3899 ere
190 3835 319 3916 possint
340 3853 378 3899 ac
398 3835 542 3898 valeant:
566 3838 725 3913 stanuum,
748 3833 921 3915 plumbum,
945 3832 1074 3913 ferrum,
1099 3852 1221 3915 sepum,
1244 3834 1390 3898 aruinam

113 3954 127 4011 t
148 3966 285 4030 pannos,
317 3964 446 4028 grossos
477 3951 556 4027 puta
586 3946 709 4028 griseos
733 3952 766 4011 et
788 3947 869 4011 alias
900 3966 963 4012 non
994 3947 1152 4012 coloratos
1176 3965 1234 4012 seu
1256 3947 1389 4026 nobiles,

113 4068 125 4126 t
148 4062 372 4143 cuiuscunque
401 4061 529 4142 generis
558 4059 698 4139 bladum,
729 4078 787 4141 per
810 4064 928 4124 stratas
951 4060 1076 4124 etuias
1106 4058 1304 4124 Radanslnrt
1334 4063 1390 4123 aut

113 4177 227 4240 ueticz
251 4174 304 4238 uel
327 4174 407 4239 alias
429 4173 621 4255 ubicumque
636 4174 817 4254 maluerint,
841 4193 898 4255 pro
922 4191 1032 4239 eorum
1053 4171 1255 4253 beneplacito
1279 4173 1389 4238 voluu-

113 4290 180 4368 ttis‚
213 4287 316 4353 saluis
338 4292 446 4353 tamen
469 4293 502 4353 et
524 4307 588 4352 non
610 4287 808 4353 defraudatis
836 4287 1014 4353 theoloneis
1038 4286 1212 4352 earundem
1234 4287 1387 4367 parcium,

113 4403 142 4467 bi
168 4400 370 4479 transierint,
394 4399 513 4466 debitis
530 4404 562 4464 et
577 4401 756 4479 consuetis3
781 4400 861 4466 alios
877 4420 954 4466 uero
977 4400 1136 4466 coloratos
1152 4405 1193 4486 *et
1214 4399 1388 4465 nobiliores

113 4533 227 4593 annos,
252 4514 363 4577 vinum
386 4514 548 4594 gallicum,
578 4519 635 4578 aut
657 4513 815 4592 cninaber,
847 4512 1030 4591 saffrauum,
1060 4512 1162 4595 piper,
1192 4511 1388 4593 parcbanum

113 4628 223 4693 ;alias
245 4645 298 4692 res
322 4631 355 4691 et
377 4645 499 4692 merces
522 4627 702 4692 inst'torias
726 4645 783 4707 per
806 4632 939 4693 stratam
960 4627 1084 4708 regiam
1105 4625 1325 4691 tantummodo
1348 4624 1389 4690 ab
