3098 5392
208 393 271 459 833
832 393 908 444 rasa.

208 601 281 666 dem
304 618 408 684 czwey
422 599 488 665 and
504 598 753 682 newnozlgisten
771 599 875 682 jaren,
900 600 957 665 des
979 598 1141 682 freytages
1164 616 1222 665 vor
1244 596 1321 664 dem
1338 597 1511 681 suntagln

208 713 266 779 der
289 716 412 795 vasten,
435 712 484 780 ala
506 733 581 779 man
597 713 705 795 singet
718 711 846 794 Judica,
870 730 984 780 maerr
1005 712 1115 779 reicbe
1136 710 1193 778 des
1215 710 1458 778 Behemiscben
1480 713 1509 777 in

207 827 280 893 dem
309 846 400 893 newn
423 826 487 892 vnd
510 825 785 909 czweinczigisten
809 826 873 893 vnd
912 827 969 894 des
992 825 1186 894 Romisahen
1209 824 1242 889 in
1267 824 1344 890 dem
1365 825 1509 892 secbaze

207 940 333 1006 benden
351 941 455 1025 jaren.

447 1131 513 1218 [Na
534 1129 652 1217 ohbu:]
673 1133 725 1199 Ad
747 1132 938 1199 relationem
960 1131 1082 1199 domini
1105 1130 1239 1198 Henrici
1262 1131 1305 1198 de
1328 1130 1435 1212 Duba,

671 1247 819 1329 magistri
842 1246 941 1329 curie,
965 1250 999 1311 et
1019 1245 1198 1329 Sigismudi
1220 1243 1454 1312 subcamerarii

616 1353 618 1359 ’
797 1359 986 1428 Wlacbnico
1008 1358 1050 1425 de
1070 1357 1317 1442 Weytemmnle.

314 1496 378 1586 [Na
398 1490 515 1582 rubut]
537 1499 576 1565 R.
600 1498 847 1566 Bartholomeus
869 1500 911 1566 de
932 1499 1028 1567 Nona
1051 1497 1193 1565 ciuitate

310 1712 383 1784 orig.
400 1730 478 1784 perg.
496 1732 513 1771 v
525 1713 638 1775 archiva
656 1731 691 1773 m.
707 1713 805 1777 (lbebn
820 1714 862 1774 Ν*
874 1719 916 1768 68.
930 1744 963 1754 -
976 1713 1071 1782 Gradl,
1089 1712 1255 1770 Gaschicbte
1266 1712 1318 1768 das
1331 1711 1494 1783 agaunos

207 1810 221 1866 1
238 1817 286 1865 etr.
305 1816 364 1865 275.

781 2051 845 2136 dus.
868 2069 943 2135 eor.

527 2256 629 2341 1392,
651 2258 694 2328 1⁰
716 2258 909 2328 dervcncc.
931 2257 989 2326 Na
1010 2236 1183 2327 Zcbrtce.

207 2448 296 2517 Krec
327 2448 440 2517 Voclao
462 2452 485 2516 I
488 2451 518 2516 V
526 2452 691 2536 poturaoje
721 2450 858 2518 Vdcloou
883 2450 1028 2535 rycttcr'i
1056 2454 1158 2517 mista
1180 2449 1312 2534 Polidky
1341 2449 1499 2518 condoce

207 2563 319 2649 listina
349 2562 451 2630 rotou
480 2568 581 2631 mista
603 2587 619 2631 s
642 2566 700 2631 tim
729 2565 909 2642 doloicoim,
942 2566 976 2632 io
1006 2565 1062 2630 md
1091 2565 1206 2632 Vcidao
1228 2566 1242 2631 ὅ
1264 2565 1409 2632 ddds'cooc‘
1431 2562 1497 2648 jao

208 2676 387 2762 cokoupcnc‘
409 2677 605 2762 rycbtdr'stoi
623 2682 725 2745 masta
740 2678 869 2764 Policty
891 2701 925 2747 sc
937 2681 1020 2746 odim
1027 2680 1288 2765 pr'islaieostoim
1310 2679 1441 2746 dedidere
1452 2678 1497 2743 dr·

207 2793 276 2869 aeti,
298 2790 398 2858 codols
420 2793 473 2859 bea
499 2793 587 2878 12me
595 2792 681 2876 prdo
704 2795 870 2876 cieor'oony
891 2793 1032 2878 Aliaeu,
1054 2793 1215 2861 uwloatct
1233 2791 1345 2878 madly
1367 2791 1497 2874 tratti,

211 2902 214 2908 ’
564 2904 763 2991 lejejimuito
785 2910 867 2972 aena
889 2905 1020 2973 Polidkc
1036 2909 1139 2991 potii.

217 3131 219 3135 ·
311 3098 521 3166 wenceslaus
554 3099 607 3164 dei
640 3100 751 3181 gracia
780 3101 997 3168 Romanorum
1030 3119 1087 3167 rex
1120 3117 1247 3182 semper
1279 3107 1440 3183 augustus
1471 3104 1499 3165 et

207 3213 340 3280 Boemie
361 3231 427 3278 rer.
462 3212 582 3279 Notum
604 3211 742 3279 iacimus
764 3219 877 3281 tenore
899 3214 1103 3298 presencium
1127 3213 1299 3295 vniuersis,
1322 3215 1411 3296 quod
1433 3233 1500 3282 oon·

207 3327 341 3393 stitutus
363 3327 398 3393 in
420 3331 531 3393 nostre
553 3327 735 3395 maiestatis
755 3328 924 3410 presencia
945 3326 1166 3401 Wenceslaus,
1190 3311 1287 3392 iader
1311 3327 1425 3412 oppidi
1447 3328 1500 3394 Po·

206 3440 320 3522 licata,
343 3437 450 3507 tidelis
472 3444 583 3507 noster
605 3439 753 3524 dilectus,
784 3441 877 3508 nobis
907 3441 1074 3507 humiliter
1104 3439 1314 3523 supplicabit,
1347 3447 1500 3525 quatenns

205 3553 333 3621 literam
355 3554 516 3638 quondam
532 3555 733 3622 serenissimi
757 3554 914 3638 principis
937 3555 1058 3622 domini
1074 3554 1234 3637 Ottagari
1250 3553 1387 3622 Boemie
1409 3555 1500 3637 regis,

206 3667 446 3749 predecessoris
468 3667 572 3733 nostri
591 3667 761 3748 carissimi,
786 3687 884 3750 super
905 3667 1028 3735 iudicio
1044 3668 1155 3752 oppidi
1171 3667 1322 3734 Policzlra
1344 3668 1500 3752 quondan

206 3781 274 3846 suis
298 3780 582 3863 predecessoribus
598 3781 750 3846 traditam
766 3785 799 3846 et
815 3766 1061 3862 concessumst
1075 3799 1139 3864 que
1160 3780 1202 3846 ad
1223 3781 1342 3863 ipsum,
1365 3782 1498 3848 heredes

204 3913 242 3960 ac
265 3912 470 3962 successores
493 3914 580 3978 suos,
604 3915 643 3962 ex
666 3897 833 3979 empcione
856 3897 1007 3979 legitima
1030 3896 1117 3962 iuste
1137 3894 1297 3979 peruenit,
1323 3896 1499 3979 approbare

206 4013 239 4072 et
273 4006 462 4076 confirmare
496 4010 536 4077 de
569 4009 769 4092 benignitate
803 4009 898 4075 solita
934 4009 1115 4091 gracioaius
1149 4009 1378 4092 dignaremur,
1413 4010 1499 4076 cuius

207 4122 336 4203 quidem
359 4124 455 4189 litere
477 4128 570 4190 tenor
600 4124 746 4207 seqnitur
777 4122 810 4188 in
840 4122 900 4189 hec
930 4122 1028 4189 verba
1058 4141 1116 4205 per
1145 4123 1269 4189 omnia:
1307 4123 1346 4188 In
1377 4124 1501 4191 nomine

206 4240 318 4299 sancte
341 4240 373 4300 et
396 4235 564 4302 individue
587 4237 758 4303 Trinitatis
781 4254 884 4302 amen.
926 4236 993 4301 Noa
1018 4235 1194 4319 Ottagarus
1217 4243 1277 4303 etc.
1313 4237 1500 4319 (Naslednje

206 4349 300 4413 zntnl
322 4349 491 4414 zakladacl
513 4351 626 4433 listiny
648 4350 739 4416 krale
761 4349 928 4433 Plemysla
951 4349 1096 4415 Otakara
1110 4349 1143 4415 Π
1156 4349 1188 4415 d.
1211 4368 1234 4414 u
1248 4333 1356 4434 Praby
1370 4348 1422 4415 '27
1438 4336 1499 4415 riu

207 4461 289 4525 1265
314 4460 339 4527 ὃ.
366 4461 429 4543 14).
463 4461 530 4527 Nos
555 4481 663 4528 eonrm
689 4463 839 4544 precibus
871 4467 982 4545 utpote
1003 4461 1256 4529 racionabilibus
1286 4466 1395 4545 atque
1408 4464 1499 4530 iustis

204 4575 448 4640 consencientes
463 4574 637 4658 benignius
654 4614 695 4623 -
715 4577 873 4658 prelatum
896 4578 1022 4642 literam
1046 4577 1078 4641 in
1097 4576 1244 4643 omnibus
1260 4577 1330 4642 suis
1346 4579 1499 4657 articulis,
