3098 5392
637 422 713 478 1⁸⁵¹·
1272 421 1336 489 471

33 629 89 695 uel
106 629 136 694 si
153 629 210 711 qui
226 629 423 695 eontrarium
446 634 638 714 attemptare
652 631 918 713 presumpserint,
941 629 1200 713 indignacionem
1214 629 1335 714 regiam

35 747 68 806 et
91 759 209 825 penam
232 743 459 825 grauissimam
480 743 572 810 iuxta
597 742 767 810 arbitrium
795 743 962 827 proprium
991 741 1201 826 infligendam
1222 759 1258 808 se
1279 761 1336 808 no

36 856 146 922 norint
168 855 437 925 irremissibiliter
458 858 654 925 incursuros.
699 857 907 925 Prusensium
936 855 996 923 sub
1021 861 1132 923 nostre
1152 855 1336 923 maiestatis

39 969 148 1053 sigillo
180 971 369 1039 testimonio
398 973 589 1039 litterarum.
633 972 754 1038 Datum
775 971 880 1055 Prage
911 990 995 1038 anno
1021 969 1144 1038 domini
1165 969 1336 1036 millesimo

41 1085 269 1152 trecentesimo
291 1086 559 1170 quinquagesimo
584 1085 736 1166 secundo,
759 1085 940 1153 indiccione
962 1084 1084 1168 quinta,
1115 1079 1160 1149 V⁰
1180 1081 1337 1149 kalendas

41 1195 176 1279 Aprilis,
197 1215 371 1280 regnorum
392 1204 576 1266 nostrorum
598 1217 682 1265 anno
705 1203 805 1265 serto.

525 1354 591 1440 [Na
613 1353 729 1438 obbuz]
773 1354 824 1422 Ad
846 1354 1040 1422 relacionem
1057 1352 1180 1436 Judicis
1201 1351 1292 1418 curie

818 1466 992 1535 Heinricus
1014 1467 1245 1534 thesaurarius.

141 1622 216 1692 Orig.
243 1637 319 1693 perg.
337 1622 479 1678 rsrcbirn
502 1639 537 1676 rn.
561 1622 686 1678 Melnssra
709 1621 732 1678 d.
751 1628 767 1677 5
793 1623 879 1690 (stare
896 1621 936 1676 Ψ
958 1627 983 1688 8,
1006 1638 1026 1676 u
1052 1620 1138 1692 story
1155 1619 1177 1675 d.
1199 1623 1241 1690 li)
1260 1634 1335 1690 spa·

40 1719 176 1775 zntmken
194 1735 231 1773 na
249 1720 333 1775 rnbn:
354 1718 539 1785 „Konfirnraci
557 1718 636 1773 lrrtle
653 1717 741 1774 Karla
758 1735 796 1772 na
814 1726 830 1773 4
847 1715 904 1772 lodi
923 1732 960 1788 po
976 1715 1070 1772 Lahir
1096 1715 1228 1772 Svelkon
1244 1716 1335 1787 pedeti

39 1812 208 1869 krtlovskon
225 1813 289 1869 dole
307 1815 455 1870 ulomenon
473 1830 510 1869 na
527 1811 671 1868 bedrtbne
688 1812 901 1868 zelenoderrene
914 1811 998 1868 llere
1009 1811 1174 1869 sardianos.
1186 1841 1221 1853 -
1233 1811 1333 1881 Pelzel,

36 1909 67 1966 K.
85 1911 158 1966 Karl
176 1911 228 1967 der
245 1911 347 1966 Vierte.
366 1909 594 1967 Urlrnndenbuch
612 1907 653 1964 N⁰
670 1908 801 1965 cxcvu

583 2193 601 2234 *
625 2178 690 2262 Cle.
714 2193 788 2261 322.

411 2347 511 2429 1352,
534 2348 751 2420 assuerus.
773 2350 806 2419 V
828 2348 959 2419 Praze.

26 2505 119 2571 Kral
139 2505 241 2572 Κανά
256 2503 280 2567 I
281 2504 311 2569 V
324 2505 468 2591 audineje
489 2505 716 2592 Roadnicfflm,
738 2505 991 2592 Litomdr'a'eky'm,
1019 2485 1193 2592 Usrxqm,
1214 2507 1328 2573 Delin-

27 2617 125 2704 sky'm
155 2640 178 2684 o
200 2617 404 2705 Perenaky‘m,
426 2618 524 2704 jobed
552 2621 566 2685 i
588 2619 781 2703 mearam
811 2640 855 2687 aa
876 2622 1022 2687 Karmena
1044 2641 1066 2685 o
1086 2619 1243 2697 &deme
1272 2621 1334 2704 aba

26 2730 235 2814 offusces·
257 2731 448 2818 Mdlsicbgim
473 2754 492 2798 o
501 2732 620 2815 ploobd
647 2736 715 2816 eryt
744 2733 812 2799 tout
838 2732 1039 2800 sndkladem
1066 2733 1153 2800 stou
1173 2753 1218 2816 po
1240 2733 1332 2799 lati.

140 2908 280 2974 Karolus
304 2906 357 2974 dei
380 2909 490 2991 gracia
511 2910 728 2975 Romanorum
750 2928 808 2975 rex
831 2927 957 2992 semper
979 2914 1137 2991 augustus
1153 2915 1187 2975 et
1200 2909 1333 2975 Boemie

30 3039 99 3087 rex.
148 3021 315 3088 Fidelibus
347 3021 416 3088 suis
439 3020 567 3088 dilectis
590 3022 624 3087 in
646 3021 802 3102 Rudnica‚
833 3021 1067 3102 Lnthomericz‚
1097 3021 1175 3102 Vel,
1205 3022 1332 3103 Tecmo,

29 3133 152 3218 Pyr-nis
163 3133 340 3216 judicibus,
357 3186 363 3199 .
381 3187 388 3200 .
408 3135 529 3218 juratis
548 3141 580 3200 et
596 3134 722 3201 ciuibus
738 3154 862 3201 necnon
877 3135 911 3200 in
928 3135 1135 3217 Kunigstein,
1156 3135 1333 3202 Sohreken·

32 3249 118 3313 stein
151 3248 267 3312 castris
297 3248 492 3331 burgrauiis,
523 3249 639 3315 ceteris
671 3247 863 3315 officialibus
894 3254 928 3315 et
957 3248 1095 3314 subditis
1125 3250 1245 3315 nostris
1275 3267 1333 3332 per

32 3360 202 3427 Boemiam
224 3379 262 3426 ao
284 3361 367 3427 alias
389 3366 494 3427 terras
511 3362 705 3443 constitutis,
729 3362 846 3444 quibus
862 3365 1029 3445 presentes
1045 3361 1187 3427 exhibite
1200 3360 1332 3442 fuerint,

33 3475 179 3556 graciam
194 3475 319 3557 regiam
338 3481 371 3541 et
386 3495 479 3542 omne
500 3475 627 3542 bonum.
654 3474 734 3541 (lum
750 3474 878 3541 dilectis
894 3474 1043 3542 fidelibus
1058 3475 1190 3555 nostris,
1206 3474 1332 3541 ciuibus

33 3587 183 3654 ciuitatis
210 3594 321 3654 nostre
342 3589 561 3669 Melnioensis
584 3608 642 3672 per
669 3608 727 3656 nos
750 3596 941 3673 nostrosque
961 3589 1184 3673 progenitores
1207 3593 1239 3654 et
1261 3607 1333 3671 pre·

33 3700 222 3767 decessores
246 3707 374 3767 nostros
397 3703 575 3784 graciosius
598 3703 759 3768 indultum
785 3704 829 3768 sit
852 3707 885 3769 et
906 3721 1103 3785 concessum,
1134 3708 1169 3769 vt
1196 3708 1333 3785 quatuor

33 3832 134 3880 naues
157 3832 232 3880 cum
246 3814 342 3880 rebus
367 3821 401 3881 et
421 3816 581 3882 mercibus
598 3816 855 3898 quibuscumque
871 3822 1020 3883 oneratas
1035 3818 1069 3883 in
1084 3815 1217 3883 flumine
1233 3816 1333 3882 Albee

32 3946 90 4009 per
112 3927 220 4009 ipsius
244 3927 415 3994 decursum
434 3929 637 3995 ascendendo
660 3934 694 3994 et
715 3929 950 4011 descendendo,
974 3932 1127 4014 quociens
1151 3935 1184 3996 et
1204 3929 1332 4010 quando

33 4042 80 4106 eis
103 4041 266 4124 placuerit
289 4047 321 4107 et
343 4043 494 4125 expedire
517 4043 688 4125 videbitur,
719 4045 885 4127 perpetuis
912 4044 1030 4110 habere
1052 4043 1190 4111 debeant
1210 4048 1333 4127 tempo·

30 4154 133 4235 ribus,
164 4161 263 4238 prout
292 4157 351 4224 boc
375 4157 408 4222 in
431 4157 506 4223 aliis
529 4176 639 4224 eorum
661 4158 780 4223 litteris
811 4158 969 4241 liquidius
996 4159 1142 4226 noscitur
1165 4158 1332 4239 contineri,

29 4269 122 4336 vobis
155 4269 304 4335 omnibus
335 4276 367 4335 et
397 4271 535 4353 singulis
565 4275 598 4336 et
627 4270 760 4336 cuilibet
784 4276 929 4337 vestrum
951 4289 1009 4353 per
1032 4289 1068 4338 se
1090 4271 1239 4338 districte
1260 4289 1332 4355 pre·

26 4382 183 4466 cipiendo
199 4383 388 4449 mandamus
412 4384 472 4450 sub
494 4384 626 4450 obtentu
641 4385 749 4467 gracie
764 4391 884 4468 nostre,
906 4387 1061 4468 volentes,
1086 4391 1244 4468 quatenus
1260 4404 1332 4469 pre·

22 4498 112 4565 fatos
146 4498 237 4563 ciues
268 4505 396 4565 nostros
420 4499 616 4565 intransitu
648 4500 806 4565 dictarum
832 4501 966 4567 nauium
988 4520 1046 4585 per
1068 4501 1259 4568 descensum
1282 4502 1333 4566 vel

19 4630 203 4681 acconem
224 4608 368 4679 fluminis
390 4613 491 4680 Albee
512 4615 657 4697 predicto
680 4634 752 4681 cum
774 4615 935 4682 mercibus
958 4621 991 4682 et
1014 4613 1110 4683 rebus
1135 4614 1334 4698 quibuslibet
