3098 5392
666 427 741 482 ΙΝ
1291 428 1356 497 beo

58 635 257 701 formacione
277 633 428 717 diligenti
450 641 580 719 recepta
602 642 636 703 et
655 638 704 703 rei
727 635 864 703 veritate
886 635 926 701 ab
948 635 1023 700 aliis
1046 637 1149 701 eciam
1172 636 1352 703 studiosius

59 747 229 830 inquisita,
249 747 343 813 denm
362 747 509 817 babendo
527 768 586 833 pre
607 750 720 832 oculis,
743 749 974 816 communicato
997 748 1181 830 sapientum
1205 750 1349 831 consilio,

59 861 164 926 saluis
182 878 308 943 semper
328 836 499 929 reueiendi
523 864 557 930 in
580 862 710 930 Christo
731 862 834 946 patris
856 867 890 927 et
911 861 1042 942 domini,
1065 860 1187 928 domini
1209 861 1352 945 Amasti,

59 973 235 1056 hagensis
257 973 502 1059 archiepiscopi,
525 977 597 1042 iure
619 976 790 1043 diocesano
806 980 839 1041 et
853 974 1017 1041 ordinaria
1028 978 1199 1056 potestate,
1221 974 1263 1040 ad
1278 994 1350 1057 par-

59 1088 146 1153 cium
168 1086 387 1170 predictarum
408 1088 601 1155 instanciam
624 1107 722 1173 snper
743 1089 898 1172 predictis
920 1087 1028 1155 causis
1051 1091 1084 1152 et
1108 1087 1220 1153 litibus
1242 1093 1351 1156 aucto-

57 1199 157 1265 ritate
177 1199 270 1267 nobis
292 1207 327 1266 et
347 1204 508 1283 potestate
529 1201 649 1268 tradita
669 1202 703 1268 in
724 1201 903 1285 premissis,
926 1200 960 1266 in
982 1199 1112 1266 nomine
1133 1200 1186 1267 dei
1208 1218 1349 1283 pronun·

59 1313 193 1395 ciamus,
231 1312 369 1379 dicimus
414 1317 447 1379 et
482 1313 585 1380 eciam
622 1312 808 1394 diffinimus,
844 1313 930 1396 quod
966 1312 1064 1380 abbas
1103 1318 1136 1379 et
1172 1319 1351 1380 conuentus

58 1426 248 1492 monasterii
283 1425 501 1493 Caedlicensis
532 1425 715 1492 sacerdotes
747 1430 780 1492 et
809 1426 991 1507 capellanos
1020 1424 1192 1507 hospitalis
1214 1425 1351 1508 predicti

57 1557 144 1604 nunc
178 1543 212 1604 et
240 1544 396 1622 perpetuo
419 1540 590 1605 instituere
613 1544 645 1604 et
667 1539 845 1605 destituere
866 1539 979 1620 eisque
1000 1538 1145 1621 regulam
1167 1537 1350 1605 atmodum

59 1652 196 1718 uiuendi
217 1652 355 1732 tradere,
378 1652 483 1734 quoad
505 1653 613 1718 omnia
635 1652 805 1735 hospitalis
828 1652 932 1734 ipsius
954 1651 1137 1733 spiritualia
1159 1651 1351 1717 etministe·

55 1766 143 1832 rium
166 1764 422 1832 ecclesiasticum
444 1766 628 1848 cultumque
650 1764 797 1830 diuinum
820 1764 1050 1831 concernencia
1071 1763 1199 1845 babent,
1214 1769 1351 1847 possunt

56 1883 89 1945 et
124 1877 252 1959 debent,
285 1877 351 1960 ipsi
384 1894 511 1959 qnoque
541 1877 724 1944 sacerdotes
758 1882 791 1943 et
812 1877 970 1959 capellani
992 1875 1100 1942 abbati
1122 1880 1155 1941 et
1177 1875 1350 1942 conuentni

55 1989 234 2057 antedictis
267 1990 364 2056 velud
397 1990 466 2056 suis
499 1991 637 2058 dominis
668 1992 702 2057 in
725 1990 949 2074 spiritualibus
978 2008 1016 2057 ac
1038 1989 1183 2072 patronis
1206 1988 1349 2071 subesse,

54 2102 190 2171 obedire
211 2121 249 2168 ac
271 2103 306 2169 in
328 2103 512 2171 diuinorum
535 2103 819 2170 administracione
834 2121 947 2185 parere
966 2103 1132 2170 humiliter
1144 2100 1347 2169 tenebuntur.

52 2216 166 2284 Judex
195 2234 271 2282 vero
301 2221 334 2282 et
363 2216 511 2283 consules
539 2235 576 2283 ac
599 2217 688 2284 ciues
710 2217 896 2297 Kuttenses,
920 2217 975 2298 qui
999 2221 1076 2282 sunt
1096 2221 1129 2282 et
1149 2215 1206 2299 qui
1227 2215 1350 2282 luerint

53 2350 116 2415 pro
149 2334 301 2412 tempore,
333 2331 440 2396 omnia
468 2331 669 2414 temporalia,
699 2330 793 2411 bona,
817 2348 921 2412 agros,
945 2346 1071 2410 census,
1093 2328 1215 2410 predia,
1238 2346 1348 2411 posse·

51 2442 183 2510 ssiones
215 2447 248 2507 et
275 2444 499 2523 emolumenta,
530 2443 699 2526 presencia
728 2448 761 2508 et
782 2442 901 2522 futura,
925 2439 1052 2508 edificia
1072 2459 1199 2525 quoqne
1221 2446 1254 2507 et
1275 2460 1348 2525 pro·

51 2556 257 2637 curaciones,
287 2560 320 2621 et
338 2573 537 2637 quecumque
559 2556 633 2636 alia,
657 2572 859 2637 quocumque
880 2553 1009 2621 nomine
1031 2554 1160 2619 valeant
1181 2554 1347 2637 appellari,

50 2666 176 2735 habent
199 2684 321 2749 regere,
345 2666 525 2748 disponere,
550 2667 700 2749 dirigere,
724 2666 913 2750 dispensare
935 2670 968 2732 et
989 2665 1165 2732 secundum
1186 2666 1239 2732 dei
1253 2667 1347 2735 timo·

49 2798 125 2847 rem
148 2784 181 2845 et
202 2779 350 2861 proprias
374 2779 592 2846 consciencias
615 2780 656 2846 ad
678 2778 876 2845 infirmorum
910 2779 1084 2861 ualitatem,
1113 2778 1293 2863 proiectum
1314 2786 1349 2847 et

52 2913 151 2959 veum
184 2892 331 2974 legaliter
364 2892 592 2958 administrare
625 2898 658 2958 et
689 2891 827 2958 fideliter
857 2892 1036 2975 gubernare
1066 2910 1123 2958 seu
1145 2910 1184 2958 ex
1208 2910 1243 2958 se
1265 2893 1346 2976 ipsis

52 3007 169 3074 fideles
193 3006 432 3096 dispensatores
455 3010 488 3071 et
510 3006 597 3072 viros
618 3005 760 3089 ydoneos
783 3005 946 3088 deputare.
971 3006 1021 3070 De
1041 3004 1249 3071 ordinacione
1270 3024 1346 3073 vero

55 3119 208 3202 magistri
233 3118 390 3184 scolarum
420 3119 453 3183 in
480 3117 645 3184 Montibus
674 3119 783 3183 taliter
805 3117 992 3200 diffinimus,
1014 3117 1099 3200 quod
1121 3118 1230 3183 nullus
1251 3119 1345 3199 alius,

53 3239 262 3317 preterquam
283 3230 437 3313 plebanus
460 3231 501 3298 de
522 3231 654 3311 Melina,
677 3232 733 3313 qui
755 3250 839 3296 nnnc
862 3236 912 3297 est
934 3236 967 3296 et
989 3231 1044 3311 qui
1066 3230 1165 3296 luerit
1186 3250 1244 3313 pro
1266 3237 1346 3297 tem·

57 3363 147 3429 pore,
170 3343 267 3410 babet
288 3344 322 3408 in
345 3344 404 3410 bac
427 3349 519 3426 parte
541 3344 593 3409 uel
617 3343 734 3409 habere
755 3344 850 3409 debet
872 3345 1011 3427 aliquam
1036 3348 1237 3426 potestatem.
1282 3344 1346 3410 Sed

51 3457 212 3543 plebanus
235 3456 314 3538 ipse,
339 3457 394 3539 qui
417 3461 450 3521 et
471 3459 661 3540 magistrum
684 3458 755 3523 siue
777 3462 934 3524 rectorem
957 3458 1115 3522 scolarum
1137 3456 1179 3521 ad
1201 3474 1344 3523 mensam

51 3571 220 3655 propriam
249 3575 359 3634 tenere
389 3571 558 3636 consueuit
583 3589 621 3636 ac
642 3576 770 3636 tenetur
791 3576 824 3637 et
846 3589 978 3653 pascere
1000 3570 1136 3636 eundem
1159 3569 1248 3635 iuxta
1270 3589 1344 3636 con·

52 3683 228 3750 scienciam
252 3700 352 3763 suam,
375 3682 472 3749 talem
495 3683 655 3763 videlicet,
678 3685 733 3767 qui
755 3684 845 3767 prius
869 3690 901 3749 et
923 3685 1025 3750 eciam
1047 3683 1167 3748 adultis
1186 3683 1220 3748 in
1234 3682 1344 3748 litera·

50 3802 127 3863 tura
144 3793 300 3876 prodesse
315 3799 348 3860 et
362 3813 493 3877 preesse
507 3797 636 3862 nouerit
658 3814 758 3878 acque
780 3798 867 3877 velit,
889 3815 995 3879 ymmo
1014 3814 1086 3861 cum
1100 3791 1216 3861 effectu
1230 3796 1343 3878 prosit,
1404 3864 1411 3881 ,

49 3908 236 3988 instituere,
259 3906 436 3974 destituere
458 3915 491 3975 et
514 3909 664 3974 ordinare
686 3909 800 3974 debeat
813 3910 914 3976 libere
929 3915 961 3974 et
976 3908 1092 3991 quouis
1114 3907 1343 3990 impedimento

49 4024 213 4101 cessante,
249 4019 323 4084 dum
358 4026 391 4085 et
424 4021 554 4103 quocies
584 4022 682 4087 suerit
713 4027 913 4104 oportunum,
936 4025 971 4086 vt
992 4024 1110 4104 quanto
1131 4025 1238 4087 rector
1257 4020 1343 4087 idem

46 4133 191 4220 plebano
222 4131 402 4198 subieccior
433 4134 601 4216 magisque
635 4134 803 4200 familiaris
834 4140 867 4199 et
893 4133 1044 4200 obediens
1066 4132 1231 4215 habentur,
1252 4137 1342 4200 tanto

43 4248 185 4317 diuinus
222 4246 327 4311 cultus
357 4252 503 4313 cessante
536 4247 686 4313 scandalo
710 4252 743 4312 et
764 4246 967 4312 studentium
988 4244 1150 4328 proiectus
1171 4250 1251 4328 aput
1271 4260 1342 4328 pre·

42 4364 174 4431 dictam
189 4359 372 4442 parochiam
395 4361 586 4443 propensius
613 4360 779 4443 dirigatur.
802 4360 964 4426 Promissa
978 4358 1138 4442 siquidem
1159 4377 1217 4442 per
1229 4377 1341 4442 supra·

36 4480 157 4547 dictas
188 4477 307 4556 partes,
340 4478 584 4555 quatenus'eas
615 4478 820 4554 concernunt,
843 4473 943 4556 recipi
967 4471 1138 4538 statuimus
1161 4476 1194 4537 et
1214 4471 1341 4555 impleri
1429 4546 1434 4553 ,

33 4590 104 4661 sub
120 4588 212 4672 pena
223 4585 460 4669 quinquaginta
481 4605 660 4653 marcarum
684 4587 756 4669 puri
779 4587 914 4669 argenti,
937 4604 1016 4669 quas
1042 4589 1166 4668 partem
1188 4604 1251 4653 non
1273 4604 1339 4653 sar-

1114 4712 1164 4766 88*
