3098 5392
224 453 289 520 766
841 453 918 507 raes.

225 671 343 730 elnon
367 665 461 730 alteri
493 664 664 747 dampnum
698 664 827 731 debebit
856 665 1040 732 huiusmodi
1065 665 1236 746 imputare.
1285 665 1407 731 Datum
1428 667 1508 746 Prags

225 779 280 845 die
303 777 393 842 XVII
416 778 537 844 mensis
569 777 702 860 Aprilis,
732 797 904 860 regrmrum
934 783 1117 845 nostrorum
1146 796 1234 844 anno
1257 778 1396 846 Boemie
1416 778 1509 858 xxlr,

226 893 441 957 Romanorum
466 910 540 958 vero
565 911 657 958 nono.

750 1059 811 1124 Per
834 1060 998 1126 dominum
1021 1059 1198 1127 Henricum
1221 1060 1354 1144 Scopek
1377 1062 1416 1128 de
1437 1060 1509 1128 bula

892 1172 1080 1239 Wlacbuico
1103 1173 1144 1239 de
1168 1172 1405 1258 Weytenmulc.

329 1385 399 1440 Ruls.
426 1387 630 1451 „Formularius
651 1387 668 1442 J
673 1387 790 1442 ohannis
814 1387 973 1442 Praimdae‘
993 1407 1009 1442 v
1027 1388 1139 1444 archiva
1164 1389 1294 1459 kapitoly
1313 1390 1433 1447 Pratske'
1453 1390 1506 1443 ml

225 1485 300 1537 ³290
318 1499 352 1536 uu
371 1482 497 1552 napisem
519 1483 613 1553 „Quod
634 1483 756 1539 uniuersi
774 1490 941 1540 mercatores
966 1492 993 1540 ct
1013 1485 1069 1552 alii,
1093 1486 1139 1555 qui
1166 1501 1229 1540 cum
1255 1488 1394 1542 mercibus
1416 1489 1467 1542 suis
1481 1485 1506 1537 ds

224 1579 337 1634 Boemie
361 1586 438 1633 trans
457 1579 555 1634 siluam
575 1595 625 1650 per
643 1580 751 1647 siluam,
776 1597 830 1650 que
854 1579 930 1635 ducit
954 1581 1100 1636 Bauariam
1125 1587 1154 1636 et
1181 1598 1365 1651 cconuerse
1390 1600 1440 1639 aon
1455 1581 1505 1636 alili

225 1673 346 1728 debeant
364 1673 454 1728 lacere
472 1673 525 1728 iter
543 1689 632 1741 surum,
651 1674 705 1730 nisi
723 1692 774 1746 per
792 1676 872 1744 viam,
890 1692 945 1746 que
964 1677 1039 1732 ducit
1057 1678 1084 1731 in
1103 1677 1237 1748 Mycena

794 1888 858 1970 Cis.
882 1907 955 1973 600.

605 2095 704 2178 1385,
728 2099 749 2164 2
773 2097 922 2165 tervna.
957 2096 989 2165 V
1012 2096 1140 2164 Pruzc.

258 2288 311 2353 rol
330 2288 444 2354 Vdclao
465 2292 485 2353 I
491 2289 670 2372 Vpar'lsujc
694 2288 845 2371 rpcbldr't
867 2287 1026 2355 tamdem
1046 2309 1068 2354 a
1079 2290 1266 2376 pr'lsednp'm
1285 2295 1389 2359 meatu
1402 2291 1507 2362 Kluloa

225 2401 286 2482 uby
301 2401 375 2483 jobo
391 2402 528 2485 jorrenem
549 2400 696 2468 subdeali
717 2402 913 2484 obpoctelrlm
936 2402 1001 2486 jim
1016 2401 1226 2487 podr'lacapm
1250 2401 1508 2488 compereant

216 2514 348 2597 jedootp
371 2537 392 2579 a
415 2513 525 2597 spollrp
548 2538 569 2582 a
592 2516 653 2598 obp
662 2514 850 2600 pozclp'lcoli
866 2520 910 2598 lp,
932 2513 1011 2580 suos
1027 2513 1162 2582 roskasu
1180 2515 1253 2582 tubo
1269 2517 1506 2602 neuposleclsou

325 2706 554 2774 Wenczeslaus
585 2709 639 2775 dei
673 2707 784 2792 gracia
807 2709 1023 2775 Romanorum
1058 2727 1115 2775 rex
1144 2728 1275 2794 semper
1304 2715 1509 2797 augustmel

222 2821 354 2886 boemie
376 2839 443 2886 rex.
466 2821 587 2903 ludici,
611 2821 797 2888 consulibus
814 2822 977 2905 etjuratis
1000 2823 1145 2889 ciuitatis
1165 2823 1425 2908 mothoniensis,
1445 2822 1508 2890 fide

223 2935 307 3000 libus
330 2936 451 3001 nostris
475 2936 614 3018 dilectis,
637 2937 779 3019 graciam
803 2954 894 3002 suam
918 2943 951 3002 et
972 2955 1066 3004 omne
1088 2938 1216 3004 bonum.
1240 2939 1377 3006 Fideles
1398 2937 1507 3006 dilecti!

222 3048 375 3115 Nolentes
391 3050 589 3132 peramplius
606 3051 788 3131 societates,
811 3049 932 3132 federa,
956 3051 1184 3134 colligaciones
1207 3056 1241 3118 et
1256 3053 1343 3135 ligas
1360 3071 1418 3138 per
1429 3068 1508 3137 quos·

222 3181 359 3244 cunque,
382 3164 603 3247 cuiuscunque
626 3163 730 3228 eciam
752 3167 867 3245 status,
891 3164 1061 3246 dignitatis
1084 3165 1137 3230 uel
1164 3165 1372 3234 condicionis
1394 3165 1508 3242 luerint,

222 3276 458 3358 regnicolarum
481 3283 665 3342 nostrorum
688 3277 786 3342 initas
810 3281 844 3343 et
864 3275 978 3358 lactas,
1012 3277 1161 3344 inisndas
1185 3279 1240 3344 uel⁴
1261 3279 1439 3361 iaciendas,
1459 3298 1506 3360 pu·

220 3389 304 3456 blice
320 3391 372 3456 uel
388 3392 522 3472 occulte,
541 3392 575 3456 in
590 3393 683 3475 regni
698 3396 731 3457 et
746 3391 947 3458 subditorum
962 3395 1146 3458 nostrornm
1160 3391 1336 3475 dispendia
1351 3394 1506 3469 sustinere

222 3505 436 3571 commitimus
458 3503 609 3572 fidelitati
632 3511 739 3571 vestre
762 3504 966 3588 presentibus
989 3504 1182 3572 auctoritate
1210 3507 1304 3590 regia
1335 3507 1508 3574 firmiteret

220 3618 377 3700 districte,
409 3624 569 3701 quatenus
599 3621 633 3686 in
656 3621 736 3686 locis
759 3625 793 3684 et
820 3619 900 3686 loris
924 3619 1042 3686 vestris
1073 3619 1238 3686 consuetis
1270 3639 1352 3687 voce
1373 3618 1507 3705 preconia

220 3732 348 3814 publice
370 3733 562 3815 proclamari
585 3733 723 3816 lecistis,
758 3738 793 3800 ut
823 3752 934 3801 omnes
957 3740 990 3800 et
1019 3733 1141 3816 singuli
1170 3732 1349 3800 societates
1377 3734 1505 3814 attigas

220 3845 404 3911 huiusmodi
427 3843 574 3914 fauentes
598 3853 631 3914 et
654 3848 809 3914 habentes
833 3847 918 3913 iufra
933 3848 1004 3913 dies
1020 3845 1167 3912 XIVora
1182 3845 1237 3913 die
1254 3844 1504 3930 proclamationis

220 3962 404 4027 huiusmodi
438 3962 568 4027 easdem
598 3962 769 4044 deponant,
800 3964 951 4042 rumpant
977 3963 1010 4024 et
1031 3957 1224 4041 dissoluant,
1255 3979 1316 4028 nec
1339 3961 1427 4045 ipsas
1447 3975 1504 4042 per·

220 4076 359 4157 amplius
392 4076 506 4142 ineant
528 4082 585 4142 aut
615 4076 748 4141 faueant
778 4074 838 4140 sub
869 4092 953 4156 pena
982 4072 1105 4141 eisdem
1136 4072 1177 4139 ad
1208 4078 1322 4140 nostre
1345 4071 1503 4141 voluntutis

220 4188 390 4254 arbitrium
413 4188 598 4272 infligenda.
623 4188 684 4254 Vbi
708 4208 783 4255 vero
799 4195 873 4272 post
888 4190 1015 4272 lapsum
1031 4188 1158 4255 dierum
1171 4187 1406 4271 premissorum
1420 4181 1503 4268 abaci

221 4302 272 4366 uel
296 4300 414 4384 aliquis
439 4321 477 4367 ex
501 4303 622 4368 eisdem
655 4301 863 4368 societatibus
888 4308 921 4367 et
950 4302 1026 4385 ligis
1057 4301 1243 4368 huiusmodi
1274 4319 1342 4369 non
1372 4297 1501 4369 dimissis

220 4415 253 4479 in
277 4415 394 4480 vestris
418 4435 454 4481 se
484 4414 673 4482 ciuitatibus
705 4421 739 4479 et
756 4415 1044 4497 jurisdiccionibus
1066 4414 1305 4498 constituerint
1336 4413 1505 4484 eosdemet

220 4529 367 4611 eundem,
392 4529 536 4596 cuiusvis
560 4529 663 4594 eciam
686 4533 790 4593 status
814 4535 871 4594 aut
890 4529 1093 4596 condicionis
1103 4528 1235 4607 luefint
1258 4535 1298 4596 ut
1310 4530 1506 4613 premittitur,

219 4662 277 4727 per
299 4662 357 4708 vos
387 4642 540 4709 arrestari
571 4642 719 4706 volumus
750 4647 784 4706 et
812 4646 989 4708 attestatos
1019 4640 1156 4709 detineri
1179 4641 1318 4724 undu,
1352 4656 1508 4728 quousque
