3098 5392
678 449 752 500 oo.
1280 452 1363 521 noer

64 652 149 718 nach
171 651 243 718 dem
267 659 384 736 suntag
404 655 633 735 Reminiscere‚
657 674 771 721 susem
786 656 895 723 reiche
911 657 968 724 des
983 657 1219 725 Behemiscben
1242 660 1276 726 in
1293 660 1365 727 dern

63 764 152 831 XLV
175 766 238 831 vnd
261 766 318 832 des
342 768 535 833 Romiscben
559 769 592 833 in
615 768 688 834 dem
711 769 833 835 XXXII
851 770 956 851 jarcn.

609 984 672 1049 Per
694 984 858 1051 dominum
883 985 1066 1055 Conradum
1091 987 1365 1057 subcamerarium

717 1098 858 1165 Jacobus
883 1101 1058 1167 canonicus
1079 1101 1264 1185 Pragensis.

169 1308 242 1379 Orig.
261 1326 325 1380 pap.
344 1327 359 1362 v
378 1309 490 1365 archivu
503 1293 631 1366 &calebo
651 1327 755 1368 musea
779 1312 824 1367 Na
841 1315 912 1368 rabn
931 1314 1022 1369 menil
1040 1316 1190 1372 kralorskd
1207 1314 1289 1388 pedet
1307 1317 1363 1388 pii·

59 1404 174 1460 tis‘tena
192 1406 248 1459 Ber
266 1404 493 1475 registratnrniho
511 1409 640 1462 anamenl
658 1423 675 1461 a
692 1408 743 1462 bez
761 1408 884 1480 adressy.

628 1791 693 1877 dra.
723 1810 797 1877 ssa

431 2010 530 2104 1408,
553 2024 598 2094 29
620 2025 771 2097 bienna.
804 2027 837 2095 V
859 2026 990 2094 Praze.

56 2241 145 2305 Kra'l
175 2241 288 2308 tactas
311 2244 330 2308 l
339 2244 365 2306 V
391 2242 559 2328 acbaalajq
593 2243 654 2325 obp
686 2244 804 2309 r'caalcr'
834 2267 855 2306 a
881 2242 999 2326 pckoia‘
1028 2244 1284 2311 aDumudlr‘ctcb
1317 2266 1362 2310 oo

53 2352 190 2419 nrislecb
215 2356 278 2438 jim
307 2355 509 2441 aplaaanp'cl
539 2378 631 2422 masa
653 2378 675 2421 a
697 2354 803 2437 adalp
819 2358 1004 2438 proddvuli,
1037 2358 1153 2423 secato·
1181 2357 1250 2440 pat
1276 2358 1361 2441 pr'cd

55 2468 189 2532 crudelem
212 2469 343 2551 dobytclc
359 2470 512 2553 porddeli.
536 2469 676 2537 Jakmile
698 2470 800 2534 baden
818 2491 880 2552 pro
903 2476 943 2536 ad
963 2477 1134 2552 ipsios-eng
1155 2471 1233 2536 nond
1248 2471 1359 2537 causae'

55 2604 79 2645 α
106 2580 231 2647 caleat
252 2581 375 2665 krdmp,
398 2585 480 2667 maji
500 2582 604 2648 strab
622 2584 735 2665 platita‘
756 2588 826 2665 opdt
848 2582 947 2665 droky
970 2582 1122 2650 kosteldm
1137 2607 1159 2649 a
1172 2582 1359 2661 klddterdm,

548 2693 627 2779 jalo
650 2695 739 2761 duat
762 2695 859 2762 dr'tvc.

162 2912 377 2981 wenceslaus
412 2915 465 2981 dei
498 2916 608 2997 gracia
638 2916 856 2981 Romanorum
889 2934 945 2981 res
980 2934 1106 2998 semper
1136 2922 1295 2999 augustus
1326 2921 1360 2982 et

53 3027 194 3092 Boemic
209 3046 274 3092 rex.
298 3028 427 3094 Fideles
450 3028 578 3094 dilecti!
602 3028 652 3094 Ad
676 3030 745 3109 hoc,
769 3035 804 3093 vt
819 3028 987 3094 carnifices
1004 3035 1036 3094 et
1051 3029 1191 3111 pistores
1214 3029 1358 3095 ciuitatis

55 3146 170 3204 vestre
201 3142 233 3205 in
258 3142 378 3207 circulo
405 3141 550 3207 eiusdem
574 3142 718 3207 ciuitatis
752 3142 786 3206 in
810 3143 878 3207 loco
909 3159 966 3223 per
998 3160 1053 3207 vos
1085 3142 1165 3223 ipsis
1199 3142 1354 3224 deputato

54 3255 132 3318 siue
153 3259 259 3319 tamen
282 3254 446 3336 aliquibus
469 3256 641 3321 structuris
664 3257 869 3321 mosellorum
905 3273 1017 3321 carnes
1041 3261 1075 3320 et
1093 3274 1194 3336 panes
1218 3255 1358 3323 vendere

56 3365 198 3444 valeant,
229 3367 385 3447 tamdiu,
416 3386 583 3450 quousque
615 3368 696 3449 ipsis
723 3386 860 3449 pervus
890 3367 931 3432 de
961 3385 1121 3433 consensu
1152 3372 1262 3433 nostro
1285 3386 1359 3449 spe·

53 3479 136 3546 ciali
168 3479 258 3546 locus
291 3488 386 3563 aptus
409 3483 442 3547 in
466 3482 601 3547 ciuitate
632 3486 739 3547 vestra
773 3500 830 3563 pro
861 3481 1023 3548 maccellis
1047 3485 1080 3545 et
1102 3481 1265 3563 scampnis
1296 3499 1355 3547 seu

54 3592 201 3673 tuguriis
239 3612 357 3675 panum
389 3592 553 3676 erigendis
584 3593 683 3658 luerit
711 3593 894 3675 deputatus,
925 3611 1118 3659 consensum
1140 3599 1286 3659 nostrum
1307 3613 1358 3660 re·

55 3707 150 3788 girrm
181 3706 389 3771 adhibuimus
419 3707 542 3788 pariter
573 3713 605 3771 et
627 3725 805 3773 assensum.
830 3708 981 3773 Preterea
1004 3707 1162 3786 volumus,
1196 3710 1230 3771 vt
1253 3708 1358 3772 carni·

54 3820 137 3885 tices
172 3820 313 3900 pecudes
347 3824 379 3885 et
412 3838 547 3902 peccora
582 3825 615 3885 et
645 3825 752 3886 cetera
787 3821 940 3885 animalia
971 3824 1102 3902 propter
1127 3818 1265 3885 fecorem
1289 3821 1358 3886 eui-

53 3931 193 3997 taudum
227 3932 268 3998 de
302 3939 408 3999 cetero
442 3933 521 3999 foris
555 3933 722 4000 ciuitatem
756 3938 896 3999 vestram
934 3932 1115 3998 interficere
1152 3932 1291 3999 debeant
1324 3940 1358 4001 et

54 4049 211 4111 mactare.
236 4044 386 4112 Ceterum
417 4047 508 4113 vobis
543 4048 666 4113 seriose
696 4047 891 4128 precipimus
922 4051 955 4111 et
983 4044 1183 4128 mandamus,
1215 4046 1301 4128 quod
1323 4047 1357 4113 in

53 4158 275 4239 deputacione
297 4160 359 4226 loci
383 4179 440 4242 pro
463 4161 625 4226 maccellis
649 4166 681 4225 et
705 4160 866 4239 scampnis
892 4178 1012 4241 pianum
1043 4159 1152 4224 taliter
1183 4160 1357 4241 procedere

52 4270 217 4344 debeatis,
252 4273 337 4354 quod
370 4274 491 4355 singuli
525 4292 641 4339 census
674 4291 731 4337 seu
765 4271 911 4337 redditus
945 4290 1004 4353 pro
1026 4271 1174 4337 ecclesiis
1198 4290 1256 4337 seu
1278 4272 1354 4339 aliis

52 4385 124 4468 piis
147 4384 227 4449 lacis
242 4385 364 4450 dudum
387 4385 533 4467 deputati
550 4387 582 4450 in
599 4390 632 4449 et
652 4403 748 4466 super
771 4384 932 4465 prioribus
955 4384 1118 4449 maccellis
1141 4403 1199 4450 sen
1214 4386 1355 4467 tuguriis

52 4516 179 4583 panum
214 4498 370 4564 hactenus
403 4498 506 4563 babiti
541 4499 627 4562 circa
663 4497 792 4563 easdem
823 4497 978 4563 ecclesias
1010 4516 1069 4562 seu
1099 4498 1154 4579 qria
1176 4499 1247 4565 loca
1269 4499 1353 4567 illesi

51 4618 248 4681 remaneant
272 4610 344 4676 sine
366 4611 585 4678 diminucione
600 4611 742 4693 qualibet
765 4611 967 4693 integraliter
982 4616 1015 4678 et
1030 4611 1071 4676 ad
1087 4610 1225 4694 plenum.
1250 4594 1354 4681 Aliter

1147 4740 1198 4794 ee*
