3150 5378
680 484 757 534 lura
1281 481 1364 549 1157

59 699 174 759 nostre
205 691 354 756 Budneis
386 691 480 756 annis
512 690 650 772 singuiis
682 690 765 756 solui
797 689 898 755 debiti
930 692 1153 772 septingentas
1187 708 1365 773 sexagenas

58 825 253 889 grossorum
285 805 492 887 pragensium
515 804 776 886 prescripsimus,
804 803 951 869 dedimus
976 810 1008 869 et
1030 803 1269 886 deputauimus‚
1293 823 1364 886 pro·

61 918 250 998 scribimus,
282 919 395 983 damus
425 922 459 982 et
482 917 739 999 deputamus-
762 918 943 1000 graciosius
975 936 1033 999 per
1055 923 1223 999 presentes
1244 918 1365 998 taliter,

62 1031 153 1113 quod
188 1033 257 1113 ipse
276 1030 440 1110 Nicolaus,
470 1030 606 1096 heredes
636 1035 669 1096 et
695 1048 900 1096 successores
924 1031 985 1111 sui,
1009 1030 1172 1113 predictas
1196 1030 1366 1113 sexaginte

62 1152 142 1212 octo
165 1164 342 1227 sexagenas
366 1163 481 1211 census
504 1144 694 1211 hereditarii
716 1163 736 1209 a
759 1144 916 1228 predictis
939 1144 1066 1211 ciuibus
1086 1145 1206 1210 nostris
1226 1144 1261 1209 in
1277 1143 1365 1208 Bud-

59 1259 145 1323 weis
170 1258 202 1322 in
225 1258 309 1323 festo
334 1258 438 1323 sancti
461 1256 595 1323 Martini
620 1261 755 1324 venturo
781 1258 927 1340 proxime
949 1256 1134 1339 incipiendo
1165 1259 1268 1323 etsie
1291 1275 1364 1322 con·

58 1376 240 1452 sequenter
274 1371 369 1435 annis
400 1369 538 1451 singulis
572 1387 671 1450 super
701 1368 814 1435 eodem
842 1368 927 1435 festo
960 1375 993 1434 et
1025 1371 1163 1435 termino
1196 1369 1365 1451 percipere

55 1484 206 1549 debeant
240 1490 272 1547 et
303 1483 414 1548 leuare
444 1517 486 1527 -
517 1481 658 1562 tamdiu,
692 1500 860 1564 quousque
890 1501 949 1547 nos
985 1519 1022 1528 -
1060 1482 1196 1548 eundem
1232 1501 1363 1548 censum

55 1604 209 1663 nostrum
232 1595 467 1662 hereditarium
496 1595 664 1677 apreiato
685 1593 832 1676 nicolao,
864 1596 1037 1662 heredibus
1064 1602 1098 1662 et
1120 1596 1363 1664 successoribus

54 1711 143 1791 suis,
174 1730 245 1777 cum
275 1710 491 1793 septingentis
522 1709 693 1791 sexagenis
712 1727 896 1791 grossorum
922 1711 1129 1791 pragensium
1152 1715 1265 1792 parate
1287 1728 1360 1791 pec·

52 1824 157 1890 cunie
186 1824 413 1890 redimerimus
444 1829 474 1888 et
506 1822 722 1888 exciuerimns
759 1824 936 1904 viceuersa‚
968 1843 1063 1904 quam
1091 1826 1193 1890 eciam
1215 1823 1361 1904 redemp-

52 1938 185 2003 cionem
219 1943 252 2002 et
282 1937 501 2002 exclusionem
533 1954 688 2001 censuum
717 1937 935 2017 predictorum
965 1938 1057 2002 nobis
1085 1973 1126 1983 -
1152 1938 1290 2003 scienter
1320 1971 1362 1981 -

50 2069 274 2117 reseruemus.
299 2049 491 2115 Mandantes
515 2050 671 2131 magistro
687 2050 818 2130 ciuium,
840 2050 956 2132 judici,
980 2050 1167 2116 consulibus
1185 2051 1305 2133 juratis
1329 2053 1362 2113 et

54 2164 283 2230 communitati
315 2164 460 2228 ciuitatis
491 2163 525 2226 in
550 2162 701 2227 Budweis
723 2199 776 2241 -‚
807 2169 967 2245 quatenus
995 2165 1058 2245 ipsi
1082 2161 1245 2244 predictas
1270 2179 1360 2227 seua-

52 2279 151 2360 gints
185 2282 257 2342 octo
288 2294 465 2358 sexagenas
501 2295 685 2357 grossorum
718 2294 834 2341 census
870 2278 975 2342 nostri
1011 2276 1202 2342 hereditarii
1235 2275 1360 2358 prefato

54 2390 207 2469 Nicetes,
239 2389 411 2454 heredibus
434 2393 467 2453 et
490 2389 733 2455 successoribus
756 2391 835 2468 suis,
868 2408 969 2471 nsque
991 2391 1032 2455 ad
1055 2398 1199 2456 nostram
1224 2426 1261 2435 —
1287 2387 1359 2455 red-

53 2504 258 2586 empcionem
281 2509 314 2567 et
336 2503 567 2581 exoluoionem,
600 2507 636 2565 ut
658 2502 867 2583 premittitur,
891 2503 924 2566 iu
949 2503 1073 2583 prefato
1098 2503 1202 2570 sancti
1226 2503 1359 2568 Martini

54 2616 141 2682 festo
174 2621 207 2680 et
236 2616 374 2681 termino
406 2614 481 2680 deut
513 2616 606 2679 annis
635 2615 773 2697 singuiis
807 2613 1020 2681 effectualiter
1042 2621 1075 2682 et
1097 2617 1285 2698 persoluaut
1306 2652 1358 2695 -‚

55 2748 133 2794 uam
168 2729 448 2810 quocienscunque
484 2727 514 2791 id
550 2729 656 2810 ipsum
692 2727 837 2807 fecerint,
871 2728 974 2793 tocies
1004 2731 1093 2810 ipsos
1127 2735 1160 2794 et
1193 2730 1357 2794 ciuitatem

57 2843 204 2924 ipsorum
235 2841 275 2906 de
306 2841 427 2907 eisdem
459 2843 628 2923 sexaginta
659 2847 731 2906 octo
755 2844 924 2923 sexagenis
949 2862 1064 2907 census
1088 2842 1277 2907 hereditarii
1300 2860 1357 2922 pro

57 2955 162 3033 nobis,
188 2954 360 3020 heredibus
383 2960 416 3020 et
442 2955 685 3020 successoribus
708 2957 838 3033 nostris,
863 2956 995 3020 Boemie
1017 2956 1159 3038 regibus,
1182 2960 1215 3020 ct
1238 2955 1357 3020 nostris

58 3067 258 3135 officialibus
280 3069 536 3150 quibuscumque
557 3069 679 3150 quittos
702 3068 841 3134 dicimus
862 3069 982 3133 virtute
998 3070 1200 3151 presencium
1217 3070 1357 3148 integra·

56 3182 134 3248 iiter
151 3188 185 3246 et
200 3182 332 3247 solutos.
356 3217 396 3227 -
422 3182 542 3247 Datum
565 3181 668 3262 Prage
691 3200 775 3246 anno
799 3182 920 3246 domini
944 3182 1115 3247 millesimo
1140 3182 1356 3264 quadringen-

51 3296 174 3361 tesimo
190 3294 375 3375 tredecimo,
399 3295 453 3360 die
477 3296 631 3361 vice-ima
653 3302 769 3361 octaua
793 3296 952 3375 Octobris,
976 3314 1149 3379 regnorum
1171 3302 1354 3360 nostrorum

47 3428 138 3477 anno
157 3408 287 3473 Boemie
303 3408 573 3491 quinquagesimo
590 3409 704 3490 primo,
721 3409 937 3474 Romanorum
954 3426 1030 3474 vero
1045 3408 1211 3473 tricesimo
1228 3414 1351 3472 octauo.

121 3598 187 3682 [Na
214 3597 330 3682 ohbutl
358 3600 419 3665 Per
442 3601 606 3667 dominum
630 3599 823 3679 conradum,
846 3599 1125 3682 archiepiscopum
1147 3600 1353 3682 Pragensem‚

483 3712 649 3779 Johaunes
672 3713 850 3795 Weilburg‚
875 3713 1078 3779 decretorum
1101 3712 1221 3778 doctor.

141 3870 208 3952 [Na
230 3870 310 3934 subu
323 3869 344 3953 :]
368 3868 492 3952 Caspar
514 3870 556 3935 de
579 3869 733 3937 Lesbicz.

160 4084 232 4149 (trip.
253 4100 328 4153 perp.
348 4100 364 4133 v
382 4083 494 4137 archiva
513 4101 547 4137 m.
567 4084 813 4151 sinuessanus
841 4084 968 4153 Spdkne
988 4083 1164 4137 zachovanon
1189 4083 1289 4138 velkou
1315 4083 1352 4136 vi·

42 4190 135 4241 anton
159 4178 249 4248 pedeti
268 4179 436 4234 urstovskou
455 4196 491 4234 na
503 4196 578 4249 perg.
597 4180 724 4249 proudku
741 4180 905 4233 sarcienou
918 4179 985 4232 -V
1003 4180 1155 4247 registrech
1173 4180 1270 4249 adpisd
1289 4180 1352 4233 larri-

41 4274 187 4345 iovskych
205 4292 220 4328 ι
239 4293 259 4328 r.
282 4282 347 4329 1153
366 4276 420 4329 diui
439 4292 470 4329 ee
487 4276 598 4330 aminka
613 4277 688 4343 jer'ric'!
707 4292 723 4329 ο
741 4277 850 4328 «ΙνιιΙιιῖπι
869 4279 930 4328 lictu
951 4278 989 4328 dr.
1009 4277 1121 4328 Vdcloua
1140 4277 1156 4327 I
1161 4276 1183 4327 V
1197 4278 1222 4328 d.
1237 4297 1253 4328 v
1266 4278 1349 4328 Prnze

41 4380 75 4429 31
101 4374 179 4440 ttp'no
200 4376 273 4438 urs,
302 4388 335 4433 „v
353 4375 431 4426 usuri
457 4372 662 4441 Buddjoukim
682 4372 836 4442 piikaauje,
861 4372 913 4441 uby
932 4374 1022 4424 timui
1040 4371 1208 4425 Mikuladovi
1225 4388 1241 4424 a
1260 4371 1351 4424 Olcnio

41 4489 59 4529 ι
75 4468 153 4539 jehu
181 4466 306 4521 dedicrim
333 4468 422 4536 piatili
447 4468 606 4538 avydiivaIi
625 4468 682 4525 tak,
708 4468 787 4521 vedio
806 4468 903 4536 aapisu
924 4484 939 4520 a
958 4467 1032 4532 iistu,
1056 4467 1151 4535 literyd
1170 4483 1206 4521 na
1224 4476 1252 4520 to
1272 4466 1350 4536 aydai

40 4563 225 4625 ssikuisssiovi
252 4584 268 4619 a
289 4565 358 4632 jehu
382 4564 525 4619 dedienom
544 4565 715 4619 burdorrcim¹.
749 4564 801 4617 [ue
820 4565 916 4632 ty'chdo
935 4563 1051 4632 register
1069 4563 1109 4616 lrr.
1129 4563 1230 4617 Vriclav
1248 4562 1286 4616 IV
1305 4580 1349 4632 uy-

40 4661 156 4721 neddil
172 4663 254 4715 rste·
272 4664 300 4714 d.
319 4682 334 4715 a
353 4664 435 4716 stau
456 4666 487 4714 11
504 4666 598 4715 denna
618 4666 693 4725 tris,
716 4665 765 4725 „ic
783 4664 816 4715 ari
835 4659 937 4729 viecky
955 4659 1012 4714 rdci
1030 4658 1170 4713 Miknltde
1186 4659 1349 4730 svrrhupaa·
