3098 5392
224 424 287 489 156
845 427 920 479 reos.

221 632 302 713 ipsis
341 637 472 698 rtuntur
509 638 542 698 et
578 634 624 699 vti
664 640 799 715 possunt
842 639 874 700 ct
911 634 1044 715 debent,
1085 634 1132 699 vti
1169 637 1203 699 et
1237 631 1386 715 gaudere.
1435 630 1502 698 Pre

221 749 310 810 terea
332 745 459 811 ciuibus
493 746 575 828 ipsis
598 747 949 828 Litbomiericensibus,
982 753 1018 812 ut
1035 747 1163 830 juribus
1192 743 1494 829 Maydburgensibm,

221 876 293 923 cum
325 858 440 941 quibus
471 859 544 940 ipsa
576 859 883 943 Lithomierycensis
917 861 1034 926 ciuitas
1056 879 1076 924 a
1098 859 1258 943 principio
1291 863 1342 923 est
1371 856 1504 935 lundata,

220 970 336 1052 quibus
360 970 434 1036 freti
465 977 541 1037 sunt
574 972 693 1039 ibidem
726 973 891 1052 hactenus,
925 974 1056 1038 inantea
1084 975 1240 1055 perpetuo
1273 969 1339 1036 frui
1371 969 1488 1045 debeant

220 1081 377 1164 fouemus,
409 1084 491 1166 ipsis
514 1085 586 1149 iura
609 1086 721 1151 eodem
744 1085 976 1151 confirmantes.
1022 1085 1158 1150 Domum
1192 1082 1320 1149 ciuibus
1342 1082 1419 1164 ipsis
1436 1098 1486 1163 pro

221 1196 389 1277 mittimus,
412 1196 497 1279 quod
519 1197 602 1261 nulli
625 1198 774 1280 principi,
797 1197 920 1278 baroni,
943 1198 1018 1263 duci
1040 1202 1098 1261 aut
1113 1195 1214 1262 nobili
1234 1196 1326 1278 ipsos
1348 1195 1430 1260 ciues
1446 1197 1484 1256 out

224 1308 390 1375 ciuitatem
405 1308 725 1375 Lithomiericensem
747 1296 984 1394 [obligabimus
1008 1310 1065 1376 sed
1086 1310 1172 1393 quod
1190 1306 1271 1392 eos],
1293 1309 1378 1373 sicut
1397 1306 1484 1372 ciuitas

220 1426 254 1486 et
275 1422 364 1487 ciues
387 1421 567 1504 Pregenses
590 1422 707 1488 debent
728 1423 843 1505 lacere,
874 1423 1059 1489 celsitudini
1082 1428 1192 1489 nostre
1220 1418 1484 1488 tantummodum

218 1534 325 1599 lnmus
347 1534 521 1600 deseruire.
567 1535 605 1600 In
627 1536 721 1601 cuius
742 1537 791 1601 rei
813 1536 1033 1602 testimonium
1062 1541 1229 1619 presentes
1254 1534 1368 1600 literas
1387 1530 1485 1598 floriet

220 1652 344 1713 secreto
366 1651 476 1713 nostro
506 1647 615 1729 sigillo
647 1646 783 1713 lecimus
805 1649 1004 1714 communiri.
1050 1649 1223 1732 Postquam
1255 1651 1365 1712 antem
1384 1644 1487 1710 fauente

220 1760 348 1826 domino
371 1760 406 1825 in
426 1778 537 1842 regem
558 1759 714 1826 fuerimus
737 1762 891 1843 coronati,
918 1762 1031 1827 literas
1052 1760 1213 1843 presentis
1235 1759 1359 1825 tenoris
1378 1771 1487 1823 rancus

219 1873 324 1939 bimus
348 1879 381 1938 et
403 1891 458 1938 eas
480 1873 544 1955 ipsi
566 1872 847 1939 Lithomiericensi
881 1875 1008 1939 ciuitati
1030 1874 1150 1940 nostris
1179 1871 1357 1940 maioribus
1388 1866 1488 1951 sigillis,

218 1986 335 2069 quibus
364 1990 441 2049 tnnc
464 1983 510 2049 vti
534 1986 723 2067 ceperimus,
759 1985 905 2051 dabimus
940 1986 1108 2068 sigillatas.
1153 1986 1274 2051 Datum
1308 1984 1410 2066 Prage
1427 1996 1489 2046 anno

219 2095 452 2177 umectum,
466 2094 510 2161 V⁰
524 2097 678 2163 kalendas
694 2097 819 2178 biarcii,
836 2102 927 2163 sexta
941 2097 1132 2177 indiccione,
1146 2115 1321 2178 regnorum
1335 2100 1491 2162 uostromn

216 2230 300 2276 auno
322 2230 443 2292 primo.

322 2345 394 2415 liop.
408 2345 465 2399 liV.
479 2346 574 2400 stoletl
584 2362 600 2397 v
612 2345 744 2416 rukopise
757 2328 886 2400 desueto
901 2362 997 2400 musea
1010 2346 1079 2414 sign.
1092 2351 1125 2399 24
1138 2344 1170 2399 G.
1185 2350 1216 2399 ¹2
1229 2345 1295 2399 nal.
1309 2345 1369 2399 ast
1381 2358 1398 2398 a
1408 2341 1457 2396 stt
1468 2353 1491 2392 at

217 2440 361 2511 nn'pisem:
383 2439 494 2507 „Litera
505 2440 657 2494 maiestatis
671 2456 756 2510 super
767 2440 979 2495 confirmacione
987 2441 1117 2510 jurium⁸.
1125 2471 1161 2481 —
1171 2438 1270 2506 fliete,
1281 2438 1375 2494 uictu
1385 2438 1404 2493 i.
1415 2433 1492 2493 eeu.

217 2535 243 2590 d.
262 2535 296 2588 D.
314 2536 342 2590 in
354 2535 385 2590 Β.
397 2534 523 2589 xxvrll.
536 2542 584 2590 atr.
598 2540 656 2589 857.
674 2566 709 2575 -
727 2535 750 2587 V
762 2541 810 2589 ten
828 2534 875 2589 ias
894 2535 974 2603 ijins
985 2538 1073 2591 mesta
1084 2534 1119 2589 od
1133 2535 1212 2589 krtle
1222 2534 1370 2591 tindeicna
1379 2530 1496 2589 numu*

218 2631 306 2684 stelio
319 2635 461 2701 petri-aeui
473 2630 558 2700 srtch
571 2633 638 2700 prate
649 2629 695 2684 dle
708 2630 793 2685 vicho
805 2630 931 2697 desihio,
943 2630 1016 2700 kdyl
1029 2647 1060 2685 se
1071 2630 1202 2685 zartsala
1212 2632 1327 2686 rei-nost
1334 2630 1412 2700 J'emu
1422 2625 1493 2696 ajolo

215 2725 343 2781 dedicum
361 2727 512 2782 zachovati.
540 2724 566 2780 V
584 2729 697 2782 statnim
715 2727 828 2781 archien
845 2726 1014 2781 Vldeirsktm
1033 2726 1112 2793 (Βοὴ.
1130 2725 1171 2779 N·
1187 2731 1233 2793 59)
1250 2725 1385 2782 zachoral
1400 2740 1430 2781 aa
1444 2720 1493 2787 crit·

216 2823 293 2887 lietu,
320 2824 427 2893 kterym
445 2823 563 2892 rychtth
590 2823 712 2893 pilsetni
737 2823 745 2875 i
764 2821 884 2877 riechna
907 2823 974 2876 obec
998 2839 1033 2878 m.
1051 2822 1178 2877 Koulimi
1195 2826 1228 2875 21
1247 2822 1344 2877 blm
1361 2824 1427 2875 1808
1440 2813 1494 2873 luti

216 2918 362 2973 Jindiichu
388 2919 548 2974 krdrnosti
572 2935 602 2973 se
620 2920 699 2973 takto
721 2919 855 2972 casuali:
884 2917 957 2983 ,Nos
977 2958 984 2971 .
1002 2958 1009 2971 .
1025 2917 1121 2986 jndem
1135 2919 1224 2987 jurati
1247 2925 1277 2973 et
1295 2911 1493 2973 inrumiend-

218 3013 292 3068 ninm
310 3016 339 3068 in
358 3015 450 3069 (turim
468 3014 503 3069 ad
523 3015 712 3071 rniuersorum
731 3020 787 3068 tam
805 3015 980 3084 presencium
997 3030 1079 3084 qnam
1097 3013 1253 3069 futurorum
1270 3015 1404 3070 noticiam
1418 3019 1494 3067 buon

217 3111 390 3180 presencium
408 3112 534 3166 volumus
552 3112 709 3181 peruenire,
726 3110 799 3180 qnod
814 3127 864 3165 nos
883 3111 1061 3166 serenissimo
1079 3118 1108 3165 et
1119 3111 1268 3166 karissimo
1286 3111 1492 3167 dominonostrb

217 3207 329 3262 domino
343 3206 482 3272 Heinrieo,
493 3207 606 3261 Boemie
616 3214 644 3260 et
655 3206 769 3260 Polonie
781 3207 847 3275 regi,
860 3206 922 3260 duci
934 3206 1081 3261 Kariathie
1091 3213 1120 3261 et
1130 3207 1224 3263 comiti
1234 3206 1367 3274 Thimlis,
1379 3214 1406 3263 et
1416 3198 1494 3259 illustri

216 3301 427 3365 domineAnnq
444 3300 557 3354 Boemie
576 3308 604 3354 et
620 3299 734 3354 Polonie.
745 3301 849 3368 regine,
866 3302 988 3355 consorti
1007 3317 1058 3356 suc
1076 3317 1107 3355 ac
1125 3301 1226 3357 futuris
1243 3300 1395 3358 heredibus
1412 3294 1493 3364 saiw

216 3412 286 3464 quos
305 3397 346 3449 eis
364 3396 446 3449 simul
463 3396 612 3449 clemencia
629 3394 725 3448 diuina
742 3394 897 3462 domuerit,
917 3412 972 3450 non
990 3396 1078 3450 coacti
1096 3412 1147 3450 nec
1164 3396 1191 3449 ri
1204 3403 1254 3452 aut
1271 3406 1349 3453 metu
1367 3398 1453 3467 aliquo
1465 3393 1493 3446 in·

215 3490 289 3544 ducti
308 3490 358 3544 sed
376 3492 457 3547 bona
485 3491 573 3544 libera
596 3497 623 3544 et
642 3500 797 3560 spontanea
820 3491 963 3546 voluntate
989 3499 1093 3556 nostra,
1120 3493 1196 3546 omni
1212 3492 1321 3559 bande,
1345 3492 1418 3559 dolo,
1432 3488 1494 3549 mtlb

216 3588 369 3649 occasione,
387 3602 472 3640 causa
490 3594 518 3640 et
531 3588 712 3641 exscusacione
730 3588 899 3656 quibuslibet
915 3587 1034 3641 exclusis
1052 3589 1225 3657 prestitimus
1237 3587 1494 3644 fidelitatisdebitufl

215 3690 425 3737 sacramentum.
444 3682 636 3752 promittentes
655 3689 751 3736 nostro
770 3682 942 3737 etheredum
961 3690 1120 3738 nostrorum
1131 3682 1253 3751 nomine,
1270 3684 1347 3754 qnod
1365 3678 1492 3757 ipsmde

216 3777 316 3830 minum
337 3777 494 3831 lleinricum
519 3794 551 3831 ac
569 3777 686 3831 heredes
711 3794 776 3831 suos
801 3777 918 3842 futuros,
945 3778 1058 3847 siquos
1082 3794 1143 3832 cnm
1162 3778 1289 3848 predicta
1305 3779 1418 3835 domina
1433 3780 1494 3832 Amr

217 3873 310 3939 regium
329 3880 425 3926 nostra
442 3872 577 3929 habuerit
601 3890 670 3943 quos
690 3890 797 3927 exnunc
821 3890 901 3942 reges
920 3873 1033 3928 Boemie
1061 3881 1090 3927 et
1107 3873 1233 3929 dominos
1253 3882 1368 3931 noatrm
1384 3888 1457 3929 reret
1470 3883 1493 3924 tt

216 3968 351 4035 tegmimos
370 3985 434 4023 esse
452 3970 611 4024 asserimus.
631 3987 680 4039 pro
699 3971 802 4024 nostris
821 3969 939 4023 dominis
957 3969 1061 4024 habere
1079 3976 1216 4040 perpetuo
1234 3971 1366 4027 volumus
1384 3978 1412 4026 et
1428 3968 1496 4025 cisti

216 4064 325 4117 cuilibet
344 4065 476 4134 ipsorum.
503 4066 549 4133 qui
567 4082 617 4133 pro
642 4075 767 4134 tempore
790 4080 875 4133 regno
893 4064 1006 4119 Boemie
1024 4064 1187 4134 prefuerint,
1212 4064 1332 4136 obsequi
1357 4064 1497 4122 pomieno

217 4170 343 4229 prompte
360 4168 388 4214 ot
406 4161 534 4226 tideliter,
552 4162 676 4230 ipsisque
695 4169 788 4215 astare
806 4168 833 4215 et
846 4177 895 4215 eos
913 4166 1010 4215 contra
1027 4177 1136 4215 omnem
1148 4160 1289 4216 hominem
1306 4162 1414 4229 inuare,
1430 4172 1497 4232 qut

215 4253 360 4325 ‹lmtutqne
386 4266 412 4310 et
437 4257 678 4325 quocienscunque
703 4257 904 4311 mandauerint.
931 4256 998 4309 totis
1024 4256 1129 4311 nostris
1145 4255 1252 4311 viribus
1277 4264 1364 4328 atque
1389 4258 1498 4329 possed

215 4350 297 4403 nicbil
314 4360 411 4406 contra
433 4353 511 4421 ipsos
536 4362 582 4405 aut
602 4368 696 4405 eorum
721 4354 839 4422 aliquem
857 4368 984 4420 rmqnam
1010 4352 1156 4406 occasione
1182 4350 1229 4405 uel
1246 4366 1336 4408 causa
1351 4359 1498 4423 attemptare

216 4446 260 4498 uel
278 4446 369 4498 tatu-re
392 4464 443 4515 per
460 4464 511 4501 tres
537 4447 582 4499 uel
600 4446 683 4498 aliurn
702 4460 749 4499 utut
769 4447 846 4501 alios.
875 4446 959 4498 aerbo
978 4447 1023 4499 uel
1050 4448 1124 4500 lacto
1142 4445 1254 4515 publice
1271 4446 1320 4500 uel
1337 4450 1447 4505 occulte
1474 4441 1498 4495 ΙΙΙ

215 4541 293 4593 cuius
312 4543 501 4609 qimrrrissionis
529 4556 624 4597 nostre
642 4544 828 4598 testimonium
856 4556 1001 4612 presentes
1027 4544 1136 4598 litteras
1160 4543 1253 4613 sigillo
1270 4545 1397 4602 ciuitatis
1423 4546 1501 4599 utttn

214 4634 343 4690 duximus
361 4636 530 4704 sigillandas.
549 4638 649 4692 ilatum
668 4640 696 4692 in
715 4639 805 4692 t'nrim
825 4656 898 4694 anno
916 4639 1020 4694 demini
1037 4640 1183 4695 millesimo
1199 4643 1401 4698 maraine
1412 4646 1505 4701 cauo,
