3150 5378
279 287 362 351 1170
894 287 968 335 ruo.

273 496 368 560 annis
391 494 424 559 in
448 495 582 559 summis
607 495 704 559 berne
726 501 836 560 nostre
868 494 987 576 regalis
1018 492 1130 573 tocies,
1162 492 1297 576 quocies
1310 490 1337 575 ι)
1363 510 1422 575 per
1442 511 1497 559 nos
1516 500 1556 557 ant

272 607 429 674 officiales
452 613 579 674 nostros
604 609 755 689 imposite
785 607 916 687 luerint,
947 607 1112 689 perpetuis
1141 606 1347 689 temporibus
1379 605 1474 671 liberi
1503 624 1558 671 erse

273 721 411 786 debeant
434 726 466 785 ct
491 721 693 803 integraliter
716 722 867 801 absoluti,
895 722 934 785 acl
958 720 1043 802 quod
1067 720 1170 786 eciam
1201 719 1324 803 prefati
1357 720 1448 786 ciues
1476 720 1558 785 nostri

279 853 355 901 suos
379 833 576 916 prebuerunt
599 840 713 916 sponte
737 841 767 900 et
791 835 892 900 libere
916 852 1107 899 consensum
1129 839 1163 899 et
1184 852 1371 899 assensum.
1403 832 1485 899 Nam
1503 852 1558 916 prr·

274 947 350 1014 latis
374 945 504 1013 ciuibus
527 949 647 1013 nostris
672 948 856 1013 lrninsmorli
884 947 1001 1029 viginti
1025 965 1202 1029 sexagenas
1227 964 1423 1029 grossorum
1446 964 1561 1029 pragen-

274 1063 368 1141 sium,
400 1079 479 1142 quos
504 1060 669 1142 prctlictua
697 1060 795 1125 Vitns
818 1066 851 1125 et
874 1078 1078 1126 successores
1109 1061 1159 1125 rui
1193 1079 1253 1142 pro
1284 1060 1431 1143 lozunga
1453 1066 1485 1125 ct
1505 1078 1562 1126 con-

274 1172 455 1238 tribncione
485 1172 525 1236 ‹le
556 1173 656 1238 curiis
680 1174 749 1238 suis
772 1172 851 1237 dare
874 1178 1122 1253 consueuerunt,
1145 1172 1352 1239 detatoamus
1386 1178 1421 1239 et
1443 1175 1563 1256 ipsese

276 1286 537 1351 communitatem
571 1288 712 1367 ipsorum
736 1286 776 1350 cle
799 1287 921 1351 eisdem
945 1286 1064 1351 virtute
1088 1286 1294 1368 presencium
1327 1288 1424 1369 regia
1445 1286 1565 1353 aneton

275 1404 343 1463 tate
366 1398 498 1463 Boemie
522 1399 555 1463 in
579 1400 714 1465 snrnrnis
745 1400 865 1465 nostris
896 1398 1059 1481 regalibus
1089 1398 1290 1481 supradictis
1323 1399 1469 1483 singulis
1489 1399 1566 1464 annis

277 1512 398 1594 quittos
428 1512 576 1593 dicimus,
608 1513 806 1578 obsoluimus
831 1513 926 1577 etde
950 1517 1171 1578 cortanostra
1201 1512 1353 1579 sciencia
1381 1512 1566 1597 integraliter

278 1625 466 1690 libertamos
491 1645 548 1707 pro
572 1625 675 1705 uobis,
698 1625 872 1691 heredibus
896 1632 929 1691 et
949 1624 1190 1692 successoribus
1214 1626 1355 1707 nostris,
1379 1626 1513 1695 Boemio
1530 1644 1566 1690 re

275 1739 378 1821 gibus,
395 1758 432 1803 ac
448 1737 641 1804 officialibus
658 1740 778 1804 nostris
796 1740 1049 1823 quibuscunque.
1073 1736 1245 1804 Predictus
1267 1740 1381 1805 eciam
1396 1738 1505 1821 Vltus,
1525 1740 1565 1804 bc·

275 1851 370 1916 redes
394 1856 427 1916 et
450 1871 654 1918 successores
677 1853 740 1925 sui,
772 1853 935 1936 predictas
966 1870 1077 1918 corum
1107 1851 1215 1917 curias
1240 1870 1319 1917 cum
1343 1854 1492 1936 ipsorum
1512 1872 1568 1935 per·

275 1964 428 2030 tinenciis
451 1965 586 2031 honesto
617 1971 650 2030 et
679 1965 761 2031 bone
784 1965 868 2029 lame
901 1966 967 2032 viro
999 1966 1084 2030 intra
1115 1964 1165 2029 rel
1196 1968 1291 2030 entra
1327 1966 1498 2033 ciuitatem
1517 1986 1568 2030 nne

276 2080 371 2159 ronti,
404 2096 499 2160 quern
522 2079 611 2145 ciues
643 2098 701 2161 pro
733 2081 876 2161 ipsorum
910 2080 983 2144 cine
1016 2078 1264 2160 assumpserint,
1303 2080 1505 2148 coniunctim
1531 2078 1569 2143 ret

277 2192 409 2257 diuisim
434 2192 582 2273 vendere,
608 2193 751 2276 obligare
773 2198 806 2258 et
840 2198 1024 2275 permutare
1045 2192 1196 2275 poterint,
1219 2210 1281 2275 per
1304 2194 1432 2277 ipsum,
1454 2192 1570 2261 nereos

276 2312 310 2371 et
332 2324 536 2371 successores
572 2325 648 2372 suos
672 2325 709 2372 eo
728 2307 813 2389 jure,
837 2305 931 2372 modo
955 2312 989 2371 et
1010 2304 1122 2386 forma,
1154 2312 1252 2387 prout
1285 2314 1504 2391 expressatnr
1528 2325 1568 2373 sn·

280 2418 401 2500 perine,
428 2417 601 2499 habendas,
625 2419 782 2485 tenendos
801 2425 834 2485 et
849 2418 968 2504 ubsque
992 2419 1221 2501 impedimento
1245 2419 1402 2502 quolibet
1424 2422 1571 2505 perpetuis

276 2530 474 2612 temporibus
498 2528 632 2613 pacifice
654 2532 877 2613 possidendas.
901 2531 1094 2599 Mandontes
1110 2536 1143 2596 et
1158 2532 1412 2601 committentes
1435 2536 1571 2618 magistro

276 2644 408 2725 ciuium,
439 2643 625 2709 consulibus
652 2642 772 2725 juratis
803 2650 836 2709 et
865 2646 1087 2712 communitati
1119 2645 1265 2711 ciuitatis
1291 2648 1499 2731 supradicte,
1528 2647 1570 2729 oui

279 2761 355 2822 sont
379 2774 436 2821 seu
460 2775 518 2838 pro
540 2762 686 2840 tempore
708 2757 838 2838 inerint,
869 2756 1020 2823 fidelibus
1043 2758 1163 2823 nostris
1196 2757 1346 2840 dilectis,
1378 2759 1570 2844 presentibus

279 2866 415 2934 tirmiter
430 2874 463 2934 et
478 2868 635 2949 districte,
658 2875 816 2952 qrrotcnus
833 2871 896 2952 ipsi
913 2870 1071 2953 prelatum
1087 2869 1209 2951 Vitem,
1232 2870 1380 2939 heredes
1405 2879 1441 2941 et
1463 2890 1570 2941 succ&

276 3000 366 3049 sores
390 2999 477 3062 suos,
501 2988 533 3047 et
556 2982 723 3065 signanter
746 2983 836 3049 illurn
861 2984 910 3049 vel
933 2984 1018 3061 illos
1049 2984 1106 3067 qui
1139 2984 1300 3067 temporis
1334 3004 1495 3055 successu
1514 3002 1570 3069 pre

275 3094 359 3159 istas
383 3095 490 3160 curias
510 3100 568 3159 out
590 3114 684 3161 vnenr
707 3114 745 3160 ex
769 3097 817 3162 eis
841 3098 873 3162 in
890 3099 1033 3179 ipsorum
1055 3102 1217 3179 potestate
1238 3098 1439 3185 habuerint,
1460 3102 1494 3167 in
1513 3114 1569 3183 pre

276 3208 341 3272 fate
365 3215 474 3273 nostro
496 3208 714 3290 exernpcionis
745 3214 778 3273 et
801 3208 1058 3289 libertacionis')
1089 3210 1199 3292 gracia
1228 3229 1296 3278 non
1321 3212 1509 3297 impetunt
1525 3228 1570 3277 noc

284 3320 434 3402 impediri
458 3322 628 3401 cruciantur
651 3341 709 3404 per
731 3324 924 3405 qnempiam,
941 3324 1133 3407 quinpocius
1155 3321 1244 3405 ipsos
1268 3325 1405 3395 eisdem
1429 3328 1487 3409 vti,
1511 3324 1570 3395 lrni.

279 3435 377 3515 potiri
401 3440 433 3499 et
455 3433 590 3516 pacifice
612 3435 754 3517 gaudere
777 3436 974 3517 permittant,
997 3442 1031 3502 et
1052 3436 1094 3501 ad
1116 3436 1320 3519 prefatorum
1351 3439 1477 3525 viginti
1497 3456 1570 3507 scn-

277 3566 432 3630 genarum
466 3567 653 3629 grossorum
684 3550 890 3632 pragensium
921 3549 1118 3617 solucionem
1147 3568 1213 3616 non
1241 3560 1386 3621 arceant
1419 3560 1478 3622 aut
1503 3572 1571 3623 cont·

276 3661 408 3743 pellant,
432 3666 529 3743 prout
552 3661 812 3743 indignacionem
835 3668 978 3729 nostram
1000 3662 1228 3747 grauissimam
1250 3664 1430 3735 voluerint
1452 3670 1568 3737 euitare

280 3774 488 3840 Presencium
519 3775 578 3839 snb
601 3776 690 3857 regie
713 3781 824 3842 nostre
846 3776 1026 3841 maiestatis
1056 3776 1165 3859 sigillo
1187 3777 1388 3849 testimonio
1411 3782 1570 3849 litorum

279 3888 396 3951 ltoturn
419 3886 523 3968 Prage
545 3906 628 3952 enno
652 3888 774 3954 donnini
800 3889 971 3956 millesimo
997 3889 1323 3971 ‹lnudringentesimo
1339 3900 1441 3964 sexto
1456 3896 1570 3963 decimo.

278 4000 331 4065 ilie
355 4000 531 4067 tredecima
560 4000 764 4083 Nouembris,
795 4021 968 4085 regnorum
998 4008 1181 4071 nostrornm
1211 4022 1301 4073 anuo
1324 4006 1469 4077 Boemio
1495 4008 1571 4094 quin

277 4114 464 4195 quagesimo
486 4120 611 4196 quarto,
636 4116 852 4182 Romanorum
875 4134 950 4183 vero
974 4116 1221 4200 quadragesimo
1244 4119 1367 4201 primo.

382 4252 446 4336 [Na
470 4253 553 4320 obbo
564 4252 586 4336 :]
613 4253 660 4319 td
683 4255 878 4322 relacionem
901 4256 1061 4323 Johannis
1084 4256 1125 4324 de
1146 4256 1311 4342 Lestkow,
1335 4260 1566 4331 submonui.

887 4368 1053 4437 lohannes
1075 4370 1117 4436 de
1137 4370 1313 4457 Bamberg.

380 4476 445 4563 [No
467 4477 584 4562 rubin]
607 4480 644 4544 R.
670 4478 794 4562 Caspar
816 4481 857 4546 de
879 4480 1035 4550 Lewbicz.
