3098 5392
133 432 197 496 35ss
756 433 831 482 1341.

130 640 244 707 obccaci
265 641 358 706 berne*
377 639 546 706 lcrdlooslco'
567 662 610 722 po
624 620 760 707 declam
781 661 815 706 cc
835 639 991 722 cybirclo,
1014 659 1035 704 c
1057 644 1088 703 to
1109 637 1279 704 alcaiddbo
1298 639 1379 705 ldae
1388 662 1426 722 pc

124 757 185 837 pall
217 752 300 819 tdikc'
329 753 444 818 latone
470 755 544 820 nebo
573 756 617 819 32
636 777 697 838 qr,
730 755 869 820 medicae
891 754 1089 818 Lilomdiidtt
1119 755 1203 836 maji
1233 753 1307 818 dact
1340 754 1426 818 berul

131 871 174 931 30
196 865 254 948 lcop
278 867 415 949 ojadae
436 866 520 949 dopo
541 867 707 933 srnaaadbo
730 887 770 933 aa
792 869 876 933 celoa
897 868 975 934 obeo.
1006 867 1120 949 Ir'dybp
1142 864 1237 932 totino
1255 868 1318 948 poll
1340 868 1426 932 berni

130 1002 163 1046 se
185 981 337 1062 cybirala
361 1003 382 1045 a
404 981 466 1045 sice
487 981 597 1046 alcino
612 1002 658 1065 po
682 983 722 1046 16
742 981 877 1065 prediolo,
908 986 943 1045 tu
964 982 1047 1063 mqy'i
1070 980 1211 1045 melleae
1232 980 1426 1047 Litome'r'a'dtr

403 1093 474 1158 daci
495 1095 589 1160 berae
610 1097 650 1160 15
673 1093 732 1178 kop
755 1117 776 1160 a
792 1095 853 1176 prid
875 1093 955 1177 kopp
978 1095 1152 1160 anazarbo.

238 1321 403 1388 iohannes
433 1322 486 1389 dei
508 1325 618 1405 gracia
644 1323 798 1389 Bobemie
826 1342 884 1389 rex
910 1342 947 1389 ac
969 1322 1282 1406 Luczemburgensis
1314 1342 1426 1388 comes⁴

131 1441 242 1501 notum
264 1453 338 1500 esse
360 1436 506 1501 volumus
528 1440 640 1501 tenore
662 1436 866 1518 presencium
888 1436 1060 1516 vniuersis,
1090 1436 1168 1517 quia
1190 1436 1295 1501 nostri
1320 1435 1425 1502 dilecti

127 1547 239 1614 fideles
263 1548 353 1614 ciues
376 1548 416 1613 de
438 1548 673 1632 Litbomierycz
686 1547 711 1631 ¹)
735 1550 795 1615 boc
825 1568 932 1615 coram
954 1549 1047 1614 nobis
1071 1548 1378 1614 demonstrauerunt
1398 1555 1422 1613 et

129 1661 339 1727 ostenderunt
354 1661 532 1742 euidenter,
556 1661 642 1743 quod
665 1680 761 1741 quam
776 1662 869 1743 plura
883 1661 976 1741 bona,
1001 1660 1089 1745 [que]
1111 1661 1151 1726 ab
1167 1662 1312 1744 antiquis
1328 1668 1422 1727 retro-

127 1776 210 1840 actis
245 1775 443 1857 temporibus
477 1794 549 1841 cum
583 1776 655 1857 ipsa
689 1776 822 1841 ciuitate
856 1775 1126 1859 Litbomierycz²l
1159 1775 1277 1840 beruas
1312 1777 1422 1858 regiae,

132 1888 385 1972 quandocunque
401 1888 636 1971 inponebantur
650 1907 758 1970 regno,
783 1889 958 1968 soluerunt,
974 1888 1040 1952 iam
1057 1888 1199 1953 alienata
1214 1888 1283 1953 sint
1298 1888 1339 1953 ab
1356 1889 1423 1970 ipsa

132 1999 413 2084 Litbomierniczb
436 2002 578 2067 ciuitate.
623 2002 667 2066 Et
688 2021 747 2067 nos
770 2001 915 2067 volentes
946 2001 1082 2082 prouide
1104 2001 1185 2083 ipsis
1208 2002 1331 2069 nostris
1353 2001 1425 2066 fide

131 2114 215 2180 libus
239 2133 277 2180 ae
300 2115 401 2179 eciam
424 2119 555 2196 propter
578 2133 687 2181 eorum
716 2112 793 2180 fidei
816 2114 1044 2194 constanciam,
1075 2132 1139 2196 qua
1170 2132 1299 2196 semper
1320 2120 1426 2180 nostre

131 2230 221 2309 regie
231 2226 474 2309 magnificencie
485 2226 623 2294 fideliter
636 2234 821 2310 paruerunt,
834 2228 1015 2310 prouidere,
1030 2228 1177 2309 graciose
1191 2228 1275 2310 ipsis
1287 2229 1426 2310 graoimn

133 2343 215 2407 banc
237 2342 372 2407 fecimus
395 2348 428 2406 et
449 2343 585 2408 facimus
607 2342 811 2424 presentibus
835 2342 875 2407 de
896 2347 1008 2407 nostra
1029 2342 1225 2407 liberalitate
1247 2347 1282 2407 et
1304 2341 1426 2407 munifi·

134 2456 245 2519 cencia
267 2456 358 2537 regia
380 2457 562 2536 specialem,
585 2455 679 2538 quod,
702 2455 956 2538 quandocunque
970 2454 1069 2520 berne
1083 2455 1174 2538 regie
1188 2457 1357 2538 generales
1373 2475 1426 2537 per

132 2573 235 2633 totum
257 2587 391 2650 regnum
415 2574 558 2634 nostrum
570 2568 703 2635 Boemie
725 2568 908 2635 bominibus
931 2569 1073 2650 inposite
1086 2568 1209 2634 suerint
1224 2569 1258 2634 in
1273 2568 1426 2649 futurum,

134 2682 181 2744 ita
204 2680 288 2762 quod
310 2680 454 2763 quolibet
475 2683 567 2747 laneo
591 2701 648 2763 per
677 2682 816 2748 mediam
844 2701 985 2748 marcam
1014 2699 1156 2764 manem,
1190 2681 1345 2748 videlicet
1373 2701 1426 2764 per

138 2794 272 2874 triginta
295 2794 375 2859 duos
399 2812 528 2875 grossos
551 2813 736 2876 pragenses,
759 2796 842 2860 solui
865 2799 898 2860 ct
927 2795 997 2860 dari
1027 2813 1085 2877 pro
1107 2794 1208 2860 berna
1237 2793 1370 2860 debebit
1397 2801 1426 2861 et

135 2908 307 2988 continget,
330 2912 406 2971 tunc
429 2908 492 2989 ipsi
516 2909 604 2972 ciues
628 2909 730 2972 nostri
751 2908 888 2989 predicti
904 2926 1013 2974 omnes
1029 2907 1070 2973 de
1084 2913 1153 2973 tota
1168 2907 1304 2974 ciuitate
1319 2908 1427 2975 Litho-

133 3017 306 3103 mierycz⁴l
330 3026 454 3084 tantum
476 3020 566 3085 XXX
597 3039 773 3102 sexagenas
803 3040 849 3103 gr.
873 3041 931 3103 pro
960 3026 1029 3087 tota
1056 3021 1156 3087 berna
1185 3040 1245 3087 sua
1276 3023 1370 3106 regia
1398 3028 1426 3087 el

134 3153 228 3198 vnam
251 3152 443 3215 sexagenam
466 3152 511 3214 gr.
536 3152 594 3215 pro
616 3134 847 3200 delencinlibus
870 3135 947 3200 dare
969 3135 1164 3200 tenebuntur
1193 3140 1226 3200 et
1257 3135 1426 3201 debebunt

135 3247 169 3312 Si
194 3265 268 3312 vero
291 3246 391 3311 berna
412 3247 519 3312 media
541 3265 640 3329 regno
664 3247 880 3329 inponeretur,
910 3249 957 3313 ita
980 3248 1141 3329 videlicet,
1164 3249 1250 3331 quod
1274 3249 1316 3315 de
1338 3251 1419 3315 lane

134 3359 278 3440 quolibet
298 3361 391 3440 regui
413 3364 538 3425 tantum
560 3360 635 3425 XVI
657 3361 762 3441 grossi
786 3362 869 3426 solui
892 3366 925 3426 et
947 3360 1017 3425 dari
1047 3379 1105 3442 pro
1135 3360 1235 3427 berna
1266 3361 1426 3429 deberent

133 3479 209 3538 tunc
232 3473 295 3554 ipsi
318 3474 407 3537 ciues
430 3472 471 3538 de
484 3470 749 3555 Litbomierycz⁵l
764 3474 902 3555 predicti
919 3493 1028 3539 omnes
1051 3492 1109 3555 pro
1131 3479 1201 3539 tota
1221 3477 1316 3558 regia
1330 3476 1426 3541 beru,

133 3585 277 3651 ciuitatis
299 3582 570 3668 Litbomierycn⁶)
594 3586 653 3650 XV
672 3604 848 3668 sexagenas
871 3591 995 3651 tantum
1011 3591 1043 3651 et
1058 3605 1153 3651 vuam
1175 3587 1318 3654 mediam
1341 3608 1426 3655 sera-

134 3717 248 3780 geuam
272 3716 328 3779 pro
351 3698 581 3762 delencialibus
605 3698 731 3762 soluere
754 3697 923 3777 debebunt,
954 3704 987 3763 et
1009 3698 1049 3762 ab
1072 3699 1157 3763 omni
1181 3699 1248 3764 alia
1271 3702 1356 3782 pluri
1378 3719 1421 3765 sa

133 3812 260 3876 lucioue
282 3809 379 3874 berne
401 3816 433 3873 et
456 3810 686 3876 delencialibus
706 3815 813 3892 preter
828 3812 1040 3892 prescriptam
1056 3813 1144 3893 ipsos
1160 3812 1312 3880 volumus
1329 3813 1413 3879 omni·

134 3924 227 3989 mode
261 3925 453 4005 supportari,
488 3924 677 3988 mandantes
712 3924 840 3989 dilectis
873 3926 993 3990 uostris
1023 3923 1173 3990 fidelibus
1203 3926 1408 3993 collectoribus

134 4037 242 4117 berne,
266 4036 410 4101 omnibus
435 4043 467 4101 et
490 4038 626 4119 singulis
651 4038 769 4103 nostris
792 4037 984 4103 officialibus
999 4037 1083 4119 aliis,
1108 4039 1164 4122 qui
1178 4058 1238 4122 pro
1255 4061 1339 4108 nunc
1353 4045 1408 4106 sunt

135 4152 184 4215 rel
207 4151 241 4214 in
263 4151 370 4216 futuro
393 4152 438 4215 ibi
454 4158 556 4231 erunt,
580 4152 664 4233 quod
680 4153 743 4232 ipsi
759 4153 934 4233 premissos
950 4153 1038 4218 ciues
1054 4149 1405 4239 Lithomyeryczeuses⁷l

135 4266 168 4328 in
202 4265 262 4328 hac
288 4265 397 4346 gracia
427 4270 536 4330 nostra
567 4266 648 4345 ipsis
678 4283 736 4346 per
765 4284 833 4345 uos,
868 4270 902 4330 vt
931 4267 1073 4349 promitti
1090 4286 1138 4348 ur,
1172 4267 1259 4334 facta
1292 4269 1410 4335 debeant

137 4378 318 4442 omnimode
347 4377 405 4442 sub
434 4379 567 4442 incursu
597 4378 706 4458 grauis
738 4377 976 4460 indignacionis
1006 4384 1116 4445 nostre
1146 4399 1339 4448 conseruare
1363 4400 1412 4448 nec

137 4496 247 4555 contra
269 4491 350 4555 banc
374 4490 575 4572 aliquomodo
591 4489 697 4554 iacere
712 4491 764 4555 uel
781 4493 891 4557 venire
905 4492 1013 4557 verbis
1030 4511 1134 4575 neque
1148 4493 1253 4563 factis.
1278 4498 1314 4562 lu
1335 4497 1415 4561 cuius

136 4605 183 4670 rei
213 4605 433 4670 testimonium
467 4608 632 4684 presentes
662 4602 733 4669 fieri
763 4609 796 4670 et
825 4605 924 4687 sigilli
954 4607 1056 4671 nostri
1087 4609 1268 4676 munimine
1296 4610 1424 4677 facinus
