3098 5392
677 410 751 460 ran.
1310 410 1372 475 641

69 614 282 695 angariarum
306 616 471 685 solucione
494 617 613 684 liberos
636 618 766 700 penitus
797 624 831 684 et
862 623 1036 700 exemptos,
1067 617 1148 682 duas
1176 617 1320 701 piscinas
1342 622 1376 683 et

71 727 139 794 duo
162 728 346 795 molendina
374 731 410 796 in
432 732 510 797 villa
532 728 701 815 Cithernss
726 732 867 811 situata;
898 731 976 796 item
998 732 1196 814 piscaturam
1217 730 1251 797 in
1273 729 1374 797 fluuio

70 840 177 908 Albee
198 841 238 908 ab
262 843 427 910 obstaculo
450 845 540 911 curie
561 846 715 926 Quentini
746 863 804 911 sen
826 844 1012 925 molendini,
1050 844 1137 925 quod
1160 843 1300 910 Crebern
1324 844 1372 910 di·

71 956 169 1036 citur,
200 974 302 1037 usqne
332 957 366 1024 in
389 957 564 1043 Antiquam
588 957 763 1042 coloniam,
795 958 848 1024 vbi
879 957 977 1041 gades
1008 957 1153 1024 eiusdem
1182 958 1372 1024 hereditatis

72 1070 145 1135 suis
169 1069 326 1137 limitibus
349 1072 609 1155 distinguuntur;
643 1073 721 1138 item
739 1072 899 1155 judicium
922 1072 955 1136 in
979 1071 1122 1153 Antiqua
1144 1070 1278 1138 Colonia
1300 1091 1372 1138 cnm

68 1182 228 1249 thaberna
250 1183 387 1266 ibidem;
410 1186 488 1251 item
510 1186 573 1252 duo
594 1186 718 1268 rubeta,
743 1204 840 1251 unum
862 1204 901 1251 ex
924 1187 990 1251 alia
1012 1189 1105 1268 parte
1122 1183 1218 1251 fluuii
1233 1185 1371 1267 predicti

70 1294 196 1362 dictum
217 1296 348 1381 Hoynik
378 1302 411 1364 et
439 1299 528 1365 alind
551 1299 591 1365 ab
614 1300 678 1365 ista
700 1304 793 1381 parte
815 1299 960 1365 eiusdem
982 1297 1076 1364 fluuii
1097 1298 1245 1365 Rodland
1268 1299 1370 1365 nomi·

70 1415 194 1491 natum,
219 1416 251 1476 et
272 1431 382 1477 omnes
405 1413 539 1494 insulas,
569 1432 632 1496 qne
661 1414 694 1478 in
726 1411 851 1495 prelato
872 1404 977 1478 ¹fluuio
999 1411 1083 1478 inira
1106 1413 1309 1494 supradictos
1332 1414 1370 1480 li·

69 1525 168 1591 mites
199 1530 231 1591 et
260 1526 416 1591 terminos
447 1527 568 1593 situata
598 1531 674 1592 sunt
703 1526 753 1592 vel
784 1512 878 1592 crunt
910 1524 1108 1608 temporibus
1137 1523 1303 1603 affuturis;
1338 1532 1371 1592 et

68 1639 259 1721 specialiter
292 1640 431 1705 insulam
465 1641 552 1707 circs
584 1641 820 1721 molendinum,
859 1640 945 1723 quod
983 1637 1124 1719 Grobe³t
1159 1640 1370 1705 communiter

67 1756 284 1834 nuncupatur,
308 1771 380 1818 cum
402 1753 551 1821 omnibus
571 1753 730 1820 fructibus
753 1759 787 1820 et
808 1752 1032 1819 emolumentis
1052 1750 1194 1818 omnium
1209 1752 1369 1834 predicto·

65 1883 141 1930 rum
164 1864 282 1930 habere
304 1869 337 1931 et
359 1866 526 1948 possidere
549 1867 673 1947 debeat,
705 1867 791 1932 sicut
820 1867 880 1932 hec
912 1865 1019 1931 omnia
1049 1866 1099 1931 sni
1123 1865 1368 1947 predecessores

64 1979 108 2043 ab
131 1978 276 2058 antiquis
299 1979 497 2061 temporibus
520 1980 684 2047 commode
706 1985 740 2046 et
761 1978 895 2063 pacifice
919 1978 1140 2061 possederunt.
1165 1979 1288 2046 Idcirco
1312 1980 1368 2045 ha·

63 2090 136 2157 bito
161 2096 311 2173 respectu
332 2091 472 2175 benigno
488 2092 528 2157 ad
545 2110 659 2174 puram
673 2091 769 2158 fidem
784 2098 818 2158 et
833 2093 1042 2159 deuocionem
1058 2093 1226 2175 sinceram,
1250 2093 1366 2177 quibus

63 2204 224 2271 Nicolaus
240 2204 404 2288 predictus
421 2205 514 2271 nobis
530 2210 563 2270 et
575 2224 674 2288 regno
689 2210 800 2271 nostro
815 2205 949 2272 Boemie
963 2205 1186 2288 multipliciter
1201 2206 1373 2289 hucusque·

62 2318 264 2400 complacuit
286 2323 320 2384 st
341 2319 539 2400 complacere
559 2319 678 2401 poterit
699 2319 901 2401 prestancius
924 2319 956 2383 in
980 2318 1134 2400 futurum,
1157 2320 1264 2385 animo
1287 2320 1366 2386 deli·

62 2433 191 2512 berato,
214 2451 278 2499 non
301 2451 359 2515 pen
381 2451 522 2499 errorem
545 2438 602 2498 aut
624 2433 815 2515 improuide,
840 2434 897 2499 sed
919 2433 960 2498 de
982 2438 1070 2499 certe
1091 2437 1203 2500 nostra
1224 2434 1366 2501 sciencia

61 2551 100 2613 et
121 2545 317 2611 auctoritate
337 2546 429 2628 regia
450 2546 582 2611 Boemie
612 2546 676 2629 ipsi
698 2546 842 2626 Nicolao,
873 2546 1045 2612 heredibus
1068 2552 1101 2613 et
1123 2548 1365 2614 successoribus

61 2660 148 2739 suis,
171 2658 331 2741 prelatum
350 2659 511 2742 judicium
531 2679 602 2725 cum
619 2659 767 2725 omnibus
791 2660 859 2724 suis
876 2658 1071 2742 supradictis
1086 2659 1255 2741 fructibus,
1279 2679 1364 2727 erno·

61 2773 231 2853 lumentis,
253 2773 463 2855 prouentibus
486 2779 520 2838 et
541 2774 761 2856 pertinenciis,
792 2778 888 2856 prout
916 2774 1106 2840 nominatim
1135 2779 1365 2857 expressantur

61 2886 229 2968 superius,
252 2886 476 2969 approbamus,
504 2884 700 2952 ratificamus
723 2891 755 2950 et
777 2891 888 2950 tenore
909 2885 1112 2968 presencium
1134 2905 1193 2969 pro
1215 2886 1308 2952 nobis
1331 2893 1364 2953 et

62 3000 240 3067 heredibus
259 3001 388 3081 nostris,
404 3001 536 3067 Beemic
551 3001 691 3082 regibus,
711 2999 943 3082 possidendum
958 3006 1113 3084 perpetuo
1128 2999 1361 3067 confirmamus.
1388 3057 1390 3061 .

62 3114 275 3180 Prcsencium
305 3115 365 3180 sub
396 3114 572 3198 imperialis
601 3120 712 3181 nostre
738 3115 917 3180 maiestatis
940 3115 1048 3196 sigillo
1069 3115 1254 3181 testimonio
1277 3117 1362 3181 litte-

59 3247 182 3293 rarum.
207 3228 326 3294 Datum
338 3229 442 3311 Prage
457 3247 541 3294 anno
558 3228 679 3295 domini
695 3229 866 3295 millesimo
880 3229 1107 3296 trecentesimo
1123 3231 1361 3311 septuagesimo

59 3341 180 3424 primo,
195 3341 378 3408 indiccione
394 3361 487 3422 nona,
508 3342 696 3408 duodecimo
713 3342 867 3408 kalendas
883 3342 975 3422 Julii,
992 3361 1163 3425 regnorum
1178 3348 1369 3409 nostrorum

59 3474 150 3521 anno
173 3455 328 3521 vicesimo
352 3456 474 3536 quinto,
498 3455 626 3536 imperii
650 3473 725 3520 vero
748 3454 872 3521 decimo
896 3456 1041 3537 septimo.

170 3625 243 3696 Kop.
255 3643 288 3680 ze
300 3625 366 3680 XVI
380 3626 442 3681 stol.
461 3643 477 3679 r
489 3627 612 3696 pametnl
624 3626 705 3681 liniae
717 3643 751 3679 m.
764 3626 866 3681 Kolina
880 3645 916 3681 na
928 3629 944 3681 l.
958 3634 991 3680 35
1002 3630 1016 3679 b
1029 3644 1044 3680 v
1058 3628 1168 3682 arclrivu
1180 3629 1260 3682 tehoi
1272 3629 1361 3684 mesta

57 3741 96 3781 za
113 3723 254 3793 napiscm:
275 3723 415 3791 ,Zvlaitni
433 3723 602 3779 obdarortinl
619 3724 739 3794 rychtaii
750 3724 798 3780 ΒΝ
818 3756 852 3765 -
874 3728 894 3793 ¹)
913 3724 1107 3780 Vkontirmaci
1125 3726 1165 3780 kr.
1184 3726 1305 3780 Vdclava
1321 3727 1360 3781 lv

57 3821 86 3875 d
105 3836 124 3874 v
141 3819 229 3874 Pnazc
246 3824 280 3875 30
298 3820 371 3889 lljna
395 3825 462 3875 1387
480 3819 543 3891 plia
561 3835 591 3874 se
612 3821 748 3889 ,mayza“.
766 3851 802 3861 —
820 3822 841 3888 ⁹)
859 3820 920 3875 Nad
939 3823 988 3874 tim
1003 3821 1084 3888 jinou
1102 3820 1193 3875 rulron
1209 3822 1360 3891 piipstno:

57 3900 174 3986 ilttury.
192 3946 227 3956 —
245 3917 265 3985 ⁶)
282 3915 344 3972 Nad
362 3919 411 3970 tim
429 3918 510 3971 tonia
528 3917 631 3971 rukon:
651 3915 754 3985 llroby.
773 3946 807 3955 —
825 3915 848 3969 0
865 3918 1017 3971 nminenem
1043 3933 1058 3970 v
1076 3916 1143 3970 listn
1166 3922 1253 3971 tomto
1271 3920 1359 3986 midae

57 4012 207 4065 Hrodckdm
223 4028 243 4066 u
259 4010 362 4068 liclina
379 4013 529 4084 zachovaly
548 4029 609 4067 soz
629 4014 656 4066 te
674 4011 747 4082 doby
768 4011 819 4066 dvc
836 4016 937 4082 nprdvy
962 4031 978 4066 r
996 4012 1147 4081 registrcch
1164 4012 1278 4083 adplsdr
1295 4013 1359 4067 kra-

56 4107 196 4179 lovslrych
213 4126 228 4161 z
247 4125 268 4162 r.
289 4114 355 4163 1454
374 4110 473 4177 asico,
497 4112 529 4164 ie
552 4108 620 4179 pied
642 4109 743 4163 komisl
761 4110 904 4164 sndmovnl
921 4109 987 4164 toho
1007 4109 1077 4164 rolin
1098 4109 1237 4176 ,Barbora
1254 4109 1357 4166 Grnbe·

57 4222 129 4261 rona
157 4204 194 4259 od
222 4204 299 4275 Hory
326 4205 443 4260 olrazala
465 4205 520 4273 list,
545 4205 661 4259 vidimus
686 4204 740 4274 pod
760 4205 907 4274 llorskych
933 4200 1219 4275 pilseinych'pecetl,
1247 4207 1359 4261 rndmd

57 4299 166 4354 Vdclav
186 4304 254 4371 opat
271 4314 288 4354 a
305 4300 427 4354 konnent
445 4300 569 4355 lrltitera
586 4300 755 4355 Sedleclieho
774 4301 879 4368 zapsali
896 4300 1058 4354 llcnzllnovi
1076 4299 1358 4358 meitenlnuNortho

58 4395 168 4451 Kollna
195 4401 227 4449 15
246 4413 284 4464 gr.
309 4395 398 4450 droka
421 4412 459 4450 na
481 4396 557 4450 tiech
581 4397 699 4466 mlinich
719 4414 735 4449 u
754 4397 863 4463 Kollnc,
886 4397 953 4451 tecit
977 4396 1072 4466 Hroby
1090 4398 1217 4468 ajinych
1236 4399 1299 4467 dud,
1324 4417 1359 4456 aa

58 4498 112 4548 120
131 4493 191 4562 lrop
209 4509 249 4561 gr.
266 4492 368 4547 Datum
386 4510 459 4548 anno
478 4493 581 4549 domini
603 4501 668 4549 1³62
689 4498 713 4557 (s
725 4494 913 4564 pozndmlron:
932 4495 958 4548 A
976 4494 1074 4564 nsplie
1093 4510 1123 4550 se
1141 4496 1290 4565 natcjden
1302 4498 1366 4553 nab·

56 4606 97 4645 na
114 4588 236 4659 ndlrtery
254 4588 309 4655 ias,
334 4592 385 4644 nei
406 4590 493 4645 toliko
519 4595 551 4643 io
570 4608 608 4660 gr.
627 4591 753 4657 droka)“,
771 4606 789 4644 a
805 4593 836 4642 ia
857 4591 966 4653 „Vacclr
987 4590 1172 4661 Dobeiovsky
1189 4592 1365 4650 okiaal‘dra·

1166 4711 1200 4761 41
