3098 5392
238 450 301 515 286
861 450 934 500 1334·

237 655 314 711 sterii
331 654 448 725 predicti
467 654 502 711 ed
520 655 647 712 ciuitates
672 660 782 711 nostras
808 656 854 710 uel
872 656 927 712 ulie
950 656 1011 711 loca
1027 655 1079 712 boc
1096 656 1200 713 iaciant
1223 656 1285 712 eine
1308 655 1465 728 preindieio
1483 673 1538 712 mo-

235 752 350 808 nasterii
367 752 483 823 predicti
503 759 529 806 et
548 751 676 823 dampno,
695 752 808 808 vendita
825 753 902 822 prius
921 751 1075 808 hereditate
1093 769 1145 808 sua
1158 758 1186 807 et
1199 753 1329 808 omnibus
1347 752 1444 809 musis
1461 754 1538 824 prius

237 864 327 903 ceram
345 847 372 902 d.
391 850 490 904 abbate
515 855 563 903 sut
588 849 645 904 suis
672 847 834 904 officialibus
862 848 1007 919 expeditis.
1028 849 1151 918 -Ipsis
1175 865 1286 920 quoque
1309 850 1405 905 abbati
1429 857 1459 905 et
1474 866 1536 905 eon-

239 945 334 999 uentui
352 945 476 1014 graciose
495 943 669 1000 concedimus
688 945 787 1000 virtute
805 946 978 1015 presencium
998 951 1025 999 et
1042 944 1177 1015 tenemus,
1199 951 1231 1000 ut
1247 961 1345 1001 omnes
1364 952 1395 1000 et
1413 947 1533 1017 singulos

237 1043 380 1097 censuales
400 1043 442 1097 sui
454 1042 614 1098 monasterii
633 1041 764 1098 antedicti
777 1043 849 1097 circa
860 1042 906 1097 uel
918 1043 991 1098 intre
1009 1057 1194 1112 quascumque
1212 1041 1343 1098 ciuitates
1356 1044 1437 1112 regni
1448 1044 1532 1097 nostri

237 1144 264 1191 et
282 1154 413 1208 expresse
431 1138 607 1193 Luthomeriz
626 1145 654 1192 et
670 1138 766 1193 Pontis
785 1139 892 1209 positos
912 1145 940 1192 et
958 1145 1102 1194 manentes
1126 1144 1252 1209 tempore
1268 1136 1365 1194 debito
1385 1143 1414 1194 et
1431 1143 1529 1194 statuto

238 1250 348 1290 censum
367 1251 423 1290 non
442 1235 592 1302 soluentes,
615 1235 809 1305 ciduscumquc
837 1241 927 1290 status
946 1241 994 1291 aut
1018 1234 1186 1291 condicionis
1211 1234 1343 1302 existant,
1370 1233 1526 1305 irrequisitis

237 1331 343 1386 ciuibus
357 1330 504 1400 etjudiciis
516 1332 657 1387 ciuitatum
669 1330 791 1401 ipsarum
803 1331 908 1386 invilla
925 1336 974 1386 eut
989 1330 1061 1386 villis
1080 1346 1129 1386 seu
1147 1330 1227 1386 bonis
1248 1330 1467 1401 qmbuscumque
1480 1344 1523 1400 per

239 1442 269 1481 se
286 1426 364 1495 ipsos
384 1433 432 1481 aut
451 1425 583 1481 officiales
603 1442 669 1481 suos
688 1428 797 1495 possint
810 1433 837 1480 et
855 1426 973 1481 debeant
989 1425 1063 1482 licite
1080 1426 1266 1497 inpignorata,
1283 1442 1342 1482 non
1361 1427 1517 1484 obstantibus

236 1523 404 1591 quibuslibet
420 1522 574 1592 impetratis
592 1523 621 1577 in
640 1522 806 1578 contrarium
831 1522 876 1576 uel
893 1521 928 1578 de
948 1528 1039 1578 cetero
1057 1520 1264 1594 impetrandis*
1283 1520 1399 1592 OEmler,
1415 1522 1515 1592 uersa

236 1620 281 1674 lv.
300 1617 322 1672 t.
341 1621 411 1688 sea.)

808 1776 871 1859 lio.
898 1793 969 1859 ru.

617 1948 717 2026 1334,
739 1949 782 2017 28
804 1964 932 2034 srpnu.
964 1947 997 2017 V
1020 1947 1135 2017 Brne.

238 2121 408 2209 lloroositp‘
445 2123 611 2190 martroot
641 2124 741 2190 Korel
767 2123 983 2206 piielustriaje
1014 2124 1192 2189 medicatos
1224 2126 1329 2190 mesto
1365 2104 1432 2189 lists
1455 2120 1502 2188 aod

237 2239 353 2304 Lucem
375 2238 459 2303 asad
480 2239 652 2314 irotc‘r'etoi,
674 2238 781 2323 tterp'l
801 2238 854 2320 opt
875 2243 938 2303 otec
951 2236 1026 2321 jetro
1047 2235 1121 2302 kru‘l
1141 2238 1210 2304 Jaas
1236 2237 1359 2303 liotoos‘
1377 2257 1395 2302 a
1415 2233 1501 2301 Koldt'c

237 2353 455 2434 sporotenim
476 2351 546 2435 jich
569 2352 676 2434 prdec
693 2351 866 2434 poeloeepa'l,
896 2372 918 2415 o
938 2351 1133 2432 ostaaovuje,
1163 2350 1225 2433 uby
1253 2349 1434 2416 summus
1450 2345 1500 2412 ato

236 2467 341 2532 elioda
370 2466 507 2549 aprovib'
537 2471 620 2547 cesty
643 2487 665 2529 o
686 2464 796 2530 sileam
824 2486 842 2529 o
865 2467 963 2529 armati
983 2485 1005 2528 o
1026 2462 1124 2529 hiem
1149 2467 1262 2539 mio,
1290 2463 1384 2529 adet
1398 2463 1435 2527 od
1446 2466 1499 2544 pr'e·

237 2580 362 2665 dediticii
394 2578 488 2645 trote
521 2579 603 2662 orojt
631 2578 763 2663 reiectio,
793 2578 827 2643 ie
852 2598 972 2660 pooosy
993 2576 1081 2643 strae
1105 2576 1176 2660 jeci
1197 2581 1306 2654 mesto,
1329 2599 1352 2643 o
1371 2575 1458 2644 aikola'
1469 2590 1499 2655 pt

519 2692 636 2776 neapoli
657 2690 779 2756 cestdch
801 2714 823 2755 o
845 2690 998 2766 sancet,
1016 2691 1099 2775 maji
1109 2690 1232 2774 jeeda‘ti.

338 2852 477 2918 Karolue
501 2851 622 2917 domini
646 2851 748 2916 nostri
770 2850 857 2932 regis
873 2849 1005 2915 Boemie
1026 2849 1274 2932 primogenitus,
1298 2848 1434 2917 marchio
1450 2845 1499 2911 llo

235 2967 335 3031 rauie.
382 2964 538 3031 Constare
568 2966 714 3030 volumus
744 2964 948 3046 presencium
976 2963 1213 3046 inspectoribus
1243 2963 1414 3043 vuidonis,
1437 2953 1499 3043 quoi

234 3081 311 3146 licet
337 3078 485 3145 dominus
517 3082 549 3142 et
580 3078 706 3161 genitor
736 3082 846 3143 noster
877 3077 1075 3158 carissimus,
1106 3077 1254 3143 dominus
1278 3075 1444 3155 lohannes,
1460 3084 1498 3136 rex

234 3192 389 3259 Bohemie
411 3191 603 3271 antedictus
626 3190 768 3257 officium
783 3191 945 3256 vectionis
968 3208 1117 3256 vasorum
1132 3190 1167 3255 in
1182 3190 1307 3255 Anesik
1321 3184 1499 3273 superilbea

235 3327 308 3373 cum
326 3306 454 3389 juribus
469 3311 502 3371 et
517 3305 710 3370 utilitatibus
727 3306 795 3371 suis
809 3305 910 3371 nobili
922 3306 992 3371 viro
1016 3304 1145 3370 domino
1160 3303 1312 3371 Thimoni
1334 3302 1376 3369 dc
1390 3298 1497 3371 cordio,

236 3440 294 3487 suo
316 3426 491 3501 nostroque
514 3418 699 3484 consiliario
720 3417 819 3500 fideli,
843 3419 920 3485 dum
942 3419 1023 3484 alias
1043 3422 1182 3499 vacaret
1206 3417 1390 3499 contulerit,
1409 3421 1497 3488 unu,

236 3534 312 3615 quia
341 3533 427 3599 idem
458 3533 605 3598 domiuus
629 3532 742 3597 Thimo
774 3532 908 3598 audiens
932 3537 1006 3615 post
1027 3531 1235 3598 collusionem
1260 3528 1439 3597 huiusmodi
1456 3518 1498 3591 siti

236 3648 362 3727 iactam,
386 3646 471 3727 quod
495 3646 617 3710 dictum
640 3645 801 3711 vecciouis
825 3644 966 3711 officium
989 3643 1182 3727 pertinuerit
1196 3643 1236 3709 ab
1252 3645 1384 3729 antiquo
1404 3646 1434 3708 et
1450 3640 1498 3705 im

236 3761 396 3842 pertineat
411 3760 451 3825 ad
467 3761 556 3824 ciues
580 3759 724 3824 ciuitatis
748 3759 942 3840 supradicte,
966 3762 1096 3841 propter
1119 3757 1204 3838 quod
1215 3757 1284 3840 juri
1298 3776 1340 3823 ex
1355 3754 1500 3823 donatione

235 3881 369 3957 paterna
391 3876 425 3939 in
448 3874 534 3938 (licto
557 3872 720 3938 veccionis
751 3870 857 3937 officio
880 3870 942 3936 sibi
974 3869 1167 3953 competenti
1189 3888 1229 3935 ex
1250 3867 1370 3936 affectu
1396 3860 1501 3935 sinceri·
1540 3900 1543 3907 ·

236 3990 322 4070 tatis,
347 4008 442 4070 quem
465 3990 535 4069 ipse
558 3988 705 4053 [lominus
729 3986 842 4051 Thimo
864 3985 905 4050 ed
929 3985 1031 4050 dictos
1055 3984 1139 4066 gerit
1161 3982 1261 4066 ciues,
1289 4002 1398 4051 corum
1416 3982 1504 4048 nour

236 4104 403 4184 presencia
433 4103 626 4168 constitutus
649 4102 750 4168 libere
773 4102 820 4166 eis
844 4098 951 4180 cessit,
983 4098 1087 4165 eidem
1109 4097 1324 4166 renuncciens
1345 4092 1507 4182 penituset

237 4217 269 4279 iu
303 4222 406 4282 totum
439 4215 698 4297 supplicacitque
721 4214 822 4294 uobis,
847 4219 881 4278 vt
902 4213 987 4279 fecta
1020 4213 1167 4279 cessione
1198 4215 1232 4277 et
1262 4208 1510 4279 renuncciaciont
1540 4268 1543 4273 .

238 4347 294 4409 per
316 4348 389 4393 eum
411 4330 451 4395 de
473 4328 579 4395 officio
610 4332 777 4408 prenotato
806 4327 888 4393 illud
919 4326 1045 4391 ciuibus
1068 4323 1241 4391 antedictis
1265 4324 1516 4408 appropriare&

237 4441 412 4507 attribuere
434 4462 470 4508 eo
489 4443 573 4525 jure,
597 4462 660 4524 quo
684 4443 774 4523 prius
797 4442 838 4506 ed
854 4459 908 4506 eos
932 4445 964 4506 et
984 4439 1148 4506 ciuitatem
1163 4438 1343 4522 predictam
1364 4437 1519 4524 petunt

237 4555 415 4639 graciosius
438 4556 651 4638 dignaremur.
676 4555 743 4620 Nos
767 4556 870 4637 ipsius
887 4554 1009 4621 domini
1024 4552 1190 4620 Thimonis
1213 4552 1366 4637 precibus
1387 4552 1543 4631 tatium-i

236 4670 321 4736 libus
351 4688 492 4735 annuere
521 4669 743 4736 fauorabiliter
773 4667 980 4750 disponentes
1011 4663 1152 4736 offitium
1178 4665 1342 4735 vectionis
1373 4652 1543 4753 profuturui
