3098 5392
227 457 290 523 528
848 458 925 507 rasa.

230 665 385 730 hacteuus
408 665 606 745 complacere
629 663 754 729 studuit
785 670 820 729 et
843 666 930 729 valet
951 684 989 731 ac
1011 665 1131 747 poterit
1151 665 1293 746 amplius
1314 664 1349 729 in
1370 664 1492 739 futmun,

227 783 259 843 ot
281 777 433 859 quoniam
455 778 541 841 iuste
563 777 748 858 petentibus
787 796 850 843 non
874 783 924 843 est
945 778 1154 860 denegandus
1176 794 1342 858 assensus,
1362 776 1494 861 prodiero

226 891 328 956 nostri
360 890 516 972 genitoris
539 891 650 955 literas
678 890 718 957 de
741 892 846 956 uerbo
869 892 909 956 ad
933 891 1064 957 verbum
1088 893 1121 957 in
1144 890 1295 957 omnibus
1317 891 1385 956 suia
1403 888 1496 955 tenori

225 1003 295 1084 bus,
318 1008 414 1086 prout
436 1003 658 1085 exprimuntur
675 1005 837 1086 superius,
855 1004 1079 1088 approbamus,
1101 1001 1312 1086 ratificamus,
1334 1005 1496 1071 mundamus

233 1122 266 1181 et
289 1134 326 1181 ex
350 1121 438 1181 certa
460 1116 601 1182 sciencia
624 1122 657 1182 et
679 1118 813 1199 speciali
835 1123 947 1183 nostra
969 1117 1079 1212 gracia
1100 1122 1212 1183 tenore
1233 1118 1432 1200 presencium
1442 1134 1498 1182 cou-

227 1229 401 1310 firmamus,
436 1230 624 1296 mandantes
659 1231 820 1298 vniuersis
864 1237 897 1296 et
938 1231 1076 1314 singulis
1109 1230 1300 1313 capitaneis,
1331 1229 1499 1307 cameraria

227 1342 476 1409 subcamerariis
500 1348 533 1409 et
555 1344 672 1410 ceteris
696 1342 848 1410 officiatis
880 1345 1002 1410 nostris
1025 1361 1082 1426 per
1103 1343 1281 1424 Boemiam,
1305 1343 1499 1423 cuiuscunque

227 1462 332 1523 statua
366 1476 423 1523 seu
448 1457 650 1523 condicionis
679 1457 830 1539 existant,
866 1462 899 1523 et
922 1457 1108 1539 specialiter
1130 1456 1273 1523 scabinis
1297 1462 1332 1523 at
1348 1455 1456 1541 imaus
1473 1472 1499 1520 ac

227 1572 447 1636 communitati
483 1572 606 1637 ciuium
642 1572 785 1638 omniurn
819 1571 964 1637 ciuitatis
996 1570 1168 1651 Lunensis,
1201 1571 1258 1653 qui
1292 1575 1371 1637 sunt
1389 1575 1440 1636 aut
1457 1586 1499 1651 pro

226 1690 372 1766 tempore
394 1683 524 1764 fuerint,
547 1682 696 1749 fidelibus
718 1684 840 1750 uostris
864 1683 1002 1767 dilectis,
1025 1688 1185 1766 quatenus
1209 1682 1336 1750 dictum
1356 1682 1499 1750 Nicolam

228 1802 261 1862 et
285 1815 361 1863 suos
383 1796 518 1862 heredes
543 1795 575 1861 in
599 1794 723 1878 prefato
744 1795 869 1878 judicio
893 1800 1004 1861 contra
1033 1794 1315 1879 approbncionam,
1336 1794 1500 1862 ratificacio

213 1911 278 1975 'nis
310 1915 342 1975 at
365 1908 644 1976 confirmacionem
671 1914 799 1975 nostras
821 1907 965 1992 prefatas
987 1928 1050 1975 non
1073 1909 1254 1992 impediant
1274 1927 1336 1976 sau
1356 1911 1499 1976 molestent

221 2042 286 2088 nec
310 2041 365 2087 eos
388 2023 577 2104 permittant
600 2042 658 2104 per
681 2022 844 2105 quoslibet
866 2021 1026 2103 impediri.
1050 2022 1085 2089 si
1107 2022 1180 2104 quis
1202 2029 1313 2090 antem
1331 2023 1500 2090 contrarim
1535 2106 1539 2119 Ι

231 2140 422 2218 attemptare
456 2136 699 2218 presumpserit,
735 2153 867 2217 grauem
901 2139 1011 2201 nostre
1042 2134 1282 2217 indignacionis
1299 2134 1499 2202 oflensamu

231 2254 405 2331 cognoscat
438 2250 583 2332 grauiter
616 2249 830 2315 incursurum.
865 2247 1074 2313 Presencium
1107 2247 1167 2314 sub
1203 2248 1385 2332 imperialis
1415 2251 1499 2314 nosue

233 2362 414 2428 maiestatis
437 2362 554 2444 sigillo.
601 2364 720 2429 Datum
742 2362 846 2444 Prage
869 2380 953 2428 anno
976 2361 1098 2428 domini
1119 2360 1294 2428 millesimo
1318 2359 1413 2430 000ο
1429 2359 1498 2443 quin·

228 2477 416 2558 quagesima
440 2474 569 2557 saxto,¹)
593 2476 776 2542 indiccione
797 2476 853 2558 IX,
877 2475 921 2541 Vl
944 2476 1018 2541 idus
1040 2474 1131 2555 Maii,
1153 2492 1330 2557 regnorum
1344 2480 1498 2541 nostroruu

229 2608 312 2654 anno
336 2589 469 2670 decimo,
493 2591 621 2672 imperii
643 2609 720 2654 vcro
743 2589 893 2654 secundo.

334 2760 425 2830 Kopie
452 2762 606 2831 zpoidtlru
631 2762 681 2815 XV
707 2761 800 2816 stolati
826 2761 958 2830 vrulrop.
981 2762 1028 2815 cis.
1047 2759 1211 2814 universitnl
1227 2757 1381 2829 bibliotdlry
1404 2756 1497 2811 vuue

229 2856 402 2925 „Copinrium
421 2857 486 2926 dipl.
506 2858 734 2912 Praemislaenm“
756 2858 825 2926 sign.
843 2856 883 2909 Vl
900 2859 925 2912 Δ
944 2862 958 2909 t
978 2872 1015 2910 na
1031 2854 1050 2908 l.
1068 2861 1099 2909 31
1111 2875 1145 2920 a,
1163 2853 1235 2908 lrdai
1256 2855 1277 2923 ¹)
1296 2854 1402 2926 chybna
1416 2852 1496 2924 quinto

226 2982 261 2991 —
279 2938 371 3023 (losky
396 2953 511 3022 pieklad
536 2972 551 3005 z
571 2954 621 3006 XV
640 2953 702 3007 stol.
726 2952 872 3006 varchivu
895 2968 930 3004 m.
952 2951 1032 3006 Loun
1051 2967 1068 3005 a
1085 2954 1116 3004 tn
1134 2966 1165 3005 se
1182 2949 1282 3019 datujs
1302 2950 1382 3019 ,Diu
1403 2947 1496 3003 varus

226 3048 282 3101 lc'ta
299 3047 414 3102 boiieho
433 3049 558 3104 tislcieho
571 3049 687 3105 tiisteho
700 3048 872 3119 podestteho
885 3047 990 3111 latito,
1008 3044 1161 3101 indiccione
1172 3062 1258 3114 nona,
1277 3046 1354 3102 issu
1364 3044 1423 3101 idus
1433 3040 1497 3109 llijt

224 3143 378 3199 kralovstrl
396 3143 492 3199 naiich
511 3145 567 3199 leta
585 3143 717 3199 desttsho
737 3161 753 3198 a
771 3142 930 3198 oiesaistvie
949 3158 965 3195 v
983 3140 1099 3195 druhsm
1116 3141 1195 3195 leta*

789 3426 853 3507 Cla.
886 3441 958 3507 361.

590 3597 687 3679 1356,
711 3600 730 3667 1
755 3599 948 3667 dervense.
975 3600 1009 3669 V
1031 3598 1165 3668 Policl.

230 3770 323 3839 Oisor'
344 3775 444 3840 Karcl
455 3776 477 3837 I
480 3774 509 3836 V
519 3774 682 3856 potcrsuje
704 3773 888 3837 deditissimo
902 3772 1047 3854 rychtciii
1060 3770 1214 3860 [neJ'sptic
1231 3763 1501 3854 Vosokomp'oltm

231 3883 418 3971 Haedolfooa']
441 3887 495 3950 list
518 3885 607 3951 lar-aila
636 3885 772 3950 l'aiclaoa
794 3887 835 3949 Il
851 3907 895 3950 oro
916 3885 1112 3967 rychtcir'stot
1138 3881 1219 3947 nat.
1250 3886 1356 3949 masto
1376 3876 1503 3971 [nejspsst

520 3997 674 4080 l'paolce‘lao
698 3996 806 4084 lllp‘to]
830 4021 862 4064 se
884 4001 965 4063 oiim
982 3997 1251 4080 prestruentes».

332 4174 367 4236 lu
392 4174 521 4238 nomine
544 4179 603 4239 etc.
628 4175 767 4241 liarolus
791 4180 851 4240 etc.
883 4179 994 4240 notum
1018 4172 1155 4238 iacimus
1179 4170 1357 4252 vniuersis,
1379 4160 1506 4252 quodtd

229 4295 338 4353 nostre
361 4288 542 4352 maiestatis
565 4288 720 4353 accedeus
744 4289 944 4370 presenciam
966 4280 1163 4372 R[udliuus],
1182 4283 1286 4366 iudex
1308 4278 1508 4350 hereditarius

228 4402 263 4464 in
288 4401 374 4483 [Alta
400 4399 536 4483 Muthul,
560 4401 651 4465 uobis
675 4400 839 4464 humiliter
862 4399 1068 4480 supplicauit,
1092 4401 1253 4478 quatenus
1276 4395 1342 4461 sibi
1372 4391 1510 4479 quasdam

227 4514 353 4577 litteras
388 4514 473 4577 clare
516 4514 666 4579 memorie
694 4513 830 4576 illustris
853 4510 1064 4589 ll'euczeslai,
1088 4507 1249 4591 quondam
1271 4508 1409 4576 Boemie
1428 4505 1512 4589 regia

232 4628 285 4694 aui
316 4627 418 4690 nostri
444 4629 612 4707 carissimi,
646 4624 833 4707 approbare,
863 4622 1024 4688 ratificare
1049 4628 1082 4687 et
1102 4618 1294 4687 confirmare
1317 4622 1361 4689 de
1382 4616 1513 4702 benigni·
