3098 5392
216 417 281 484 698
840 416 916 469 reto.

215 630 353 707 nostros,
385 643 477 708 reges
500 624 642 706 Boemie,
673 624 770 693 dictis
800 624 955 692 iratribus
978 627 1036 690 aut
1057 622 1213 707 predictis
1235 621 1278 688 de
1301 621 1460 690 chunstat
1479 628 1507 688 et

215 739 433 820 Birkenstein,
468 739 524 820 qui
554 737 596 804 ad
626 736 737 805 fideles
760 755 874 804 manus
897 737 1131 820 obligationem
1160 736 1258 803 huius
1288 738 1445 820 pignoris,
1477 741 1508 801 rt

213 853 422 934 premittitur,
445 856 647 935 receperunt,
668 851 769 919 fuerit
790 851 995 934 integraliter
1009 851 1184 934 persoluta
1206 849 1426 918 Pecuniamm
1440 868 1508 918 vero

216 984 372 1031 summam
405 965 549 1047 eandem,
584 964 737 1032 videlicet
770 969 909 1046 quatuor
940 963 1031 1031 milia
1064 981 1300 1047 sexagenorum
1330 982 1509 1047 grossarum

217 1079 425 1163 pragensium
460 1078 675 1161 denariorum,
709 1079 837 1145 soluere
865 1083 1021 1159 tenemur,
1055 1075 1209 1145 debemus
1239 1081 1273 1142 et
1301 1076 1508 1144 volumusin

213 1193 321 1259 Broda
350 1193 573 1260 Theutonicali
607 1198 640 1259 et
673 1193 803 1259 easdem
833 1191 988 1275 pecunias
1017 1209 1119 1275 usque
1144 1190 1280 1257 Polnam
1301 1208 1419 1258 secure
1439 1208 1506 1274 pro

213 1324 327 1373 curare
357 1306 501 1373 conduci.
547 1307 618 1386 Qua
652 1305 811 1390 siquidem
841 1306 1005 1373 solucione
1039 1304 1088 1372 sic
1108 1304 1205 1386 lacta,
1238 1304 1355 1371 statim
1383 1302 1509 1388 quibus·

213 1418 291 1486 libet
321 1418 522 1500 difficultate,
552 1419 820 1499 contradictione,
848 1401 1088 1502 impedimento,
1111 1416 1185 1485 dolo
1208 1433 1267 1482 seu
1289 1414 1508 1500 fraudeque

214 1551 340 1615 cunque
361 1533 492 1615 ingenio
515 1552 574 1600 seu
594 1533 700 1599 colore
714 1531 860 1615 quesitis,
884 1531 978 1614 plene
997 1530 1335 1612 submotis,·caslrum
1349 1535 1384 1597 et
1397 1531 1507 1598 ciuitas

212 1647 358 1730 predicta
380 1646 421 1711 ad
444 1665 512 1728 nos,
535 1645 672 1714 heredes
694 1650 727 1712 et
749 1662 953 1712 successores
976 1649 1115 1725 nostros,
1144 1661 1238 1727 reges
1261 1642 1407 1725 Boemie,
1429 1641 1507 1709 redi·

215 1760 305 1842 bunt,
338 1759 562 1845 debebuntque
594 1760 675 1827 dicti
703 1759 820 1827 naues
850 1758 891 1825 de
912 1757 1102 1843 Podyebrad
1132 1775 1171 1823 ac
1197 1756 1301 1825 eciam
1325 1755 1507 1841 supradicti,

213 1874 269 1955 qui
291 1873 526 1957 obligationem
547 1879 739 1956 receperunt
769 1872 966 1954 huiusmodi,
999 1871 1173 1938 restituere
1201 1868 1307 1950 nobs,
1342 1864 1507 1935 heredibus

213 1991 246 2052 et
267 1987 508 2054 successoribus
538 1986 669 2067 nostris,
701 1986 834 2054 Boemie
862 1985 1004 2069 regibus,
1038 1984 1110 2051 sine
1143 1980 1338 2050 difficultate
1352 2058 1356 2063 ⁵
1371 1980 1507 2068 quauta

213 2099 296 2165 idem
331 2106 471 2167 castrum
502 2106 535 2166 et
564 2101 730 2166 ciuitatem
762 2100 941 2183 predictam
967 2116 1173 2166 cumeorum
1195 2096 1412 2180 pertinenciis
1444 2094 1505 2160 rni-

216 2212 330 2277 uersis.
354 2212 506 2279 Preterea
528 2213 695 2295 signanter
716 2211 884 2294 adicimus,
908 2211 994 2295 quod
1009 2217 1076 2278 tam
1092 2216 1234 2277 castrum
1248 2210 1397 2293 Lipnicz,
1418 2226 1506 2293 quern

212 2324 329 2390 ciuitas
351 2324 460 2391 Broda
481 2325 627 2409 predicta
657 2326 794 2392 durante
826 2329 970 2407 tempore
1003 2323 1291 2407 impignorationis
1326 2319 1504 2390 huiusmodi

212 2437 315 2520 nobis,
348 2438 521 2506 heredibus
552 2445 585 2505 et
614 2438 856 2506 successoribus
887 2438 1019 2517 nocuis,
1053 2437 1184 2520 regibus
1206 2435 1354 2518 Boemie,
1386 2450 1503 2503 necnon

211 2551 331 2618 illustri
354 2550 486 2633 Jodoco,
510 2553 688 2619 marchioni
711 2550 868 2632 Morauie,
898 2556 1015 2634 patruo
1037 2555 1148 2618 nostm
1169 2549 1298 2631 dilecto,
1322 2554 1436 2633 patere
1454 2547 1504 2614 de·

210 2663 309 2731 beant
339 2671 372 2730 et
401 2683 474 2731 esse
507 2669 631 2749 aperta,
665 2666 923 2749 quotiescunque
955 2665 1055 2732 fuerit
1088 2669 1289 2748 oportunum.
1337 2661 1505 2730 Prouiders

214 2784 322 2845 tamen
351 2778 504 2845 debemus
527 2785 561 2845 et
582 2780 739 2860 volumus,
774 2780 802 2845 si
833 2779 873 2845 de
904 2783 1010 2845 castm
1041 2782 1074 2844 et
1102 2777 1237 2844 ciuitate
1266 2776 1426 2862 predictis
1453 2791 1505 2842 nos

212 2911 350 2975 gwerras
375 2894 526 2974 cuiquam
547 2912 678 2959 mouere
709 2894 884 2975 contingat,
915 2893 1001 2974 quod
1024 2892 1104 2960 dicti
1125 2891 1244 2958 fratres
1266 2891 1309 2958 de
1331 2887 1505 2958 Podiebred

211 3023 270 3088 per
290 3005 477 3073 huiusmodi
499 3025 639 3089 gwerras
661 3010 789 3072 nostras
812 3008 845 3071 in
869 3005 991 3072 eisdem
1006 3011 1113 3072 castro
1130 3010 1163 3072 et
1178 3005 1315 3071 ciuitate
1330 3022 1392 3089 pe·
1406 3002 1506 3072 omnia

212 3118 389 3184 reddantur
411 3117 616 3202 indempnes3
648 3119 802 3200 pecunias
826 3119 937 3201 eciam,
970 3137 1049 3201 quas
1072 3119 1152 3185 dicti
1174 3118 1292 3185 iratres
1315 3116 1353 3186 in
1375 3115 1505 3185 edificiis

213 3235 245 3296 et
268 3231 440 3297 structuris
464 3231 542 3298 dicti
567 3232 664 3297 castri
686 3232 821 3314 Lipnicz
844 3232 1055 3315 expenderint
1077 3237 1110 3299 et
1130 3249 1211 3316 quas
1233 3230 1321 3299 infra
1344 3246 1505 3297 nummum

213 3349 342 3409 centum
365 3361 597 3426 sexagesimum
628 3363 812 3427 grossorum
835 3345 984 3426 protendi
1006 3345 1166 3426 uolumus,
1201 3344 1381 3411 secundum
1409 3343 1504 3410 racio

212 3476 285 3523 nem
307 3458 495 3540 legitimam,
519 3457 611 3523 nobis
635 3457 774 3539 desuper
796 3457 986 3538 faciendam,
1010 3475 1079 3540 nos,
1102 3457 1237 3525 heredes
1256 3463 1291 3524 et
1306 3471 1504 3524 snccoerores

212 3570 324 3652 nostri,
347 3589 441 3654 reges
463 3570 606 3652 Boemie,
629 3570 712 3652 ipsis
735 3570 888 3638 fratribus
911 3572 1085 3639 restituere
1106 3570 1289 3638 tenebimur
1307 3569 1505 3653 integraliter

213 3684 308 3750 etad
331 3685 471 3768 plenum,
495 3685 572 3750 dum
593 3703 653 3767 per
674 3703 733 3750 nos
755 3683 795 3749 ab
818 3684 866 3750 eis
889 3684 1013 3751 dictum
1035 3685 1154 3768 pignus
1176 3683 1360 3764 liberatum,
1383 3689 1420 3750 rt
1439 3699 1504 3766 pre

210 3799 359 3880 mittitur,
382 3799 481 3865 fuerit
503 3803 536 3865 et
557 3798 769 3880 redemptum.
812 3797 856 3862 Et
879 3799 1010 3879 quocies
1033 3797 1206 3880 contigerit
1227 3815 1296 3878 nos,
1320 3796 1457 3864 heredes
1470 3799 1500 3861 et

212 3930 415 3978 successores
438 3919 576 3992 nostros,
599 3930 693 3994 reges
716 3911 858 3993 Boemie,
891 3911 1029 3977 durante
1059 3911 1337 3994 impignoracione
1365 3910 1504 3995 predicta

211 4026 340 4108 exigere
361 4027 485 4108 aliquid
516 4028 548 4091 in
581 4027 737 4108 pecuniis,
769 4025 1075 4108 contributionibus,
1108 4025 1227 4106 bernis,
1262 4025 1432 4108 precariis,
1463 4023 1505 4091 lo-

212 4141 323 4221 sungis
348 4158 405 4204 seu
428 4140 503 4205 aliis
526 4158 545 4203 a
569 4139 756 4205 ciuitatibus
779 4139 871 4219 regni
893 4137 1027 4204 Boemie
1047 4137 1268 4218 communiter,
1289 4137 1377 4221 quod
1393 4143 1505 4204 extunc

212 4255 301 4319 ciues
337 4254 480 4319 ciuitatis
503 4251 680 4318 Brodensis
707 4250 852 4333 predicte
881 4256 1006 4333 partem
1029 4269 1083 4318 eos
1106 4254 1363 4333 concordantem,
1398 4257 1434 4318 rt
1461 4254 1507 4316 est

212 4368 310 4432 moris
346 4371 379 4432 et
412 4367 488 4431 dare
522 4366 610 4432 soliti
645 4369 720 4430 sunt
752 4369 895 4446 actenus,
933 4367 1082 4433 similiter
1105 4365 1211 4431 *dictis
1246 4364 1287 4430 de
1322 4364 1508 4449 Podyebred

214 4481 340 4545 soluere
362 4484 542 4559 teneantur,
565 4496 645 4562 quas
661 4479 814 4559 pecunias
837 4479 871 4544 in
893 4498 971 4545 rsus
994 4498 1069 4546 suos
1083 4477 1306 4561 beneplacitos
1321 4484 1510 4546 conuertere

211 4596 372 4677 poterunt,
396 4591 586 4657 difficultate
610 4590 753 4672 qualibet
783 4611 846 4658 non
873 4592 1028 4659 obstante.
1064 4589 1223 4673 Ceterum,
1254 4592 1335 4660 dum
1365 4612 1427 4678 per
1454 4611 1511 4660 nos
