3098 5392
684 462 757 511 ¹⁴⁰⁵·
1281 465 1365 533 1011

169 671 379 737 Wenceslaus
403 673 464 735 etc.
488 668 644 751 magistro
679 669 810 750 ciuium,
845 667 1032 735 consulibus
1061 670 1182 754 juratis
1216 676 1249 737 et
1282 690 1367 739 cem-

63 786 213 851 munitati
237 785 382 852 ciuitatis
405 781 699 866 Neumburgensie,
732 781 882 850 fidelibus
906 783 1027 850 uestris
1050 783 1189 866 dilectis,
1224 786 1368 868 graciam

63 900 187 984 regiam
210 903 243 964 et
265 917 360 964 omne
380 898 508 964 bouum.
543 897 673 965 Fideles
696 897 828 965 dilectit
875 896 960 979 Quia
982 897 1064 963 alias
1087 897 1208 966 illustri
1231 898 1364 984 Jodoco,

61 1012 240 1080 marciniani
255 1010 583 1094 Braudemburgeusi,
608 1010 693 1077 sacri
708 1011 837 1094 imperii
852 1010 1121 1079 archicamerarin
1137 1017 1170 1078 et
1184 1013 1363 1082 marchioni

62 1127 220 1207 Merauie,
243 1125 384 1208 principi
402 1122 461 1213 [et]
484 1130 600 1208 patruo
623 1129 734 1191 uestro
751 1126 929 1208 carissime,
953 1129 1081 1192 centum
1096 1130 1129 1192 et
1150 1128 1366 1214 quadraginta

65 1259 189 1307 mareas
213 1257 332 1322 panes
357 1257 473 1306 census
496 1240 606 1320 annui,
641 1239 811 1320 sexaginta
834 1244 973 1320 quatuor
995 1257 1125 1322 grossos
1148 1258 1206 1322 pro
1221 1242 1365 1325 qualibet

62 1374 171 1421 marca
202 1353 427 1436 computando,
461 1353 497 1422 in
519 1353 653 1419 ciuitate
675 1357 784 1419 vestra
819 1354 913 1420 annis
947 1353 1086 1435 singulis
1116 1352 1272 1421 leuandae
1306 1375 1365 1440 pro

62 1475 151 1535 certa
173 1468 311 1550 pecunie
343 1484 467 1533 summa
490 1467 715 1552 obligauimna
750 1471 846 1549 prout
879 1467 939 1534 hoc
973 1467 1037 1533 alie
1060 1467 1155 1533 litere
1177 1469 1360 1536 maiestatis

62 1588 172 1648 nostra
195 1582 258 1647 sibi
281 1581 357 1647 date
379 1580 519 1663 desuper
549 1581 678 1662 plenius
701 1584 915 1660 attestantur3
941 1580 1061 1647 ideirco
1083 1578 1234 1647 fidelitati
1257 1588 1365 1650 vestre

59 1702 173 1761 tenore
195 1693 401 1777 presencium
423 1693 573 1759 districte
587 1693 783 1777 precipimus
799 1699 833 1760 et
847 1693 1047 1775 mandamus,
1071 1701 1230 1777 qnatenus
1247 1701 1363 1779 patruo

60 1816 171 1876 nostre
206 1808 351 1891 predicte
384 1807 572 1874 huiusmodi
613 1811 741 1874 centum
771 1812 804 1873 et
836 1808 1051 1890 quadraginta
1083 1827 1209 1876 marcas
1243 1828 1363 1893 graues

60 1925 156 1990 annis
179 1923 317 2004 siugulis
341 1922 412 1988 sine
433 1922 613 1990 renitcncia
646 1927 680 1988 et
710 1922 969 1989 contradictione
1002 1921 1200 2005 quibuslibet
1234 1924 1362 1990 soluere

60 2037 265 2118 integraliter
307 2034 452 2101 debeatis
485 2036 627 2117 tamdiu,
663 2054 831 2118 quousque
872 2036 978 2102 dictus
1009 2054 1126 2102 census
1167 2035 1207 2102 ab
1250 2036 1363 2103 eodem

59 2155 176 2233 patrue
199 2153 311 2215 nostre
334 2149 387 2215 uel
418 2150 591 2216 heredibus
626 2150 694 2216 suis
729 2168 786 2232 pro
809 2149 867 2215 tali
891 2167 1016 2216 summa
1037 2150 1183 2233 pecunie,
1216 2169 1275 2234 pro
1298 2169 1363 2233 qua

59 2265 168 2331 eidem
190 2263 351 2345 obligatus
382 2268 441 2344 est,
475 2269 513 2328 ut
534 2263 741 2346 premittitur,
775 2263 931 2329 liberatus
965 2262 1065 2329 inerit
1097 2267 1131 2328 et
1163 2264 1359 2346 redemptus.

58 2379 144 2445 Nam
167 2377 426 2460 quociescunque
444 2377 550 2443 eidem
566 2382 681 2460 patrue
703 2384 814 2444 nostro
829 2377 1014 2443 huiusmodi
1030 2381 1160 2444 centum
1175 2381 1208 2443 et
1224 2378 1362 2461 quadra·

59 2496 152 2573 pinta
173 2508 299 2558 marcas
323 2490 555 2574 persolueritis,
590 2492 692 2558 tocies
726 2509 784 2557 ves
820 2491 860 2556 de
884 2490 1008 2557 eisdem
1034 2491 1128 2557 annis
1151 2490 1289 2575 singulis
1313 2496 1360 2557 te·

58 2626 138 2673 nore
162 2605 365 2688 presencium
387 2622 445 2686 pre
468 2602 561 2670 nobie
585 2609 619 2670 et
641 2604 884 2670 successoribus
908 2604 1038 2684 nostris,
1062 2604 1193 2687 regibus
1216 2605 1359 2685 Boemia,

55 2723 180 2805 quittcs
214 2718 353 2785 dicimus
376 2718 507 2800 penitus
539 2722 572 2783 et
602 2717 735 2799 solutos,
768 2718 864 2783 aliter
897 2736 962 2783 nen
991 2717 1119 2799 lecturi,
1154 2722 1251 2801 prout
1276 2718 1361 2784 iudi·

56 2835 250 2918 guanionem
265 2837 408 2898 nostram
426 2832 653 2914 grauissimam
669 2830 838 2896 volueritis
861 2832 968 2898 arcius
991 2832 1126 2897 euitare.
1150 2830 1359 2898 Presencium

58 2948 121 3014 sub
144 2947 323 3012 maiestate.
370 2947 492 3011 Datum
516 2945 620 3027 Prage
642 2949 701 3010 etc.

163 3153 249 3223 Vipis
267 3171 282 3207 a
301 3152 419 3220 register
437 3151 621 3222 kralouskielu
647 3153 779 3223 vrukep.
798 3170 821 3208 c.
841 3153 913 3207 univ.
938 3152 1079 3223 knibuuny
1098 3152 1220 3207 Praecla
1241 3151 1358 3222 „Copia-

53 3253 128 3306 rium
147 3250 214 3320 dipi
232 3249 463 3304 Praemislaenm¹⁴
483 3249 552 3318 sign.
571 3249 609 3304 VI
626 3251 652 3303 A
671 3254 685 3302 7
704 3265 741 3304 na
758 3250 777 3305 l.
791 3255 840 3304 119
858 3267 894 3304 aa
909 3250 1050 3320 nipisem:
1072 3248 1241 3314 „Marchioni
1259 3248 1278 3303 J
1281 3248 1360 3305 odoni

54 3347 225 3419 quittancias
252 3344 287 3402 ad
305 3345 445 3401 ciuitatem
472 3345 732 3415 Newmburgansem
752 3351 779 3400 et
797 3344 866 3400 alias
894 3345 1064 3415 subscriptas
1085 3348 1151 3399 etc.“
1180 3374 1213 3385 -
1244 3344 1357 3401 Vaem-

54 3447 139 3501 skeini
161 3443 273 3498 archien
291 3443 464 3500 meravskim
482 3442 571 3497 chora
595 3457 625 3496 se
650 3441 746 3496 kremd
770 3441 836 3496 tubo
861 3442 926 3508 erip.
945 3444 1007 3494 licen
1025 3443 1064 3493 br.
1087 3440 1204 3494 Vdclaee
1221 3440 1264 3494 IV
1278 3442 1305 3496 d.
1322 3460 1359 3494 aa

54 3529 171 3595 Z'ebrdce
190 3541 279 3593 zadae
297 3543 332 3591 12
349 3558 432 3607 rupea
450 3544 527 3607 1405,
545 3539 653 3609 iuterim
672 3537 858 3594 markrabImn
876 3536 985 3592 Jodteri
1003 3536 1099 3606 napaei
1118 3552 1150 3590 ve
1163 3541 1232 3593 0000
1249 3535 1359 3607 kepach

55 3638 148 3706 uirelry
166 3653 182 3689 z
200 3636 272 3690 mest
288 3634 459 3704 Nymburlca,
477 3634 588 3703 Kollna,
608 3617 732 3702 basiare,
752 3634 883 3690 Koulimd
903 3649 919 3687 a
937 3633 1017 3687 (iurati
1036 3632 1089 3686 nad
1108 3631 1212 3687 bahem
1244 3632 1356 3701 (Peleoi,

53 3737 89 3791 K.
108 3731 292 3787 Wenceslans
309 3729 337 3785 ll
355 3739 403 3785 atr.
421 3737 493 3798 511).

626 3995 690 4077 Oia.
717 4014 789 4077 783.

435 4233 533 4311 14⁰5,
559 4230 594 4319 [v
619 4228 760 4316 lcdnul.
794 4230 823 4296 V
849 4228 979 4294 Praze.

52 4425 140 4493 lircil
172 4425 285 4491 Vdelev
307 4428 326 4490 l
335 4426 360 4489 V
376 4425 521 4508 ceiiauje
536 4422 748 4506 parameses,
772 4420 932 4485 besselius
946 4420 959 4482 r'
972 4418 1023 4483 vsi
1043 4415 1110 4482 otei
1123 4420 1226 4486 miste
1245 4420 1356 4503 Plebs,

54 4542 116 4624 abp
139 4540 269 4606 de'didac‘
291 4538 390 4622 srokp
405 4562 422 4605 a
439 4543 539 4606 mista
562 4562 584 4603 a
603 4540 695 4605 didiae
720 4538 820 4602 belem
842 4538 942 4600 trista
966 4529 1067 4598 Piska
1088 4531 1224 4612 laiicicb,
1238 4537 1294 4620 jad
1315 4536 1359 4605 ⁷0

52 4659 94 4719 aa
113 4656 160 4718 ao
181 4651 242 4735 ap
265 4656 358 4719 roae
377 4657 531 4740 vpnerejr,
554 4652 700 4720 oslacus
725 4631 1123 4718 vesperascentem
1149 4666 1171 4711 a
1201 4652 1360 4723 merea

1156 4783 1207 4833 04*
