3098 5392
693 451 767 502 lasa.

541 788 544 792 ¹
641 744 705 827 dis.
731 760 803 827 630.

394 949 494 1034 1389,
518 950 562 1019 12
584 951 709 1020 ledna
731 948 788 1043 lla
811 945 1048 1045 liiivolrlsitb.

71 1139 158 1206 Krcil
188 1141 302 1208 Vdclov
324 1144 346 1206 Ι
350 1142 379 1204 V
388 1145 552 1227 potoreajc
578 1140 792 1225 pscrlcms'slro,
825 1141 979 1225 rycbtcir's',
1010 1139 1170 1209 kondcldm
1191 1142 1206 1207 s·
1226 1143 1277 1207 odi
1305 1141 1373 1207 obes·

70 1257 174 1346 misto
196 1256 287 1322 Loun
302 1256 478 1340 priuilegio
491 1256 555 1339 jim
571 1254 768 1341 pr'cdcilpmi
788 1253 875 1322 krdls'
895 1256 1041 1343 adeleno,
1072 1256 1191 1322 colobii
1211 1254 1273 1328 aaa
1295 1254 1372 1337 listy

71 1366 163 1436 krdle
183 1370 284 1455 Jono,
317 1368 455 1454 ktcrp'ma‘
468 1370 533 1454 jim
554 1369 752 1436 storoddood
764 1368 834 1452 jicb
849 1369 959 1453 provo
986 1362 1129 1452 potordil
1151 1391 1172 1435 a
1193 1370 1371 1445 miltaadm

412 1481 519 1566 statky
533 1483 603 1568 jicb
624 1505 642 1547 o
667 1480 834 1549 Citolibecb
854 1484 1035 1566 aobcspccil.
1107 1534 1109 1539 -
1178 1516 1198 1564 ζ,
1220 1552 1223 1559 ,
1275 1517 1294 1566 5.
1309 1517 1323 1545 a

176 1673 387 1741 wenceslaus
410 1675 463 1741 dei
485 1675 595 1757 gracia
610 1676 828 1742 Romanorum
849 1695 907 1742 rex
923 1694 1050 1759 semper
1067 1680 1225 1759 augustus
1242 1681 1275 1742 et
1289 1675 1369 1742 Boe

70 1788 137 1853 mie
159 1805 224 1854 rer.
248 1787 370 1854 Notum
391 1789 528 1855 iacimus
550 1794 663 1855 tenore
679 1790 888 1872 'presencium
908 1791 1081 1871 uniuersis,
1105 1789 1191 1872 quod
1205 1808 1263 1872 pro
1279 1794 1371 1872 parte

70 1902 219 1983 magistri
242 1901 374 1984 ciuium,
393 1901 526 1985 judicis,
558 1902 725 1969 consulum
748 1909 781 1968 et
802 1903 1009 1969 aemunitatis
1040 1902 1186 1969 ciuitatis
1208 1902 1242 1967 in
1268 1902 1370 1982 Luna,

69 2013 216 2081 fidelium
246 2019 430 2081 nostrorum
459 2014 660 2096 dilectorum,
691 2015 855 2082 maiestati
885 2021 995 2083 nostre
1018 2016 1126 2083 oblate
1154 2016 1273 2099 peticio
1296 2033 1370 2082 cou-

69 2127 204 2212 tinebat,
235 2133 394 2211 quatenus
416 2129 498 2211 ipsis
524 2129 699 2212 priuilegia
721 2128 928 2213 infrascripta
951 2134 984 2196 et
1004 2130 1070 2196 alia
1099 2129 1248 2214 ipsorum
1269 2128 1371 2212 priui-

69 2243 158 2325 legia
179 2243 263 2326 ipsis
286 2248 321 2309 et
343 2242 471 2310 ciuitati
495 2244 638 2326 ipsorum
661 2262 681 2308 a
703 2243 792 2309 diuis
823 2242 1107 2327 predecessoribus
1129 2244 1250 2310 uostris
1273 2259 1370 2325 snper

69 2358 174 2450 certis
185 2357 331 2440 ipsorum
343 2355 449 2438 bonis,
464 2356 701 2422 hereditatibus
717 2361 750 2421 et
767 2340 886 2449 graciis
902 2356 1023 2423 tradita
1039 2361 1072 2422 et
1086 2372 1241 2424 concessa
1255 2373 1371 2439 appro-

67 2468 156 2550 bare,
187 2467 350 2537 ratificare
373 2475 406 2534 et
428 2468 616 2537 confirmare
638 2448 680 2535 d'e
700 2468 903 2552 benignitate
932 2470 1022 2551 regia
1055 2469 1235 2552 graciosius
1257 2466 1370 2565 digna·

68 2600 186 2649 remur.
202 2583 452 2666 Prinilegiornm
469 2602 546 2650 uero
562 2589 595 2650 et
608 2583 705 2666 primi
716 2567 846 2667 quidem
861 2568 954 2650 tenor
969 2572 1118 2665 sequitur
1131 2583 1166 2649 in
1181 2570 1241 2649 ba'c
1254 2568 1369 2647 rerba:

68 2695 106 2761 In
129 2697 259 2763 nomine
281 2697 403 2764 domini
435 2698 548 2763 Amen.
579 2697 647 2764 Nos
675 2696 839 2765 Jobannes
863 2703 922 2763 etc.
963 2696 1154 2780 (Nasleduja
1174 2697 1269 2761 znbnt
1291 2694 1370 2760 listu

67 2809 162 2876 krale
182 2808 268 2876 Jana
290 2811 320 2877 d.
338 2832 357 2876 r
376 2811 479 2877 Praze
500 2809 1081 2891 ssdnbna13256.·134).·smnndi
1105 2828 1181 2876 raro
1202 2808 1281 2876 talis
1303 2813 1369 2875 est:

68 2922 138 2989 Nos
150 2921 315 2990 Johannes
327 2930 387 2990 etc.
405 2924 598 3008 (Ntsleduje
609 2925 704 2990 sueni
720 2925 798 2990 listn
815 2924 908 2990 tehoi
919 2923 1011 2990 krale
1023 2923 1084 3000 d.‚v
1097 2924 1251 2990 Praze22
1262 2922 1371 2990 dnbna

70 3036 155 3100 1325
179 3036 204 3102 t.
231 3034 316 3121 135).
340 3037 408 3103 Nos
432 3037 534 3118 igitur
555 3036 665 3102 habito
688 3043 837 3119 respectu
861 3036 901 3104 ob
915 3037 1109 3120 multiplicia
1130 3035 1298 3105 fidelitatis
1314 3036 1369 3103 ob

69 3151 184 3232 seqnia
195 3155 228 3216 et
243 3151 422 3217 constantis
437 3149 513 3216 fidei
525 3151 709 3233 puritatem,
726 3149 843 3232 quibus
858 3151 957 3217 iidem
973 3151 1063 3217 ciues
1074 3168 1094 3215 a
1102 3151 1275 3228 retroactis
1288 3156 1370 3217 tem·

68 3263 202 3346 poribus
232 3264 309 3329 diue
337 3264 491 3330 memorie
520 3263 680 3347 quondam
712 3263 841 3330 domino
873 3268 907 3329 et
928 3264 1067 3346 genitori
1097 3269 1209 3331 nostro
1239 3262 1369 3333 domiuo

68 3377 200 3458 Karolo,
223 3378 442 3444 Romanorum
458 3379 645 3460 imperatori
661 3382 694 3442 et
708 3375 841 3443 Boemie
857 3377 937 3459 regi,
953 3376 1165 3444 effectualiter
1179 3379 1371 3459 placuerunt

68 3497 102 3557 et
123 3489 217 3558 nobis
240 3491 373 3574 quidem
404 3492 604 3573 complacent
635 3490 768 3557 cottidie
790 3496 824 3557 et
847 3492 1045 3574 complacere
1075 3489 1239 3556 debebunt
1259 3495 1293 3556 et
1313 3510 1369 3574 po·

67 3609 180 3670 terunt
210 3605 414 3688 prestancins
444 3605 478 3671 in
508 3604 662 3684 futurum,
696 3603 991 3686 supplicacionibus
1024 3604 1170 3687 ipsorum
1197 3603 1369 3687 benignius

69 3718 229 3800 inclinati,
264 3739 327 3785 non
358 3719 530 3802 inprouida
559 3736 664 3801 neque
693 3736 751 3800 per
781 3737 931 3799 errorem,
962 3718 1020 3784 sed
1042 3718 1151 3785 animo
1180 3712 1368 3799 deliberato,

67 3851 148 3899 sano
171 3829 313 3899 fidelium
336 3839 518 3900 nostrornm
541 3832 714 3899 accedente
737 3834 883 3915 consilio,
906 3834 998 3915 regia
1019 3832 1214 3899 auctoritate
1236 3832 1370 3901 Boemie

66 3951 101 4011 et
122 3945 267 4012 decerta
289 3950 400 4013 nostra
422 3947 564 4014 sciencia
586 3946 732 4029 predicta
754 3947 928 4029 priuilegia
951 3947 984 4011 in
1002 3945 1149 4012 omnibns
1166 3963 1277 4011 eorum
1293 3963 1365 4013 sen·

66 4059 196 4141 tenciis,
226 4060 383 4142 articulis,
415 4061 545 4143 punctis
568 4065 601 4126 et
631 4061 796 4141 clausulis,
827 4066 924 4142 prout
955 4064 1186 4142 expressantur
1207 4059 1368 4142 superius,

66 4191 193 4240 necnon
216 4178 250 4239 et
273 4174 381 4239 omnia
403 4191 441 4240 ac
464 4175 592 4257 singula
614 4174 680 4240 alia
701 4173 876 4256 priuilegia
890 4192 911 4239 a
925 4173 1002 4240 dine
1017 4171 1368 4241 memorie-illustribus

66 4286 231 4369 quondam
261 4285 544 4369 predecessoribus
575 4288 707 4367 nostris,
738 4287 871 4353 Boemie
900 4286 1032 4370 regibus
1063 4306 1122 4352 seu
1153 4285 1368 4368 ducibus,·ac

66 4401 144 4466 aliis
168 4400 318 4482 personis
341 4419 495 4467 concessa
518 4405 551 4466 et
572 4401 658 4482 data,
681 4400 906 4483 approbamus,
929 4400 1127 4468 ratificamus
1150 4405 1183 4467 et
1207 4400 1368 4483 presentis

66 4513 183 4596 scripti
206 4514 387 4596 patrocinio
410 4515 590 4597 graciosius
614 4513 850 4596 confirmamus,
874 4514 1084 4582 decernentes
1100 4532 1138 4580 ac
1153 4513 1298 4580 volentes
1314 4531 1367 4580 ex·

65 4645 190 4710 pressa,
225 4633 261 4693 nt
282 4627 409 4710 prelata
430 4629 604 4711 priuilegia
627 4629 659 4693 in
682 4628 831 4695 omnibus
854 4628 923 4696 suis
953 4627 1132 4711 tenoribus,
1164 4631 1261 4710 prout
1282 4626 1368 4693 iuste
