3098 5392
649 435 724 485 1³⁸⁴·
1265 418 1327 498 aar

20 659 61 698 na
80 648 132 697 str.
153 646 204 695 174
222 658 239 696 a
256 647 327 707 2503
354 642 398 696 ted
416 640 570 709 Borcreho,
596 641 674 696 Libri
703 642 870 696 creationum
894 640 921 694 Il
939 646 987 695 str.
1008 645 1057 693 157
1076 655 1093 694 a
1110 639 1197 706 Soloi,
1216 639 1328 710 DdJepis

19 738 138 792 lIradce
158 737 278 792 liralcve
297 737 351 793 uad
369 736 401 792 L.
421 745 461 793 etr
489 744 550 795 527.

599 968 664 1052 Cla.
687 984 760 1052 595.

393 1175 491 1261 1384,
513 1174 535 1243 7
558 1178 707 1246 bervum
730 1176 763 1247 V
784 1176 972 1247 Beronud.

18 1366 113 1433 Jn'rstl
145 1367 259 1435 Vcicloc
281 1367 336 1434 IV
346 1368 508 1452 pr'eldddd
536 1370 667 1455 cy‘rodnl
694 1368 756 1447 aa,
787 1368 876 1455 detergi
904 1392 938 1437 se
958 1392 977 1436 o
1001 1369 1220 1436 Litomer'c'ca'cb
1242 1390 1259 1435 o
1282 1392 1326 1438 sc.

228 1479 359 1549 Jalula
381 1482 526 1565 cpodtola
547 1484 690 1569 oubam,
712 1506 756 1550 no
779 1484 838 1550 dea
866 1484 959 1552 abach
982 1483 1128 1569 Soaty'cb.

134 1675 344 1743 wenceslaus
378 1677 431 1744 dei
465 1678 576 1762 gracia
606 1678 823 1746 Romanorum
857 1697 914 1746 rex
945 1697 1072 1762 semper
1104 1683 1262 1762 augustus
1296 1684 1329 1745 et

22 1791 164 1856 Boemie
184 1809 251 1857 rex.
284 1789 405 1857 Notum
426 1790 563 1857 facimus
586 1796 698 1858 tenore
728 1793 932 1876 presencium
961 1792 1133 1874 uniuersis,
1165 1792 1253 1874 quod
1274 1812 1329 1859 cu·

26 1906 161 1987 pientes
184 1905 405 1971 condicionem
421 1904 566 1971 ciuitatis
580 1903 877 1972 Luthomericensis
891 1903 963 1971 fieri
978 1905 1153 1986 meliorem,
1175 1904 1328 1985 scabinis,

23 2019 167 2098 ciuibus,
184 2018 300 2086 incolis
315 2024 349 2084 et
363 2018 568 2086 uniuersitati
584 2021 730 2087 ciuitatis
746 2019 891 2087 eiusdem
907 2021 941 2085 iu
956 2024 1147 2103 perpetuum
1162 2019 1203 2086 de
1217 2019 1329 2084 innata

24 2133 124 2199 nobis
139 2133 316 2199 clemencia
330 2133 492 2199 nundinas
509 2138 542 2199 et
555 2134 695 2200 annuale
709 2133 826 2215 forum,
854 2152 935 2218 quas
951 2139 984 2199 et
997 2131 1083 2217 quod
1097 2131 1218 2198 dudum
1234 2132 1328 2198 anuis

23 2246 180 2329 singulis,
202 2245 389 2327 incipiendo
411 2246 446 2311 in
469 2245 583 2329 vigilia
605 2247 710 2313 sancti
732 2245 847 2314 Jacobi
869 2247 1009 2329 apostoli
1025 2246 1105 2312 bora
1119 2264 1328 2328 vesperarum

24 2365 60 2425 et
81 2358 204 2424 deinde
225 2377 284 2441 per
306 2359 551 2442 quatuordecim
573 2360 643 2427 dies
667 2360 836 2427 continuos
859 2379 895 2426 se
917 2360 1058 2426 inuicem
1070 2358 1256 2426 immediate
1278 2376 1329 2425 se

24 2477 178 2557 quantes,
211 2473 374 2540 celebrare
407 2479 440 2540 et
462 2473 635 2541 obseruare
669 2478 924 2554 consueuerant,
958 2473 999 2538 ad
1033 2473 1152 2540 festum
1176 2472 1328 2539 Omnium

23 2587 220 2655 Sanctorum
242 2587 478 2671 transferimus,
500 2589 541 2656 de
556 2593 645 2656 certe
666 2588 809 2655 sciencia
831 2593 865 2654 et
878 2588 1073 2654 auctoritate
1086 2587 1178 2671 regia
1193 2586 1327 2653 Boemie

23 2701 178 2784 graciose
200 2701 406 2785 indulgentes
430 2701 563 2785 eisdem,
594 2708 630 2768 vt
651 2720 776 2768 exnunc
805 2701 937 2767 inantea
968 2701 1205 2783 imperpetuum
1234 2700 1329 2766 annis

23 2814 181 2897 singulis,
197 2814 381 2898 incipiendo
399 2816 552 2882 videlicet
567 2816 600 2882 in
616 2815 730 2899 vigilia
746 2814 899 2882 Omnium
914 2813 1105 2881 Sanctorum
1119 2814 1199 2880 bora
1216 2831 1330 2895 respe-

22 2947 139 2993 rarum
163 2933 195 2993 et
217 2928 336 2995 deinde
360 2929 577 2996 continuando
600 2949 658 3013 per
681 2930 750 2996 dies
780 2928 1023 3014 quatuordecim
1046 2946 1081 2993 se
1104 2928 1246 2994 inuicem
1268 2926 1327 2992 im·

24 3042 173 3108 mediate
196 3048 379 3125 sequentes,
401 3043 545 3110 nundine
566 3050 599 3110 et
613 3044 752 3110 annuale
774 3043 878 3109 forum
901 3043 935 3108 in
959 3042 1092 3108 ciuitate
1115 3042 1186 3124 ipsa
1208 3039 1329 3106 Lutho-

23 3157 203 3223 mericensi
236 3158 392 3224 celebrari
415 3164 447 3225 et
470 3159 635 3226 obseruari
666 3159 796 3225 valeant
817 3164 915 3241 atque
936 3157 1064 3240 possint
1085 3175 1158 3223 eum
1181 3154 1329 3221 omnibus

23 3270 203 3352 mercibus
219 3272 446 3353 mercimoniis,
462 3272 568 3354 rebus,
584 3272 799 3352 libertatibus,
816 3269 1058 3350 emunitatibus,
1071 3268 1209 3352 juribus
1225 3268 1329 3334 modis

25 3392 60 3451 et
83 3383 210 3464 formis,
235 3384 504 3464 quemadmodum
534 3386 679 3451 nundine
701 3391 735 3451 ct
756 3384 896 3450 annuale
918 3383 1024 3450 forum
1046 3383 1080 3448 in
1103 3383 1175 3464 ipsa
1197 3381 1331 3447 ciuitate

24 3497 311 3565 Luthomericensi
334 3503 573 3564 consueuerant
594 3498 775 3581 antiquitus
791 3498 825 3562 in
841 3497 925 3562 festo
941 3495 1046 3562 sancti
1064 3494 1085 3560 J
1087 3494 1178 3561 acobi
1193 3494 1333 3576 apostoli

27 3611 211 3677 obseruari.
254 3610 507 3693 Inhibentesque
536 3609 670 3677 firmiter
702 3617 735 3677 et
764 3611 912 3676 districte
943 3610 1104 3675 uniuersis
1138 3613 1171 3673 et
1193 3608 1331 3690 singulis

27 3725 244 3809 principibus,
268 3726 499 3791 ecclesiasticis
523 3731 557 3790 et
579 3724 789 3804 secularibus,
813 3723 999 3803 baronibus
1021 3722 1239 3805 burggrauiis,
1263 3720 1332 3787 offi-

27 3838 180 3918 cialibus,
203 3838 371 3920 militibus,
404 3839 586 3919 clientibus
619 3839 798 3919 ciuitatum,
830 3839 1000 3920 opidorum
1022 3840 1056 3901 et
1077 3836 1228 3900 villarum
1246 3834 1334 3918 judi·

28 3954 134 4033 cibus,
164 3952 294 4035 juratis,
325 3952 441 4019 incolis
464 3959 497 4018 et
519 3953 593 4018 aliis
618 3952 864 4034 quibuscunque
887 3952 1006 4017 nostris
1031 3954 1064 4015 et
1084 3949 1176 4031 regni
1199 3948 1332 4014 Boemie

28 4065 191 4147 fidelibus,
223 4069 444 4148 cuiuscunque
467 4067 712 4148 preeminencie,
744 4065 943 4131 condicionis
967 4069 1023 4129 aut
1054 4067 1157 4129 status
1181 4063 1331 4141 existant,

28 4179 238 4263 presentibus
260 4185 293 4245 et
308 4179 437 4260 futuris,
460 4199 501 4246 ne
516 4179 658 4261 prefatos
684 4179 782 4259 cinea,
807 4178 929 4243 incolas
946 4183 979 4241 et
993 4176 1238 4242 uniuersitatem
1255 4175 1334 4241 ciui·

28 4295 110 4360 tatis
134 4293 430 4359 Luthomericensis
454 4293 608 4375 predicte,
641 4311 764 4359 necnon
796 4293 966 4357 uniuersos
989 4295 1022 4355 et
1045 4289 1190 4372 singulos
1213 4307 1334 4355 merca-

27 4415 118 4475 tores
139 4414 172 4472 et
187 4406 269 4473 alias
286 4425 493 4489 quascunque
510 4425 675 4488 personas,
693 4405 797 4470 dictas
813 4405 976 4469 nundinas
993 4421 1050 4468 seu
1065 4402 1204 4468 annuale
1218 4402 1334 4483 forum,

28 4524 116 4590 sicut
150 4521 358 4603 premittitur,
394 4520 574 4600 visitantes,
609 4520 799 4586 accedentes
835 4524 868 4584 et
902 4537 960 4584 suo
994 4523 1138 4600 tempore
1171 4520 1335 4583 morantes

25 4638 154 4704 ibidem
178 4654 216 4700 ac
252 4635 353 4701 eciam
376 4633 563 4699 recedentes
587 4634 714 4715 abinde,
749 4634 783 4698 in
805 4633 964 4716 personis,
1003 4630 1163 4698 mercibus
1185 4636 1220 4696 et
1240 4629 1336 4696 rebus
