3098 5392
677 451 756 504 1⁸⁸²·
1299 446 1364 515 798

61 679 165 726 naues
189 660 249 726 sub
264 679 303 727 ea
318 661 530 743 proporcione
551 661 764 727 moderandas
780 661 992 741 decernimus,
1016 666 1051 725 vt
1065 662 1093 726 si
1110 678 1173 726 vna
1185 665 1312 726 tantum
1322 658 1361 741 Π)

55 775 167 853 fuerit,
198 773 231 838 in
256 792 320 856 qua
347 774 444 839 blada
465 773 650 841 huiusmodi
682 774 891 855 abducentur,
921 774 1011 840 mille
1040 773 1195 840 ducentos
1206 770 1246 855 1’)
1279 778 1361 856 stry-

56 888 179 953 chones
204 893 236 952 et
259 908 323 954 non
339 888 432 968 vltra,
456 888 485 953 si
501 907 576 954 vero
597 888 669 969 due,
687 887 830 969 quelibet
848 907 959 953 earum
982 891 1150 953 sexcentos
1173 888 1360 968 strychones

56 1006 90 1065 et
113 1020 178 1066 non
200 1001 339 1083 amplius
363 1001 644 1083 comprehendant,
668 1019 730 1084 que
752 1007 860 1066 tamen
884 1019 942 1083 per
964 1000 1085 1066 dictum
1101 999 1202 1065 Albee
1224 999 1360 1066 fluuium

55 1114 271 1180 ascendentes
294 1133 347 1180 res
376 1132 586 1198 quascunque
615 1113 737 1197 absque
766 1113 1006 1196 impedimentis
1036 1112 1253 1194 quorumlibet
1274 1113 1360 1179 ferre

56 1233 211 1310 poterunt
221 1225 259 1310 ¹⁴)
285 1232 317 1293 et
341 1233 479 1310 portare.
503 1226 596 1293 Hanc
620 1227 724 1292 eciam
745 1226 922 1307 licenciam,
959 1245 1054 1309 qnam
1078 1225 1137 1291 sub
1160 1226 1279 1291 indulti
1303 1246 1359 1292 no-

55 1341 147 1406 mine
162 1342 303 1423 intelligi
320 1342 479 1421 volumus,
491 1339 533 1404 ad
546 1345 702 1420 nostrum,
718 1339 872 1405 heredum
887 1345 920 1405 et
931 1358 1154 1405 successorum
1167 1345 1359 1419 nostrorum,

55 1472 172 1535 regum
194 1454 337 1533 Boemic,
359 1452 596 1536 beneplacitum
619 1453 822 1519 decernimus
852 1453 1033 1518 valituram.
1072 1452 1230 1519 Nolumus
1252 1458 1360 1518 tamen

56 1566 223 1648 perhanc
246 1572 388 1632 nostram
411 1568 733 1649 pronuncciacionem
756 1570 790 1631 et
811 1566 972 1632 indultum
995 1566 1093 1632 alicui
1117 1586 1174 1633 seu
1196 1566 1358 1650 aliquibus

57 1681 213 1745 thelonea
242 1680 373 1746 habenti
404 1699 463 1746 seu
484 1681 678 1747 habentibus
702 1680 942 1762 quomodolibet
970 1680 1128 1763 derogari.
1173 1680 1360 1746 Inhibentes

56 1793 197 1859 firmiter
228 1799 260 1859 et
291 1794 440 1861 districte
470 1801 643 1878 nostreque
665 1797 774 1878 gracie
804 1794 863 1860 sub
886 1794 1018 1860 obtentu
1048 1796 1203 1877 magistro
1228 1795 1359 1875 ciuium,

57 1906 260 1987 consulibus,
280 1908 399 1990 juratis
423 1914 456 1974 et
478 1909 702 1975 communitati
720 1909 864 1974 ciuitatis
880 1907 1189 1973 Luthomiericenais
1206 1908 1360 1990 predicte,

58 2022 118 2103 qui
141 2039 228 2086 nunc
251 2027 327 2086 sunt
349 2022 400 2087 rel
423 2040 481 2104 pro
503 2028 649 2105 tempore
670 2021 801 2102 fuerint,
825 2039 866 2085 ne
888 2021 1050 2103 prefatum
1071 2021 1360 2103 archiepiscopum,

57 2152 266 2200 successores
290 2153 365 2200 suos
388 2136 598 2217 ipsorumque
627 2141 743 2200 nautas
766 2134 861 2200 blada
890 2134 1075 2201 huiusmodi
1107 2134 1304 2201 abducentes
1328 2139 1361 2199 et

57 2266 76 2312 e
101 2266 259 2313 conuerso
281 2266 333 2313 res
357 2250 440 2314 alias
463 2249 660 2315 adducentes
684 2250 717 2313 in
742 2268 852 2314 eorum
881 2250 1021 2314 transitu
1045 2254 1078 2313 et
1107 2249 1236 2314 redditu
1260 2249 1359 2330 impe

57 2361 153 2426 diant
173 2367 230 2426 aut
253 2363 355 2428 eciam
385 2365 502 2446 quouis
531 2365 662 2446 ingenio
695 2382 752 2429 seu
784 2364 891 2429 colore
919 2363 1057 2446 quesitis
1089 2381 1147 2445 per
1176 2363 1359 2446 quempiam

59 2474 213 2556 impediri
236 2481 419 2557 procurent,
441 2477 521 2559 quin
537 2477 650 2559 pocius
675 2476 716 2541 ad
732 2475 964 2559 perficiendum
987 2476 1050 2541 iter
1072 2481 1105 2541 et
1126 2475 1359 2557 procurandam

58 2588 234 2653 utilitatem
250 2607 370 2669 eorum,
394 2589 470 2655 dum
486 2595 519 2655 et
536 2591 667 2672 quocies
684 2608 720 2655 se
734 2591 913 2656 necessitas
929 2590 1113 2671 ingesserit,
1137 2588 1218 2670 ipsis
1234 2594 1359 2668 gratam

57 2705 92 2765 et
115 2703 330 2782 promotiuam
353 2702 491 2768 debeant
513 2704 684 2770 ostendere
706 2705 915 2783 voluntatem,
938 2708 1035 2784 prout
1056 2720 1188 2784 grauem
1212 2701 1360 2783 indigna·

59 2815 188 2879 cionem
210 2822 353 2881 nostram
368 2817 530 2882 noluerint
545 2818 652 2883 arcius
676 2818 807 2882 euitare.
832 2817 1040 2882 Presencium
1063 2815 1123 2881 sub
1143 2816 1234 2897 regie
1250 2819 1360 2880 nostre

56 2929 242 2993 maiestatis
277 2930 384 3011 sigillo
415 2931 601 2996 testimonio
631 2931 807 2995 literarum.
855 2930 975 2995 Datum
998 2930 1102 3010 Prage
1130 2947 1214 2993 anno
1238 2927 1358 2993 domini

56 3039 439 3125 M⁰CGC⁰octuagesimo
463 3045 609 3126 septimo,
633 3044 686 3108 die
702 3044 815 3124 quinta
829 3044 951 3108 mensis
966 3043 1163 3123 Decembris,
1187 3061 1359 3125 regnorum

56 3160 244 3220 nostrorum
266 3175 350 3221 anno
367 3156 499 3221 Boemic
516 3157 668 3221 vicesimo
685 3156 807 3234 quinto,
831 3156 1048 3220 Romanorum
1064 3172 1140 3218 vero
1157 3154 1355 3219 duodecimo.

165 3405 281 3489 Rta.¹⁵)
797 3409 848 3472 Ad
872 3408 1060 3472 mandatum
1083 3407 1206 3473 domini
1229 3408 1316 3489 regis

800 3520 991 3586 Wlachniko
1014 3521 1055 3585 de
1077 3521 1310 3603 Weytenmule.

165 3763 275 3832 Rulrop.
295 3745 422 3816 (iesktho
442 3778 537 3815 nrusea
562 3762 630 3830 sign.
650 3765 683 3814 24
702 3760 734 3817 G.
755 3767 785 3814 12
805 3778 841 3815 na
858 3762 875 3814 l.
896 3764 961 3816 aab.
981 3763 1028 3829 (A)
1046 3778 1080 3816 za
1098 3760 1239 3830 napisem:
1267 3762 1358 3828 „Arci-

57 3859 184 3929 bisknpu
202 3876 239 3913 na
257 3858 367 3929 plorent
385 3858 484 3912 robilt“
500 3876 516 3912 a
534 3874 571 3911 na
588 3857 605 3910 l.
621 3863 668 3912 131
680 3858 703 3912 b.
714 3856 758 3924 (B)
772 3874 805 3911 aa
824 3857 963 3927 napisem:
985 3856 1022 3924 ,0
1042 3856 1248 3927 arcibiskupori
1260 3857 1361 3913 Janovi

57 3973 76 4010 a
96 3972 113 4010 o
130 3954 313 4023 Rddnickych
327 3955 386 4022 jest
399 3953 508 4009 duouod
521 3959 623 4008 tent0.“
644 3954 792 4023 Varianty:
815 3955 833 4019 ι)
846 3953 873 4008 N
874 3952 1027 4008 otificnmus
1040 3956 1070 4008 Β.
1092 3954 1112 4022 ²)
1123 3952 1359 4009 Luthmericensis

56 4053 90 4106 B.
124 4053 144 4119 8)
164 4052 198 4106 de
215 4051 245 4105 B.
282 4054 303 4119 ⁴)
321 4051 446 4122 Keppler
462 4053 495 4105 A.
534 4052 552 4118 ⁵)
573 4051 668 4105 Cutnis
687 4051 717 4106 B.
755 4053 775 4117 8)
795 4052 1041 4121 compromiserunt
1058 4051 1089 4104 Β.
1127 4051 1148 4119 ⁷)
1167 4050 1358 4107 CunradnsA.

60 4152 81 4219 υ’)
103 4147 198 4201 existit
215 4149 248 4201 Α.
268 4148 289 4215 ⁹)
310 4146 481 4202 decreuimus
500 4148 531 4202 B.
554 4149 584 4215 ¹⁰)
601 4147 704 4201 flumen
717 4148 746 4200 B.
775 4150 809 4213 ¹¹)
829 4147 963 4202 transitus
977 4147 1006 4201 B.
1037 4148 1069 4214 ¹²)
1087 4152 1181 4201 tamen
1199 4152 1232 4203 A.
1254 4148 1285 4216 ¹³)
1310 4146 1359 4201 du·

58 4243 134 4299 centi
153 4243 183 4299 B.
214 4244 244 4308 ¹⁴)
262 4243 384 4312 poterint
407 4242 438 4297 B.
459 4245 489 4312 ¹⁵)
509 4242 606 4297 Schdzi
632 4244 699 4296 vd.
718 4273 752 4282 -·
771 4243 814 4297 Na
831 4243 848 4296 l.
868 4248 928 4297 4οα
951 4244 1034 4298 tehoi
1060 4241 1195 4313 rukopisu
1216 4242 1247 4310 je
1272 4241 1357 4314 isaki

56 4339 179 4411 preklad
208 4340 304 4395 tohoto
329 4338 395 4393 listn
421 4355 455 4394 aa
477 4340 619 4408 napisem:
649 4339 775 4407 ,Smlr'uva
794 4355 806 4392 s
826 4338 1038 4409 arcibislrupem,
1065 4339 1118 4408 uby
1135 4338 1223 4394 toliko
1251 4355 1360 4394 summu

53 4437 212 4506 jmenoritd
231 4436 348 4507 plavili.“
369 4466 401 4475 -
421 4435 589 4505 Arcibislrup
608 4436 662 4490 Jnn
681 4454 695 4488 z
714 4433 862 4490 Jeniteina
879 4436 999 4504 zmiiruje
1018 4450 1047 4490 se
1065 4450 1099 4488 re
1117 4434 1360 4492 stlinostir.1394

57 4533 162 4605 papali
180 4532 305 4588 Bonnaci
324 4535 362 4587 lli
381 4550 417 4588 na
434 4535 512 4587 krale
531 4533 650 4587 Vaclava
667 4532 704 4585 IV
724 4532 833 4600 podane
854 4549 870 4587 o
889 4538 975 4587 tomto
989 4548 1073 4602 sporu
1086 4532 1181 4587 takto:
1201 4532 1285 4601 ,Item
1298 4548 1359 4589 cum

55 4632 87 4684 in
108 4630 212 4700 oppido
232 4647 291 4685 meo
304 4630 473 4684 ltudniconsi
491 4647 507 4682 n
525 4638 658 4697 tempore.
678 4629 756 4681 cuins
776 4629 907 4683 memoria
925 4644 981 4683 non
1000 4629 1102 4694 existit,
1122 4631 1183 4684 siue
1201 4638 1355 4700 atempore
