3098 5392
657 537 731 594 1rsa.
1289 538 1352 611 311

160 738 235 814 Kop.
253 761 286 796 ze
304 741 382 798 XVII
399 740 493 799 stolati
510 761 526 797 v
544 744 656 800 archivu
679 763 713 799 m.
738 745 856 802 Slaneho
881 763 898 802 a
923 746 1017 818 plepis
1041 747 1177 819 privilegii
1201 747 1354 820 Slainslrych

71 855 82 889 z
97 856 114 892 r.
135 846 202 894 1664
220 841 243 894 d.
265 849 278 895 1
298 858 314 894 r
331 843 420 896 temne
438 841 558 907 archivo,
575 841 647 896 kder
665 859 695 898 se
714 842 772 898 dte:
793 847 813 912 ¹)
832 851 928 898 nostra
944 875 979 883 —
998 846 1019 911 ²)
1039 850 1069 898 ut
1087 851 1179 899 antea

632 1106 696 1190 ts.
723 1127 793 1191 rso.

429 1294 529 1377 1336,
552 1296 595 1365 25
617 1296 771 1366 kvetna.
798 1297 828 1365 V
849 1296 981 1366 Praze.

61 1468 139 1534 Kro'l
159 1468 230 1535 Jan
255 1468 400 1552 poooiuje
426 1470 580 1552 rychtdr'o',
613 1468 749 1537 locatam
771 1493 793 1536 o
814 1470 973 1537 masuam
993 1475 1095 1538 881818
1117 1473 1216 1548 Loca,
1246 1470 1350 1555 kdybp

61 1580 154 1646 olido
176 1602 194 1645 o
216 1583 300 1647 dicct
320 1581 498 1667 jokp‘mkoli
526 1585 687 1666 8811881888
711 1585 824 1667 pr'iicl,
854 1585 915 1667 adp
943 1606 988 1650 aa
1012 1587 1107 1650 misti
1125 1584 1264 1651 mavolo
1278 1585 1353 1669 jalo

61 1695 119 1760 telo
140 1694 244 1761 mollo
260 1696 408 1763 88881818
428 1695 617 1763 marsuano
638 1696 732 1762 coldo
752 1698 901 1766 anomoei
914 1696 1131 1780 pr'cdlclo‘doti,
1154 1721 1176 1764 o
1190 1699 1251 1781 adp
1265 1721 1284 1762 v
1299 1721 1350 1766 ne-

57 1809 259 1884 ptitomnosti
281 1807 506 1891 podlromor'r'loo
536 1811 621 1875 sami
649 1812 728 1875 acad
758 1811 867 1878 18888ῑὶ
886 1812 952 1877 nod
976 1811 1069 1877 lidori
1089 1834 1125 1877 oe
1145 1811 1242 1877 narbo
1261 1813 1346 1877 (1818-

457 1924 546 2008 aponi
566 1946 586 1987 a
610 1945 655 1988 no
676 1923 720 1988 aar·
740 1925 943 2009 amc-r'caplmi.

157 2095 326 2163 ,Iohannes
361 2097 414 2162 dci
447 2099 557 2181 gracia
587 2099 719 2165 Boemie
751 2078 809 2166 rer
841 2119 879 2166 ac
912 2099 1202 2182 Lucemburgensis
1237 2119 1350 2166 comes.

63 2205 223 2275 Fidelibus
254 2210 374 2276 nostris
397 2210 553 2295 nobisque
576 2214 700 2278 sincere
722 2213 850 2279 dilectis
872 2213 987 2295 judici,
1017 2212 1159 2279 scabinis
1182 2219 1214 2279 et
1231 2214 1351 2297 juratis

62 2322 181 2389 ciuibus
205 2324 240 2389 in
263 2324 355 2389 Luna
378 2325 519 2407 graciam
542 2344 633 2391 suam
656 2330 689 2392 81
710 2346 803 2393 omne
824 2327 951 2393 bonum
983 2325 1110 2393 Vestris
1133 2327 1276 2410 pensatis
1300 2327 1349 2391 iu·

60 2436 199 2503 comodis
220 2436 463 2520 multiplicibus
488 2456 550 2521 que
572 2457 611 2504 ex
632 2438 783 2505 funerum
797 2440 1022 2505 reseruacione
1035 2437 1060 2523 1)
1084 2440 1125 2506 ad
1143 2440 1260 2523 judicii
1279 2457 1351 2522 pre

57 2551 197 2616 sanciam
228 2550 351 2631 pluries
381 2552 557 2617 tollerastis
572 2548 607 2633 ²),
641 2549 828 2619 affectantes
858 2552 893 2618 id
923 2552 1030 2634 ipsum
1059 2552 1150 2619 vobis
1180 2553 1215 2619 in
1244 2553 1347 2636 magis

53 2665 252 2731 conueniens
282 2664 452 2731 immutare
467 2662 502 2749 8),
536 2664 627 2732 vobis
661 2684 699 2731 ex
723 2666 857 2748 speciali
887 2666 996 2749 gracia
1026 2665 1240 2748 indulgemus,
1272 2685 1349 2747 qua-

55 2780 149 2843 tenus
180 2779 311 2844 nomine
331 2778 456 2845 funeris
487 2778 753 2861 qualitercunque
782 2779 967 2860 interempti
981 2774 1007 2859 4)
1039 2797 1138 2843 vnum
1159 2780 1286 2860 signum
1308 2778 1350 2843 ad

45 2886 211 2965 judicium
232 2897 421 2974 presentare
434 2889 459 2975 ὅ)
483 2892 626 2974 possitis,
650 2893 803 2972 volentes,
829 2892 913 2974 quod
934 2892 1020 2957 idem
1044 2893 1173 2973 signum
1194 2896 1283 2957 tante
1306 2891 1350 2956 sit

55 3021 154 3084 pense
178 3012 211 3071 et
229 3005 316 3087 juris
330 3002 366 3087 Β),
404 3007 472 3071 8881
494 3007 601 3088 ipsum
623 3006 719 3071 funus
750 3005 879 3070 adesset
902 3005 1146 3086 presencialiter
1159 3002 1195 3083 7),
1229 3002 1287 3087 [81]
1310 3004 1350 3069 ab

55 3118 202 3184 omnibns
226 3118 342 3185 debeat
362 3120 516 3201 reputari.
563 3120 772 3184 Admittimns
795 3121 907 3199 eciam,
936 3119 1029 3201 qnod,
1055 3119 1083 3182 81
1106 3118 1161 3199 qui
1184 3117 1218 3181 in
1240 3122 1347 3184 vestro

55 3228 175 3308 judicio
211 3232 334 3298 detenti
364 3240 397 3297 et
426 3238 502 3298 nota
531 3232 663 3298 iufamia
694 3233 854 3314 denigrati
884 3231 1005 3297 luerint
1019 3229 1043 3314 8)
1076 3236 1108 3296 81
1140 3231 1242 3298 nostri
1275 3231 1349 3295 sub·

61 3345 226 3409 camerarii
260 3344 460 3427 presenciam
494 3345 611 3412 habere
642 3365 704 3410 non
735 3345 915 3427 potueritis,
948 3349 982 3409 81
1011 3350 1128 3410 extunc
1158 3345 1198 3410 de
1227 3345 1349 3410 eisdem

66 3455 148 3523 inrta
172 3462 314 3524 vestram
345 3458 579 3525 conscienciam
604 3458 764 3539 judicium
794 3464 826 3522 et
844 3458 1010 3540 justiciam
1032 3457 1138 3523 facere
1160 3459 1274 3539 positis
1297 3457 1351 3522 de-

62 3567 153 3637 bitum
177 3577 211 3637 et
235 3572 435 3655 condignam.
481 3572 674 3637 Mandantes
697 3573 816 3637 illustri
839 3572 968 3653 Karolo,
991 3573 1168 3638 marchioni
1192 3571 1348 3651 Meroide,

59 3685 266 3768 primogenito
290 3691 400 3753 nostro
424 3686 606 3767 karissimo,
631 3687 809 3768 capitaneo,
842 3687 1026 3766 camerario,
1051 3685 1287 3751 subcamerario
1310 3703 1347 3749 ac

59 3801 213 3865 minersis
244 3802 364 3866 nostris
395 3799 596 3880 officialibus,
631 3804 788 3882 qnatenus
823 3798 944 3864 lactum
977 3799 1162 3864 huiusmodi
1194 3798 1347 3880 predictis

56 3913 178 3978 ciuibus
200 3914 323 3980 nostris
346 3932 410 3980 non
433 3914 573 3980 audeant
595 3912 778 3997 aliqualiter
796 3910 994 3995 imputaret
1019 3910 1141 3977 Harum
1164 3916 1346 3979 nostrarum

53 4027 236 4093 testimonio
266 4028 448 4094 litterarum
479 4027 622 4110 sigillum
652 4032 797 4092 nostrum
827 4025 1031 4108 presentibus
1055 4025 1204 4091 duximus
1227 4043 1345 4108 appen-

49 4140 198 4206 dendum.
224 4141 345 4209 Datum
358 4147 393 4207 et
404 4146 511 4208 actum
526 4141 560 4205 in
576 4141 681 4223 Praga
696 4159 779 4205 anno
796 4139 917 4206 domini
930 4139 1100 4206 millesimo
1115 4137 1348 4205 CCCXXXVI⁰

46 4254 182 4320 sabbato
205 4255 241 4321 in
264 4255 378 4337 vigilia
399 4253 494 4321 beate
517 4254 695 4320 'lninitatis

148 4451 248 4506 Kniha
265 4452 402 4522 privilegii
420 4471 435 4506 z
453 4469 475 4507 r.
495 4458 563 4507 llas
580 4470 596 4506 v
615 4453 725 4507 archirn
749 4469 783 4504 m.
808 4451 888 4507 Lonn
907 4467 943 4506 na
960 4451 978 4504 l.
997 4452 1037 4503 ab
1054 4466 1088 4503 za
1106 4450 1246 4520 napisem:
1274 4451 1346 4520 „Sig-

39 4568 105 4606 num
125 4548 245 4603 nominc
263 4547 369 4603 funeris
388 4549 546 4619 interempti
565 4548 748 4616 adjudicium
769 4555 946 4617 presentetur
963 4553 990 4601 et
1008 4548 1091 4601 funus
1116 4564 1173 4601 non
1193 4552 1343 4601 sensatur!

35 4646 102 4702 Nad
117 4643 320 4716 jednotlivymi
339 4643 416 4714 slory
431 4645 462 4711 je
479 4646 585 4714 vepsdn
603 4644 688 4714 desiry
705 4643 822 4714 pieklad
840 4644 905 4699 brzo
925 4661 961 4714 po
979 4659 1000 4696 r.
1019 4648 1087 4697 143o
1104 4659 1142 4697 ua
1157 4643 1214 4713 pii:
1243 4646 1263 4713 Ι)
1283 4643 1346 4697 cho·

35 4759 138 4815 rampe
160 4770 194 4780 —
216 4740 238 4809 ¹)
257 4738 425 4794 mnohokrat
442 4738 535 4808 trpisli
553 4745 611 4808 gste
626 4770 658 4778 -
673 4742 694 4808 ³)
709 4756 723 4792 v
736 4740 840 4795 wietssi
858 4740 997 4795 slussnost
1014 4739 1178 4809 promyeniti
1194 4770 1220 4779 —
1240 4740 1261 4809 ⁴)
1274 4755 1345 4807 gme-
