3098 5392
221 432 287 498 860
839 433 914 483 reae.

307 636 381 706 Orig.
399 653 474 707 perg.
493 653 510 690 r
528 636 640 691 archiva
661 654 696 690 m.
713 636 817 691 Kolina
832 636 858 691 N
862 637 872 671 ⁰
889 636 939 691 XV
965 635 1060 704 (sterit
1076 637 1100 690 d.
1119 643 1167 706 12;
1192 652 1231 692 na
1258 653 1351 708 pravo
1369 654 1387 691 v
1404 637 1475 694 rchn
1489 640 1521 704 i).

219 732 304 789 Pudet
321 736 445 789 utriena

768 963 787 1003 *
809 945 877 1031 du.
899 965 972 1033 669.

575 1154 676 1236 1394,
699 1155 745 1226 28
768 1155 956 1241 prosince.
979 1155 1011 1224 V
1035 1155 1164 1226 Praue.
1202 1116 1206 1120 Α

223 1348 306 1413 Kra'l
336 1344 454 1414 Vciclcc
476 1346 531 1411 IV
545 1351 740 1433 astanmuje,
770 1350 804 1415 ie
825 1346 957 1432 kdyicoli
971 1346 1162 1431 podkcmcr'i
1190 1347 1248 1414 aab
1271 1347 1351 1432 jede
1381 1347 1519 1430 adstupet

223 1461 349 1526 dostaet
377 1482 410 1527 se
442 1460 481 1526 dc
502 1465 604 1528 mista
625 1462 787 1539 Kcuia‘md,
820 1462 882 1545 adp
903 1462 1026 1528 obawai
1047 1463 1132 1529 redu
1162 1459 1334 1548 maestos,
1364 1463 1449 1546 maji
1473 1482 1518 1524 ma

239 1572 431 1658 purkmieir,
454 1572 578 1641 meede
599 1595 621 1639 a
642 1574 777 1642 asedec
798 1575 868 1642 abac
889 1576 993 1643 tohoto
1017 1579 1115 1642 mesta
1137 1575 1209 1641 dati
1231 1576 1273 1640 15
1296 1573 1360 1660 Jeep
1380 1597 1433 1660 pr.
1449 1596 1499 1657 pr.

327 1766 537 1834 wenceslaus
569 1766 622 1833 dei
657 1768 767 1850 gracia
797 1768 1017 1835 Romanorum
1047 1787 1105 1835 rex
1138 1786 1267 1850 semper
1298 1774 1463 1851 augustus
1493 1771 1519 1832 et

222 1880 356 1948 Bcemie
366 1899 431 1946 rex.
443 1880 565 1947 Notum
574 1881 711 1948 facimus
723 1886 835 1949 tencre
848 1883 1053 1966 presencium
1064 1881 1237 1963 uniuersis,
1249 1881 1340 1965 quod
1351 1882 1462 1948 animo
1473 1881 1520 1946 dc·

222 1994 369 2076 liberato,
385 2012 464 2061 sanc
484 1993 630 2061 fidelium
651 2001 834 2063 nostrorum
856 1997 1030 2064 accedente
1049 1995 1185 2062 consilio
1203 1994 1293 2061 etde
1311 2000 1403 2061 certa
1418 1999 1520 2062 nostru

227 2108 369 2175 sciencia
389 2108 547 2191 magistro
570 2109 701 2191 ciuium,
725 2109 923 2192 consulibus,
950 2110 1071 2193 jnratis
1100 2114 1134 2176 et
1156 2108 1351 2176 comunitati
1381 2109 1520 2176 ciuiuus

225 2222 440 2304 Gurimensis,
455 2221 606 2289 fidelibus
622 2224 743 2290 nostris
760 2223 901 2304 dilectis,
924 2222 1008 2289 hanc
1029 2223 1173 2306 greciam
1186 2220 1325 2288 fecimus
1341 2229 1377 2288 et
1389 2222 1520 2289 iacimus

223 2337 538 2419 auctoritatemque
567 2337 702 2403 Bcemie
731 2354 790 2420 per
820 2342 997 2420 presentes,
1028 2341 1064 2402 vt
1093 2335 1247 2403 videlicet
1275 2336 1355 2418 ipsi,
1388 2335 1520 2402 dumet

225 2451 379 2533 quociens
408 2449 651 2533 Sigismundum
673 2448 788 2532 Huler,
811 2450 903 2533 regni
925 2450 1060 2518 Bcemie
1082 2448 1369 2531 subcamerarium,
1399 2448 1520 2516 fidelem

225 2569 372 2630 nostrum
394 2564 557 2646 dilectum,
580 2565 634 2631 uel
656 2582 740 2644 eum,
764 2565 820 2645 qui
842 2583 900 2646 pro
919 2569 1064 2646 tempure
1086 2563 1179 2646 regni
1201 2561 1338 2629 Bcemie
1361 2562 1519 2630 subceme·

224 2679 331 2744 rarius
352 2677 461 2760 fuerit,
485 2679 665 2760 predictam
680 2679 847 2745 ciuitatem
870 2678 1097 2746 Gurimensem
1111 2695 1169 2760 prc
1180 2677 1312 2760 iuratis,
1336 2677 1518 2743 consulibus

226 2795 291 2858 seu
307 2791 382 2857 aliis
406 2789 609 2872 officialibus,
640 2791 696 2873 qui
727 2791 769 2857 ad
798 2810 857 2857 ncs
889 2792 1052 2874 pertinere
1080 2795 1269 2872 noscuntur,
1301 2790 1518 2865 instituendis,

226 2905 446 2971 destituendis
470 2924 527 2970 seu
543 2905 584 2970 de
597 2923 683 2970 nouo
706 2905 856 2971 creandis
879 2904 999 2970 ibidem
1022 2905 1133 2971 venire
1148 2904 1333 2987 contigerit,
1356 2907 1518 2989 quociens-

230 3038 356 3103 cunque
377 3018 462 3084 iufra
484 3020 561 3084 anui
584 3019 731 3100 spacium
753 3019 814 3084 hoc
836 3019 944 3100 ipsum
965 3020 1146 3086 necessitas
1176 3018 1332 3102 exegerit,
1364 3018 1451 3102 quod
1472 3036 1518 3084 er·

225 3139 302 3199 tnnc
323 3133 442 3216 prefati
464 3133 621 3215 magister
644 3133 776 3214 ciuium,
812 3134 960 3199 consules
983 3140 1016 3200 et
1038 3135 1253 3200 communitae
1275 3133 1424 3216 predicte
1446 3132 1518 3200 ciui·

225 3248 305 3313 tatis
328 3246 532 3314 Gurimensis
555 3246 701 3329 predicto
731 3251 842 3312 nostro
877 3245 1114 3314 subcamerario
1147 3265 1206 3314 seu
1234 3246 1296 3330 illi,
1326 3265 1424 3331 quem
1454 3249 1518 3328 ipse

226 3361 297 3426 loco
319 3361 372 3426 sui
394 3379 452 3442 pro
474 3361 662 3426 exercendis
685 3360 782 3426 dictis
805 3359 931 3425 actibus
962 3359 1043 3426 inibi
1072 3361 1294 3427 transmiserit
1322 3367 1358 3428 et
1387 3364 1456 3428 suis
1476 3359 1518 3426 ia·

225 3474 406 3541 miliaribus
441 3474 625 3557 quindecim
659 3492 837 3557 sexagenas
867 3490 1053 3556 grossmum
1081 3473 1288 3541 denariorum
1316 3475 1518 3558 pragensium

227 3607 440 3671 expensarum
470 3591 600 3655 nomine
630 3594 663 3654 et
692 3608 756 3654 non
787 3589 926 3670 amplius
956 3588 1035 3654 darc
1063 3595 1096 3654 et
1123 3590 1314 3672 persoluere
1344 3593 1517 3664 teneantur,

226 3703 369 3783 exceptis
391 3707 500 3768 temen
523 3703 765 3784 subcamerarii,
788 3720 915 3768 cernere
936 3702 1056 3768 notarii
1078 3706 1112 3769 et
1130 3701 1253 3784 jndicis
1276 3703 1369 3769 curie
1385 3702 1517 3787 juribus,

225 3819 322 3897 prout
344 3815 404 3881 hoc
427 3816 534 3898 ipsum
556 3817 591 3882 in
612 3836 713 3900 regno
742 3822 853 3883 ncstrc
880 3815 1014 3883 Bcemie
1042 3815 1226 3899 antiquitus
1255 3820 1384 3884 tentum
1413 3823 1447 3883 et
1470 3815 1517 3882 cte

226 3934 392 3994 seruatum
415 3931 536 3996 existit.
570 3930 614 3995 Et
635 3931 677 3996 ad
699 3929 805 4014 finem,
830 3936 865 3996 vt
885 3949 1039 4013 processu
1062 3930 1218 4013 temporis
1247 3930 1309 3997 hec
1339 3931 1453 3999 eadem
1474 3949 1517 3997 cr·

226 4041 355 4109 dinacic
377 4048 489 4109 nostra
511 4044 545 4109 in
569 4062 628 4110 suo
651 4045 766 4111 robore
788 4022 985 4127 perseueret,
1008 4063 1068 4111 nec
1089 4062 1149 4128 per
1164 4045 1349 4127 quempiam
1364 4045 1406 4113 de
1419 4050 1517 4113 cetere

226 4156 431 4238 infringatur,
454 4157 600 4239 predicto
623 4157 830 4240 sigismundo
853 4157 958 4224 Huler
979 4157 1218 4224 subcameraric
1240 4176 1300 4224 scu
1322 4158 1366 4240 ei,
1388 4160 1445 4242 qui
1465 4176 1516 4241 pro

225 4274 370 4351 tempore
392 4270 651 4337 subcamerarius
673 4270 781 4351 fuerit,
807 4271 866 4337 sub
888 4272 971 4354 regii
985 4271 1110 4338 fauoris
1133 4271 1266 4338 obtentu
1289 4274 1439 4340 districte
1453 4289 1512 4355 pre·

227 4382 376 4462 cipiendo
399 4384 599 4466 mandamus,
622 4390 781 4467 quatenus
803 4402 823 4449 a
845 4383 980 4466 prefatis
1011 4384 1139 4452 ciuibus
1162 4384 1413 4454 Gurimensibns
1443 4386 1518 4451 vltra

227 4514 384 4561 summam
407 4498 586 4578 predictam
608 4499 708 4566 nichil
731 4517 864 4581 prorsus
887 4500 1018 4582 erigere
1047 4519 1105 4567 seu
1134 4500 1301 4582 postulare
1326 4503 1517 4583 presumant,

225 4612 343 4692 quouis
369 4611 499 4693 ingenio
523 4631 582 4678 seu
606 4615 714 4680 colere
737 4615 884 4696 quesitis,
909 4615 988 4695 quin
1010 4615 1123 4698 pocius
1146 4615 1236 4697 ipsos
1258 4615 1348 4681 circa
1370 4630 1518 4681 summam
