3098 5392
689 112 763 161 saar.
1295 107 1360 174 275

8 286 11 311 ¹
71 306 288 394 inequitare
310 313 475 383 faciendas
499 321 532 383 et
554 318 792 401 supportandos
815 315 910 383 etad
934 316 1038 382 nullas
1064 315 1147 380 alias
1169 318 1358 397 teneantur3

63 429 248 496 msndsntes
284 429 446 496 uniuersis
477 435 512 496 et
533 431 672 514 singulis
706 429 857 498 officiatis
891 428 1011 496 nostris
1045 447 1103 511 per
1132 427 1298 494 Bocmiam
1326 434 1360 496 et

58 542 246 625 specialiter
268 541 494 608 collectoribus
516 542 699 625 bernerum,
724 545 780 627 qui
802 563 860 626 pro
881 547 1026 624 tempore
1048 541 1178 622 fuerint,
1201 546 1358 625 quatenus

53 656 221 736 predictos
250 655 451 739 preurbiales
483 657 627 724 ciuitatis
658 663 767 724 nostre
801 657 986 739 supradicte
1009 659 1119 721 contra
1141 656 1358 737 erempcionis

50 773 85 834 et
116 770 249 836 vnionis
282 775 393 837 nostre
426 771 569 853 graciam
598 772 638 838 de
666 771 867 854 benignitate
896 776 929 836 et
960 769 1153 836 liberalitate
1185 769 1277 852 regia
1309 771 1357 836 eis

49 881 176 947 factam
207 901 270 948 non
301 882 440 948 debeant
469 883 529 949 sub
558 884 691 950 obtentu
720 889 830 950 nostre
858 881 967 965 gracie
997 887 1028 948 et
1061 881 1183 948 fauoris
1205 881 1357 964 deinceps

54 1014 177 1061 verare
207 1001 265 1060 aut
290 1014 427 1078 grauate
456 996 490 1061 in
521 997 630 1081 aliquo
671 1016 730 1063 seu
760 997 862 1062 eciam
891 993 1131 1079 quomodolibet
1159 994 1356 1077 perturbare,

51 1110 141 1175 sicut
164 1128 299 1192 manem
320 1110 560 1192 indignacionis
583 1114 692 1176 nostre
721 1111 940 1190 acrimoniam,
971 1126 1068 1191 quam
1097 1109 1130 1175 in
1161 1109 1357 1176 contrarium

53 1222 215 1290 iacientes
246 1228 435 1289 conuertere
464 1243 523 1306 pro
545 1225 637 1291 libito
668 1226 842 1291 voluntatis
873 1224 1059 1307 poterimus,
1083 1222 1267 1304 cupiuerint
1288 1222 1356 1288 eui·

55 1341 135 1402 tare
181 1334 315 1417 Harum,
337 1356 417 1420 quas
440 1338 548 1420 sigillo
570 1343 680 1404 nostro
703 1339 817 1404 maiori
840 1338 978 1420 sigillari
999 1336 1145 1417 fecimus,
1170 1335 1356 1403 testimonio

62 1449 234 1514 literarum.
259 1450 378 1516 Datum
400 1451 482 1517 Tust
502 1469 586 1517 anno
609 1451 731 1519 domini
752 1451 924 1518 millesimo
945 1449 1171 1516 trecentesimo
1189 1448 1355 1515 tricesimo

68 1564 172 1644 primo,
194 1561 255 1628 XV
276 1563 431 1630 kalendas
454 1563 660 1647 Septembris.

165 1716 237 1786 Orig.
256 1734 331 1788 perg.
350 1717 489 1773 carehim
506 1734 541 1772 ιιι.
568 1717 671 1774 Kollna
689 1717 728 1773 Nl
743 1719 792 1773 III.
811 1717 906 1788 (staril
923 1718 946 1774 b.
965 1724 998 1785 3.,
1016 1718 1154 1788 sprarem
1172 1716 1243 1772 rohu
1260 1716 1283 1772 b
1301 1718 1355 1786 as.)

79 1809 145 1866 Pelet
161 1815 283 1880 uniens,
309 1813 397 1869 toliko
421 1814 594 1869 zelenolluta
618 1812 704 1869 iridra
726 1813 872 1870 hedvabna
894 1815 982 1885 abyla,
1010 1830 1046 1870 na
1064 1814 1142 1869 litere
1160 1812 1242 1884 pedet
1260 1812 1354 1869 sisela.

10 1924 12 1973 ι
82 1905 114 1960 b's
125 1909 189 1963 rnbu
206 1911 272 1964 lietu
290 1909 380 1964 rukou
392 1909 483 1964 XVIII
496 1910 590 1965 stoletl
608 1913 832 1981 posnamenano:
853 1911 1002 1979 „Srornanl
1019 1909 1248 1981 pledmestekych
1267 1925 1280 1964 s
1298 1910 1354 1964 mb-

85 1999 144 2072 lucy
159 2005 185 2060 in
202 2005 396 2075 praestandis*
416 2023 433 2061 a
450 2005 513 2060 dole
534 2005 588 2072 „N0
605 2005 653 2059 III.
672 2021 744 2061 anno
765 2013 840 2060 1331.
858 2006 1032 2076 Privileginm
1045 2007 1116 2076 regis
1135 2005 1261 2072 Joaunis,
1279 2003 1353 2076 quod

87 2096 137 2153 sires
151 2102 209 2170 plns
229 2101 394 2156 suburbanis
420 2101 595 2156 contribuere
614 2119 669 2156 non
687 2107 827 2170 tenentur,
851 2102 901 2157 sed
925 2103 954 2156 iu
978 2101 1177 2157 contribuendo
1195 2103 1224 2157 in
1243 2100 1354 2173 aequali

88 2205 128 2247 tm
143 2197 301 2255 suburbanis
321 2203 465 2268 praestare
483 2201 638 2253 tenentur.“
657 2229 692 2238 -
709 2197 810 2265 unior,
827 2197 949 2270 Regesta
966 2197 1015 2253 111.
1034 2197 1056 2253 b.
1070 2203 1146 2255 1797.

10 2458 17 2613 ζ
622 2463 686 2547 bu.
713 2481 783 2547 161.

10 2630 15 2717 l
471 2618 571 2700 1331,
594 2618 616 2685 4
637 2616 729 2686 aiil.
751 2617 784 2685 V
806 2617 936 2685 Praze.

88 2768 146 2840 Kto'l
165 2779 231 2844 Joo
247 2778 418 2859 postupsqje
439 2781 536 2858 opatu
558 2799 580 2840 a
601 2774 754 2841 1000000100
775 2773 917 2840 kidltcro
942 2771 1094 2839 Oseclclbo
1121 2772 1222 2855 provo
1239 2776 1350 2854 patro-

11 2902 13 2911 ·
90 2884 158 2952 sitsi
176 2889 195 2953 k
211 2889 364 2975 fomimu
386 2887 504 2954 kostela
526 2912 543 2952 o
565 2892 663 2954 miste
676 2888 839 2972 Peraean
855 2885 990 2971 Panis).
1016 2889 1135 2953 Datum
1150 2887 1253 2967 Prage
1268 2904 1352 2950 anno

86 3004 271 3069 tuatiuitate
294 3003 414 3068 domini
445 3003 615 3068 millesimo
645 3002 871 3067 trecentesimo
901 3001 1067 3067 tricesimo
1098 2999 1211 3082 primo,
1246 2998 1352 3080 pridie

84 3125 158 3181 nonas
180 3115 385 3198 Septembris.

160 3252 209 3306 Ille
237 3252 304 3321 kop.
330 3269 346 3305 v
366 3250 459 3305 Codex
487 3251 639 3306 Damascus
668 3250 791 3304 klaitera
818 3249 961 3304 Oseclidho
988 3266 1025 3303 na
1049 3249 1065 3302 l.
1095 3254 1124 3301 17
1148 3246 1352 3316 Posern-Klett,

79 3339 280 3403 Urlundenbuch
299 3347 349 3401 der
366 3346 460 3401 Stadte
484 3345 609 3400 Dreeden
628 3344 683 3399 und
702 3345 785 3400 I’irna
804 3352 852 3399 etr.
871 3351 928 3398 34⁶2.
949 3374 981 3382 -
1000 3344 1100 3409 llmler,
1124 3344 1244 3412 Regesta
1262 3343 1309 3398 III.
1328 3343 1351 3399 b.

77 3445 131 3496 1118.
149 3475 181 3484 -
199 3444 306 3514 Rislrup
334 3442 480 3512 Mlienslry
505 3443 640 3512 Wythego
666 3441 780 3495 schsalil
803 3447 862 3495 toto
887 3441 1019 3494 ‹larovsini
1046 3439 1169 3494 kloiteru
1197 3439 1351 3495 Oseckemu

70 3536 135 3592 lbleas
151 3544 177 3594 cI
196 3560 213 3594 o
231 3542 314 3594 Mllnc'
331 3545 349 3592 4
366 3541 455 3592 deboc
474 3543 541 3591 1332
560 3554 576 3591 a
593 3538 654 3592 kra'l
674 3538 727 3592 Jau
747 3538 829 3591 liutem
847 3540 872 3590 d.
891 3556 907 3589 o
920 3538 1096 3591 Domoiliclcb
1108 3541 1142 3589 25
1155 3538 1270 3591 deroeace
1284 3541 1351 3589 1335

68 3636 150 3691 ulldil
167 3637 329 3708 purkrablm
350 3634 437 3689 hradu
455 3635 632 3689 Perenekdbo
653 3634 770 3702 (dilectis
791 3632 917 3688 fidelibus
936 3633 993 3687 suis
1006 3632 1140 3687 Swinconi
1154 3632 1350 3687 etAlschiconi

63 3730 182 3788 bstribne
206 3732 395 3803 Scopconibus
414 3730 494 3785 dictis
512 3729 547 3784 de
565 3731 655 3797 Buba,
679 3729 835 3799 purgrauiis
854 3729 1012 3796 inlisum),
1036 3729 1088 3797 aby
1107 3728 1221 3783 chranili
1244 3727 1352 3784 klabter

61 3827 158 3900 oncis
172 3846 190 3882 r
202 3828 299 3882 drienl
319 3832 404 3899 prava
422 3827 617 3899 patronatnlho
635 3825 743 3881 farniho
763 3825 872 3880 kostela
890 3824 1075 3891 Perenslieho,
1090 3824 1176 3892 jakol
1194 3824 1203 3878 i
1221 3822 1349 3879 dllchodu

55 3942 83 3979 re
99 3926 142 3981 cls
161 3944 177 3978 v
195 3925 286 3979 Pernb
304 3925 471 3994 vybnsneho
501 3924 647 3993 (donantes
673 3922 742 3992 ipsis
768 3921 901 3976 decimam
927 3921 1108 3991 septimanam
1127 3921 1155 3974 ln
1173 3920 1303 3976 theloneo
1322 3927 1350 3975 et

53 4021 184 4078 decimam
198 4027 307 4092 partem
327 4021 446 4074 omnium
461 4027 488 4075 et
499 4021 667 4090 singulorum
685 4024 869 4089 proventuum
887 4018 975 4088 ipsius
994 4017 1115 4071 thelonei
1128 4017 1157 4072 in
1174 4017 1264 4072 Plrnis
1283 4034 1348 4087 qua-

49 4119 234 4189 litercumque
262 4116 446 4171 evenientium
470 4124 526 4171 tam
544 4117 572 4170 in
597 4117 704 4185 navigio
730 4132 811 4185 quam
835 4116 864 4170 in
888 4115 948 4169 aliis
977 4115 1186 4185 quibuscunque
1211 4113 1348 4169 fructuum

46 4215 275 4288 perceptionibus
290 4212 379 4283 ipsius
392 4212 532 4283 thelonei).
543 4244 578 4254 —
590 4213 700 4267 Rosnbi
713 4211 851 4267 markrabl
863 4210 948 4266 Karel
960 4211 1043 4265 distem
1060 4213 1086 4268 d.
1098 4230 1114 4264 0
1127 4212 1209 4265 Prone
1220 4215 1255 4264 24
1264 4213 1348 4264 soora

46 4318 117 4368 1342
133 4310 258 4383 potvrdil
284 4314 370 4380 opatu
394 4307 545 4363 Oseckemu
568 4307 703 4364 Kouradu
722 4313 780 4362 toto
799 4306 944 4378 pilstelenl
967 4304 1075 4363 famlho
1096 4306 1207 4364 kostsla
1224 4325 1240 4362 v
1257 4307 1346 4363 Penne

1140 4425 1188 4478 18*
