3098 5392
682 453 757 503 scol.
1301 447 1364 513 997

62 673 127 718 non
151 653 191 717 ad
215 653 425 721 donacionem
448 663 576 723 centum
599 677 832 741 sexagenarum
854 677 1033 725 annuorum
1057 676 1213 724 censuum
1236 675 1364 739 grosso·

61 786 136 831 rum
158 769 366 850 pragensium
389 787 447 851 pro
471 772 711 837 sustentacioue
741 773 807 837 vite
828 790 1007 854 pauperum
1041 777 1073 836 et
1098 770 1301 837 intirmorum
1322 769 1364 834 ad

64 880 173 961 ipsum
195 880 356 963 hospitale
379 880 612 950 confluencium
643 889 676 949 et
697 885 921 950 ministrorum
944 885 978 949 iu
1003 884 1116 951 eodem
1139 883 1293 965 hospitali
1316 882 1364 947 di·

64 994 141 1058 uiuo
165 994 266 1059 cultui
290 996 425 1061 cottidie
458 996 688 1064 famolancium
719 997 831 1064 usibus
856 997 1143 1080 comparandarum
1172 1014 1364 1063 consensum

61 1112 97 1170 et
122 1125 291 1173 assensum
321 1114 468 1175 nostrum
497 1111 624 1193 regium
655 1109 809 1178 adbibere
840 1116 873 1177 et
907 1112 996 1193 ipsas
1029 1116 1156 1176 centum
1187 1127 1363 1192 sexagenas

62 1239 248 1302 grossorum
281 1240 396 1289 census
426 1225 527 1289 auuui
559 1224 664 1291 eidem
693 1226 847 1307 hospitali
871 1230 904 1290 et
926 1225 1030 1307 ipsius
1065 1223 1225 1289 ministris
1248 1240 1364 1305 appro-

61 1334 181 1415 priare,
204 1335 414 1418 inuiscerare,
437 1338 652 1419 incorporare,
675 1344 847 1404 annectere
875 1344 908 1403 et
930 1338 1022 1404 unire
1044 1337 1226 1420 graciosius
1251 1336 1363 1419 digua·

61 1465 180 1513 remur.
226 1449 256 1514 N
259 1468 294 1515 os
318 1468 403 1532 vero,
428 1451 482 1533 qui
505 1452 721 1534 quorumlibet
748 1452 835 1517 iuste
857 1452 1040 1534 petencium
1062 1456 1138 1517 vota
1161 1451 1214 1532 pio
1238 1466 1364 1531 semper

61 1560 182 1627 affectu
204 1564 456 1646 complectimur,
487 1565 658 1647 presertim
686 1586 759 1632 cum
790 1567 874 1632 iuste
906 1565 1090 1648 petentibus
1113 1583 1176 1631 uon
1201 1564 1245 1630 sit
1267 1563 1363 1629 dene-

60 1673 188 1755 gandus
218 1694 382 1758 assensus,
417 1677 458 1742 ad
482 1678 609 1744 laudem
644 1678 873 1761 omnipotentis
905 1679 966 1744 Dei
1002 1680 1138 1760 eiusque
1173 1678 1364 1743 intemerate

60 1789 232 1870 genitricis
249 1791 387 1872 uirginis
403 1791 508 1855 Marie
524 1797 557 1856 et
571 1791 658 1857 beati
674 1792 695 1857 J
697 1792 788 1857 odoci
806 1797 838 1857 et
854 1796 965 1858 sancte
980 1791 1151 1857 Elizabeth
1173 1810 1211 1857 ac
1226 1791 1363 1856 aliorum

61 1909 258 1984 sanctorum,
283 1924 419 1986 quorum
441 1905 475 1969 iu
491 1905 551 1970 hac
574 1911 665 1988 parte
688 1925 740 1971 res
763 1906 881 1988 agitur,
905 1906 1042 1988 gloriam
1066 1911 1099 1970 ct
1114 1905 1276 1985 honorem,
1299 1923 1364 1969 non

60 2037 121 2101 per
144 2036 285 2084 errorem
308 2024 365 2083 aut
388 2019 577 2101 improuide,
613 2019 670 2085 sed
703 2020 810 2086 auimo
844 2018 1022 2085 deliberato
1055 2036 1198 2099 sanoque
1219 2017 1364 2083 fidelium

59 2137 247 2197 nostrorum
269 2132 443 2198 accedente
465 2133 600 2198 consilio
623 2132 664 2197 ad
688 2133 887 2199 erecciouem
912 2138 944 2198 et
967 2132 1223 2199 exstruccionem
1245 2129 1365 2212 prefati

59 2246 244 2327 hospitalis,
279 2246 372 2312 cuius
395 2264 565 2329 supremus
585 2247 747 2327 fundator,
772 2247 921 2313 dominus
946 2252 978 2312 et
1002 2251 1160 2329 patronus
1183 2245 1362 2324 existimus,

58 2358 234 2442 benignius
257 2362 509 2440 consencientes,
533 2360 623 2443 ipsas
647 2378 775 2441 quoque
799 2367 927 2426 centum
951 2378 1130 2442 sexagenas
1157 2378 1204 2441 gr.
1228 2377 1363 2440 pragen-

60 2473 149 2537 sium
171 2472 271 2537 annui
294 2477 327 2537 et
349 2473 497 2554 perpetui
531 2491 657 2553 census,
687 2479 857 2557 postquam
885 2492 943 2555 pro
967 2472 1092 2554 prefato
1127 2471 1282 2554 hospitali
1306 2489 1363 2552 pro

60 2585 304 2651 sustentacione
326 2586 393 2651 vite
415 2604 592 2667 pauperum
622 2591 655 2651 et
685 2585 888 2651 infirmorum
919 2586 960 2651 ad
991 2586 1097 2668 ipsum
1130 2582 1364 2651 confluencium

60 2704 97 2764 et
123 2698 237 2764 usibus
267 2700 498 2767 ministrorum
533 2701 678 2767 eiusdem
707 2701 877 2783 hospitalis
908 2702 1004 2766 simul
1035 2700 1088 2765 uel
1116 2699 1301 2765 successiue
1329 2697 1363 2762 in

60 2830 162 2893 reguo
188 2817 298 2878 uestro
337 2812 470 2880 Boemie
503 2813 537 2879 iu
570 2814 663 2879 bouis
698 2819 805 2879 tamen
838 2814 952 2879 liberis
988 2812 1050 2896 et⁴)
1085 2833 1150 2880 nou
1183 2812 1363 2880 feodalibus

60 2931 170 3006 empte
194 2923 278 3008 seu⁵l
303 2932 487 3008 comparate
510 2946 568 2993 seu
592 2928 632 2992 ad
657 2929 762 3011 ipsum
785 2928 947 3010 hospitale
976 2947 1013 2993 er
1037 2927 1091 3009 pia
1113 2927 1279 2992 homiuum
1301 2927 1364 2990 lar·

61 3039 192 3120 gieione
221 3038 338 3104 donate
372 3040 501 3122 fuerint,
541 3041 645 3106 eidem
679 3041 832 3123 hospitali
870 3047 903 3107 et
936 3041 1040 3123 ipsius
1078 3039 1237 3106 ministris
1271 3057 1364 3120 apro-

60 3151 252 3233 priauimus,
283 3152 563 3234 inuiscerauimus,
594 3155 872 3236 incerporauimus
903 3161 936 3220 et
971 3173 1096 3221 exnunc
1119 3158 1214 3236 prout
1237 3157 1362 3233 extunc,

60 3270 96 3330 et
118 3270 235 3330 extunc
257 3272 353 3347 prout
376 3286 501 3333 exnunc
525 3269 647 3333 virtute
670 3269 873 3350 presencium
896 3270 986 3351 regin
1016 3268 1209 3334 auctoritate
1231 3267 1364 3333 Boemie

60 3384 95 3444 et
119 3378 160 3443 de
182 3384 270 3445 certa
292 3385 402 3445 nostra
426 3382 567 3447 sciencia
582 3383 784 3448 annectimus
803 3383 983 3464 graciosins
1009 3387 1042 3447 et
1057 3382 1184 3447 mimus
1208 3399 1266 3463 per
1285 3400 1363 3463 pau·

60 3510 157 3575 peres
179 3499 213 3558 et
234 3492 377 3560 infirmos
409 3495 443 3558 in
477 3495 590 3561 eodem
621 3495 774 3579 hospitali
806 3498 961 3579 degentes
994 3501 1027 3562 et
1060 3497 1164 3579 ipsius
1191 3495 1363 3578 hospitalis

59 3604 228 3672 ministros
259 3607 434 3688 habendos,
470 3609 625 3674 tenendos
661 3615 693 3674 et
727 3611 873 3675 adinstar
908 3613 1010 3676 eciam
1051 3611 1186 3676 aliorum
1209 3609 1364 3674 bonorum

60 3720 357 3787 ecelesiasticorum
380 3723 546 3804 perpetuis
568 3723 765 3804 temporibus
790 3723 923 3805 pacifice
943 3722 1169 3806 possidendos,
1193 3741 1231 3787 eo
1255 3726 1363 3786 tamen

60 3834 230 3915 signanter
260 3836 403 3916 prouiso,
438 3836 523 3916 quod
552 3836 607 3916 jus
639 3841 828 3917 patronatus
860 3855 916 3901 seu
946 3836 1155 3919 presentandi
1185 3835 1361 3916 ministros,

60 3965 169 4028 vuum,
193 3948 284 4029 duos,
307 3948 348 4013 ad
372 3949 545 4014 marimum
576 3955 642 4014 tres
675 3969 732 4031 pro
756 3949 868 4015 diuino
898 3949 1003 4017 officio
1030 3952 1063 4015 in
1087 3949 1231 4032 predicto
1254 3949 1363 4029 hospi·

58 4061 119 4127 tali
150 4061 284 4127 cottidie
315 4062 516 4143 celebrando,
550 4063 645 4128 simul
670 4065 722 4129 uel
746 4063 947 4144 successies,
982 4064 1057 4129 dum
1088 4068 1121 4129 et
1150 4064 1281 4146 quocies
1307 4080 1362 4128 ue

60 4175 199 4240 cessitas
223 4192 259 4240 se
281 4175 463 4257 ingesserit,
488 4176 528 4240 ad
545 4177 686 4257 prefatos
703 4176 791 4241 ciues
810 4176 956 4241 ciuitatis
974 4177 1183 4258 Pyesczeusis
1198 4181 1362 4258 tamquam

60 4287 166 4369 ipsius
189 4287 362 4369 hospitalis
392 4288 633 4369 gubernatores,
664 4296 805 4354 rectores
839 4295 871 4354 et
894 4291 1079 4372 prouisores
1112 4286 1255 4371 debeat‘b
1290 4307 1362 4371 per·

60 4401 169 4483 petuis
198 4401 397 4483 temporibus
428 4402 599 4482 pertinere,
631 4403 734 4467 literis
766 4404 836 4468 siue
867 4405 986 4485 graciis
1019 4404 1182 4486 religiosis
1204 4402 1362 4484 magistro

59 4513 233 4596 hospitalis
264 4519 297 4579 et
326 4516 499 4580 conrreutui
531 4517 701 4596 hospitalis
734 4516 856 4581 ordinis
890 4515 1129 4583 Cruciferorum
1159 4535 1232 4583 cum
1267 4516 1363 4582 stella

58 4629 94 4695 iu
118 4628 201 4711 pede
222 4628 331 4711 pontis
354 4629 538 4711 Prageusis,
562 4630 689 4697 cleantis
714 4631 833 4695 nostris
869 4631 1007 4713 dilectis,
1039 4650 1136 4714 super
1158 4628 1284 4714 prefate
1306 4630 1362 4697 ho·
