3098 5392
668 504 743 561 Mol·
1275 509 1360 576 1065

163 712 373 782 Wenceslaus
407 716 460 782 dei
495 717 604 798 gracia
636 718 854 785 Romanorum
887 734 945 783 rex
979 736 1105 800 semper
1139 723 1297 801 augustus
1330 725 1363 785 et

56 829 192 895 Boemie
214 848 279 895 rex.
327 829 499 896 Vniuersis
536 836 569 895 et
600 830 738 913 singulis
772 830 957 912 baronibus,
989 830 1161 912 nobilibus,
1191 831 1359 912 militibus,

58 941 242 1023 clientibus
267 943 457 1026 capitaneis,
480 943 697 1027 burggrauiis,
722 943 924 1025 officialibus,
941 944 1137 1026 justiciariis
1161 949 1194 1010 et
1217 962 1362 1026 popraw-

57 1057 212 1122 cronibus
247 1057 337 1139 regni
370 1059 473 1124 nostri
504 1058 645 1138 Boemie,
679 1063 712 1123 at
743 1058 910 1140 signanter
944 1057 1111 1124 districtus
1139 1058 1361 1138 Becbinensis,

56 1168 208 1235 fidelibus
238 1171 359 1237 nostris
394 1170 532 1252 dilectis,
565 1173 706 1254 graciam
733 1171 854 1254 regiam
888 1177 922 1237 et
943 1189 1036 1237 omna
1057 1170 1188 1237 bonum.
1231 1171 1361 1237 Fideles

59 1283 187 1350 dilectit
219 1283 319 1349 Vobis
343 1283 491 1351 omnibus
522 1285 556 1350 in
579 1302 697 1367 genere
727 1290 760 1349 et
783 1290 926 1349 vestrum
949 1284 1082 1350 cuilibet
1111 1286 1144 1349 in
1168 1284 1277 1365 specie
1301 1283 1359 1349 sub

58 1397 143 1479 regii
174 1398 277 1463 nostri
310 1395 433 1462 fauoris
457 1398 589 1464 obtentu
613 1397 760 1463 districte
782 1397 980 1480 precipimus
1004 1403 1037 1462 et
1057 1396 1258 1477 mandamus,
1281 1415 1359 1479 qua-

57 1516 155 1576 tenus
179 1517 290 1577 contra
313 1514 346 1575 et
367 1510 524 1576 aduersus
541 1516 697 1594 raptores,
722 1517 896 1576 stratarum
912 1511 1117 1593 publicarum
1133 1510 1362 1593 depredatores

58 1629 91 1688 et
113 1623 276 1691 maleficos
308 1642 526 1707 quoscunque,
558 1624 738 1705 ubicunque
768 1630 922 1706 repertos,
956 1642 994 1690 ac
1026 1629 1136 1689 contra
1162 1623 1305 1690 lautores
1329 1628 1362 1688 et

59 1744 245 1820 receptores
269 1738 454 1819 eorundem,
478 1738 552 1803 dum
578 1743 609 1803 ct
632 1739 763 1820 quocies
787 1758 844 1820 per
859 1739 1050 1819 magistrum
1065 1738 1195 1819 ciuium,
1217 1737 1361 1819 judicem

58 1856 91 1915 et
113 1850 264 1916 consules
288 1850 433 1916 ciuitatis
457 1856 566 1917 nostre
588 1851 749 1933 Budweis,
772 1850 885 1917 fideles
909 1856 1036 1917 nostros
1052 1851 1197 1931 dilectos,
1220 1850 1360 1933 desuper

55 1964 207 2047 requisiti
242 1961 379 2041 fueritis,
415 1983 550 2031 vnacum
585 1965 667 2046 ipsis
698 1964 843 2030 debeatis
875 1965 1050 2047 procedere
1082 1963 1223 2029 viriliter
1249 1970 1283 2029 et
1303 1983 1360 2046 po·

55 2081 172 2142 tenter.
218 2076 261 2141 Et
290 2077 324 2142 in
354 2095 475 2159 casum,
505 2095 567 2159 qno
590 2078 752 2160 quispiam
783 2096 821 2142 ex
844 2076 935 2143 vobis
967 2076 1001 2141 id
1024 2077 1131 2158 ipsum
1153 2076 1260 2143 facere
1283 2095 1358 2143 con·

53 2195 248 2271 tempneret,
283 2196 399 2255 extunc
430 2209 507 2272 erga
536 2191 633 2256 talem
663 2191 773 2256 taliter
803 2207 899 2271 agere
931 2188 1096 2268 vellemus,
1130 2189 1215 2271 quod
1238 2208 1277 2255 ax
1299 2190 1361 2255 hoc

53 2303 165 2369 eidem
194 2304 228 2368 iu
251 2321 385 2385 corpore
415 2310 448 2369 et
468 2303 564 2369 rebus
596 2305 664 2369 suis
689 2304 866 2384 periculum
896 2321 960 2368 non
983 2301 1144 2368 modicum
1168 2300 1359 2383 immineret,

52 2435 99 2482 ne
123 2416 268 2482 facilitas
293 2419 386 2483 venie
415 2416 585 2482 audaciam
609 2416 715 2498 pariat
739 2417 856 2481 ceteris
873 2414 1091 2498 delinquendi.
1120 2416 1240 2480 Datum
1255 2414 1360 2497 Prage

51 2530 111 2595 die
143 2529 199 2593 IX.
231 2528 357 2610 Marcii,
391 2548 563 2611 regnorum
593 2535 777 2594 nostrornm
809 2547 893 2593 auno
927 2528 1061 2593 Boemie
1086 2525 1213 2608 XLIV⁰‚
1244 2528 1360 2593 Roma·

50 2661 173 2708 norum
197 2661 274 2708 vero
296 2642 411 2707 XXXI.

607 2808 669 2872 Per
692 2807 856 2872 dominnm
881 2805 1063 2872 Conradum
1086 2806 1359 2873 subcamerarium

707 2919 847 2984 lacobus
871 2919 1044 2986 canonicus
1068 2919 1249 3000 Pragcnsis.

165 3107 238 3176 Orig.
257 3107 367 3178 drnbdy
385 3124 402 3160 r
421 3107 532 3162 archivn
551 3124 584 3162 m.
599 3107 759 3176 Budejovic.
785 3106 852 3177 tlpis
871 3126 887 3161 v
906 3107 971 3177 dipl.
991 3090 1117 3163 ‹leskeho
1131 3122 1233 3162 musca.
1253 3105 1359 3160 Kterak

51 3224 67 3260 v
90 3204 159 3259 tdch
179 3203 276 3257 macch
295 3202 467 3271 Buddjovidti
486 3204 650 3272 ryltondrali
669 3220 794 3273 popravu
814 3206 823 3258 i
843 3203 897 3258 uad
916 3204 1070 3257 vukolnr'mi
1085 3219 1209 3272 zamany,
1226 3200 1292 3256 taho
1311 3200 1357 3254 do·

48 3301 170 3355 kladcm
195 3300 226 3366 jc
253 3300 369 3368 postlaci
392 3298 568 3369 nedatovany
592 3300 639 3354 list
663 3299 740 3354 lrralc
768 3300 888 3355 Vaclava
908 3300 956 3360 IV,
982 3300 1039 3368 jejd
1062 3299 1135 3367 jsme
1162 3316 1199 3354 na
1224 3304 1272 3353 str.
1293 3303 1358 3352 1007

48 3400 114 3452 tcto
136 3395 237 3464 Sblrky
257 3394 410 3462 uveicjnili.

629 3685 693 3768 Cis.
718 3705 791 3769 812.

439 3889 538 3971 1407,
562 3890 604 3956 17
627 3893 777 3962 bienna.
802 3892 835 3959 V
858 3893 976 3961 Prane

50 4111 146 4181 Krdl
178 4108 291 4175 Vcicloo
314 4111 337 4173 I
340 4109 369 4170 V
379 4110 543 4191 potoraujc
565 4110 754 4186 bardomiani,
777 4109 864 4174 kterc'
880 4108 1059 4191 purkmistr
1075 4131 1095 4173 a
1111 4108 1234 4175 bosseto
1256 4111 1356 4174 mdsta

49 4223 232 4306 Buddy'ovic
266 4223 379 4288 scindi
415 4223 494 4288 nacci
529 4222 708 4303 rycbtcir'em
745 4221 914 4307 ricdstskgim
951 4223 1155 4305 Siporrundem
1193 4222 1357 4288 Klariccm

49 4363 74 4406 a
99 4335 281 4412 Maricc'tou,
312 4337 424 4402 dccrou
447 4335 631 4418 pr'cdcllc‘bo
661 4336 808 4418 rpclstdr'c
840 4334 1083 4418 Buddjooicd‘c'bo
1114 4335 1253 4402 l'dclavc
1276 4335 1357 4402 Kla-

48 4455 132 4527 rice,
156 4472 178 4514 a
201 4453 230 4514 to
253 4447 318 4532 tola,
348 4450 382 4515 ic
403 4450 559 4532 Sipmuad
582 4449 697 4514 Klaric
719 4448 829 4532 ajebo
852 4449 996 4515 dc'dicovc
1025 4452 1107 4533 niuji
1136 4450 1238 4516 siracti
1265 4450 1357 4534 rych-

49 4565 179 4633 tcir'siva'
198 4561 334 4629 mdstskc
354 4585 388 4629 sc
408 4565 490 4629 asim
506 4564 766 4645 pr'isludcnstcim
789 4585 810 4627 o
834 4561 982 4628 illarke'ta
1006 4585 1039 4629 sc
1061 4565 1161 4648 soymi
1183 4564 1285 4631 addici
1301 4565 1357 4631 mci

51 4678 163 4749 arceto·
190 4676 278 4762 mian
307 4675 442 4762 dvorslty‘
472 4699 492 4743 c
518 4678 658 4760 polonici
687 4676 830 4743 ddcbodu
850 4697 868 4742 c
889 4679 986 4761 rapta
1015 4676 1197 4746 mastslce‘lo.
1243 4679 1356 4763 Kdyby
