3098 5392
177 406 181 413 ’
224 432 288 502 700
843 435 918 487 tarr.

220 643 294 711 idus
317 643 514 725 Decembris,
537 662 709 727 regnorum
724 634 907 712 nostrorum
922 643 1045 726 Karoh,
1068 642 1286 710 Romanorum
1300 643 1500 727 imperatoris,

219 775 303 823 anno
325 759 489 825 tricesimo
511 759 625 842 primo,
647 760 776 842 imperii
791 777 867 826 vero
883 759 1038 826 vicesimo
1061 757 1212 838 secundo,
1234 761 1423 825 nostrorum
1436 774 1499 822 vero

223 868 415 952 Wenceslai‚
438 871 526 953 regis
548 871 690 953 Boemie,
715 877 828 955 quarto
851 872 986 953 decimo,
1008 871 1225 938 Romanorum
1247 888 1325 937 vero
1348 870 1456 954 primo.

617 1045 680 1129 [Na
704 1045 787 1112 ohbu
798 1044 819 1131 :]
857 1047 907 1113 De
921 1045 1072 1113 mandato
1088 1046 1209 1113 domini
1224 1046 1429 1128 imperatoris

815 1159 970 1228 Nicolaus
1005 1159 1241 1228 Camericensis
1275 1160 1463 1243 prepositus.

327 1297 391 1378 [Na
412 1296 527 1381 rubnz]
550 1298 587 1362 R.
612 1297 803 1365 wilhelmus
826 1301 1053 1384 Kortelangen.
1142 1362 1144 1366 .

324 1467 396 1536 Orig.
413 1484 489 1538 purg.
514 1469 683 1523 vhnitecim
702 1452 948 1528 §rancenbersktm
968 1471 1080 1526 archiva
1102 1470 1290 1526 Ttebohskenn
1314 1470 1351 1539 II,
1371 1477 1417 1527 112
1433 1469 1467 1523 N·
1481 1475 1498 1521 1.

219 1563 237 1617 S
255 1563 352 1619 drbma
369 1564 488 1634 velkynri
507 1565 650 1636 hrasnymi
669 1565 785 1636 pebctmi
809 1568 897 1623 eisaie
916 1568 1002 1623 Karla
1018 1568 1056 1622 1v
1083 1567 1195 1623 abraba
1214 1566 1335 1622 Vtclara
1352 1565 1400 1633 IV,
1413 1565 1454 1633 jai
1469 1578 1497 1616 na

220 1659 306 1714 drnht
332 1663 426 1716 strant
444 1661 509 1729 maji
530 1662 651 1733 sekrety,
669 1678 687 1717 a
705 1662 761 1716 sice
780 1662 874 1717 sekret
891 1662 996 1718 Karltr
1015 1665 1060 1717 nrt
1074 1661 1265 1731 jadnohlavou'
1283 1661 1369 1729 calici,
1386 1678 1404 1717 a
1422 1659 1497 1716 sehet

219 1755 358 1811 Vaclartr
378 1755 568 1812 dronblavtho
588 1758 647 1812 orla
665 1773 678 1811 s
697 1757 809 1827 beskym
828 1757 899 1813 luem
916 1775 953 1814 na
969 1774 1064 1829 praon

767 2042 784 2082 *
809 2025 873 2108 tn.
897 2041 971 2108 533.

620 2212 718 2294 1377,
740 2214 761 2281 8
782 2214 915 2283 unora.
937 2213 970 2283 V
985 2212 1116 2283 Prone

225 2393 320 2462 Lisai
341 2395 441 2462 Κανά
462 2397 485 2459 I
488 2396 519 2460 V
527 2397 672 2481 pooobrjc
700 2399 877 2464 'atilanum
898 2402 1000 2464 mista
1025 2398 1141 2472 Morta,
1171 2395 1233 2478 obp
1254 2395 1393 2479 subirati
1411 2391 1500 2463 ruat

220 2510 259 2574 do
281 2511 359 2575 vorat
380 2510 598 2594 aopr'aicnp'cb
620 2511 664 2576 cb
681 2531 725 2594 po
739 2512 869 2595 jednom
884 2512 941 2577 acb
963 2511 1044 2577 dccc
1065 2508 1215 2587 balcr'tcb,
1239 2530 1260 2575 a
1283 2511 1346 2593 uby
1366 2510 1500 2594 copones

515 2621 616 2689 roboro
638 2623 689 2689 cla
709 2623 892 2706 oydriocols'
911 2621 1050 2689 uodouod
1071 2621 1217 2707 mistsky‘.

327 2806 465 2873 Karalus
500 2812 634 2890 quartus
665 2807 777 2872 diuina
806 2806 937 2873 fauente
969 2808 1144 2874 clemencia
1171 2807 1392 2875 Romanorum
1421 2808 1507 2889 impe-

221 2925 310 2986 rator
334 2938 459 3003 semper
482 2926 639 3003 augustus
663 2925 695 2986 et
717 2920 850 2986 Boemie
878 2938 945 2987 rex.
989 2919 1109 2987 Notum
1139 2920 1276 2988 facimus
1306 2927 1420 2989 tenore
1447 2936 1509 3003 pre

222 3034 366 3100 sancium
388 3035 558 3115 uniuersis,
582 3033 677 3118 quod,
702 3054 774 3100 cum
797 3034 886 3101 ciues
909 3034 1054 3101 ciuitatis
1075 3034 1258 3116 Pontensia,
1280 3032 1395 3103 fideles
1417 3031 1510 3101 nosui

221 3148 342 3228 dilecti,
375 3166 433 3228 pro
466 3148 606 3214 utilitate
640 3147 784 3214 ciuitatis
811 3147 956 3215 eiusdem
990 3147 1031 3214 de
1063 3148 1143 3230 ioco,
1178 3148 1264 3216 sicut
1298 3149 1347 3215 eis
1381 3147 1424 3216 ad
1457 3147 1511 3213 boc

220 3260 390 3326 videbatur
426 3260 680 3343 congruentiori,
715 3262 815 3327 velint
841 3261 882 3326 ad
913 3261 1048 3328 undem
1082 3261 1247 3329 ciuitatem
1281 3261 1391 3330 facero
1423 3277 1513 3345 aque

221 3374 362 3454 ductum,
398 3393 455 3455 pro
491 3393 587 3457 opere
619 3373 804 3440 huiusmodi
840 3374 1067 3455 consumando,
1100 3393 1164 3440 non
1197 3374 1383 3458 improuide
1417 3390 1514 3455 neque

221 3506 278 3570 per
308 3505 458 3568 errorem,
490 3487 546 3553 sed
573 3488 679 3554 animo
702 3486 878 3553 deliberato
901 3492 933 3552 et
956 3488 996 3554 de
1019 3492 1106 3554 certa
1127 3492 1239 3555 nostra
1261 3487 1415 3569 sciencia,
1438 3493 1512 3553 tant·

221 3618 316 3682 quarn
337 3619 394 3666 rex
417 3601 551 3667 Boemie
573 3599 719 3666 fouemus
754 3598 876 3665 eisdem
906 3599 1044 3681 ciuibus,
1080 3600 1165 3682 quod
1198 3599 1239 3667 de
1268 3598 1396 3667 duobus
1431 3599 1516 3683 equis

223 3713 319 3778 simul
351 3715 385 3778 in
415 3732 511 3779 curru
544 3713 746 3779 trahentibus
780 3731 878 3777 vnum
912 3730 1049 3795 paruum
1079 3712 1256 3794 denarium,
1288 3712 1368 3779 item
1392 3713 1433 3780 de
1454 3713 1517 3779 solo

223 3844 303 3909 equo
333 3827 369 3891 in
399 3845 461 3892 vno
493 3845 588 3892 curru
611 3827 759 3893 trahente
781 3826 932 3893 similiter
953 3846 1051 3893 vnum
1072 3844 1209 3910 paruum
1232 3825 1413 3908 denarium,
1446 3827 1520 3893 item

223 3939 263 4003 de
296 3939 400 4005 tribus
434 3940 527 4021 equis
556 3941 590 4005 in
625 3959 688 4006 vno
724 3958 819 4005 curru
852 3939 1054 4006 trahentibus
1090 3939 1172 4006 duos
1205 3956 1326 4023 paruos
1360 3939 1519 4019 denarios,

222 4052 301 4119 item
324 4053 365 4118 de
387 4059 524 4134 quatuor
544 4055 635 4137 equis
658 4054 691 4118 in
707 4073 769 4120 vno
793 4073 888 4120 curru
911 4053 1115 4120 trahentibus
1138 4052 1290 4119 similiter
1305 4052 1390 4121 dnos
1405 4071 1521 4138 paruos

222 4165 372 4233 denarios
401 4169 531 4233 racione
561 4167 703 4233 thelonei
733 4167 1019 4250 aquibuscunque
1052 4166 1313 4247 aduenientibus,
1348 4173 1521 4251 apportan-

221 4279 309 4345 tibus
334 4281 384 4346 rel
406 4280 650 4361 deportantibus
673 4298 893 4363 quascumque
915 4299 968 4347 res
991 4298 1049 4347 seu
1070 4297 1195 4346 merces
1216 4280 1346 4363 possint
1368 4280 1523 4366 recipere,

223 4410 261 4458 ac
283 4394 317 4457 in
341 4411 417 4458 rsus
451 4397 484 4458 et
511 4393 684 4459 utilitatem
706 4393 904 4476 aqueductus
927 4392 1123 4473 huiusmodi,
1154 4396 1251 4474 prout
1279 4393 1330 4459 ais
1361 4392 1526 4461 videbitur

222 4506 344 4585 utilius,
368 4512 555 4572 conuertere
575 4507 732 4573 meliores.
778 4509 982 4590 Quapropter
1003 4505 1192 4574 mandamus
1214 4505 1382 4574 uniuersis
1405 4514 1440 4575 et
1461 4510 1526 4576 sin-

224 4621 307 4702 gulis
334 4620 549 4703 burggrauiis,
573 4620 765 4688 officialibus
788 4626 821 4687 et
850 4621 925 4688 aliis
947 4602 1040 4704 regni
1061 4619 1188 4688 Boemii
1216 4616 1373 4688 fidelibus
1405 4623 1527 4692 nostris
