3098 5392
93 400 155 467 188
701 400 777 452 1810.

80 609 208 690 1118188,
240 627 349 675 eorum
375 614 500 691 emptor
525 610 746 675 tantummodo
777 609 817 674 de
846 609 1020 676 medietate
1048 610 1238 677 hereditatis
1263 610 1324 677 buin

80 723 167 789 modi
190 722 393 790 considerata
422 741 545 787 summa
568 725 713 804 pecunie,
744 742 802 804 pro
826 743 889 805 qua
911 725 1000 805 ipsas
1034 724 1231 790 hereditates
1251 726 1326 790 cineri

81 854 151 901 cum
176 836 300 902 ciuibus
322 835 477 918 predictis
501 836 690 915 contribuet,
713 841 780 901 tam
803 838 836 900 in
860 835 1015 902 subsidiis
1038 842 1071 902 et
1086 837 1235 903 seruiciis
1255 835 1326 900 debit

80 954 112 1013 et
134 951 305 1028 consuetis,
336 949 527 1030 8888181118
557 948 782 1013 exaccionibus
816 952 849 1013 et
872 949 1092 1015 solucionibus
1115 948 1326 1030 quibuscunqe*

80 1060 245 1141 Ceterum,
276 1061 361 1143 quod
394 1061 501 1125 nullus
541 1060 619 1125 baro
658 1061 710 1126 uel
744 1059 861 1126 nobilis
903 1061 992 1127 ciues
1021 1061 1189 1144 predictos
1228 1060 1326 1127 8811(

79 1175 181 1240 mines
214 1175 358 1256 ipsorum
390 1179 498 1256 potest
527 1175 578 1240 uel
612 1173 708 1240 debet
736 1173 777 1238 ad
811 1175 1011 1256 prouinciale
1039 1174 1200 1256 iudicium
1228 1174 1326 1241 8118188

79 1304 224 1367 euocare,
258 1287 316 1353 sed
349 1289 378 1353 si
411 1287 534 1370 aliquid
566 1288 709 1354 accionis
747 1292 862 1370 888188
894 1288 984 1371 ipsos
1021 1289 1111 1355 ciues
1148 1289 1201 1355 uel
1234 1288 1326 1369 811888

78 1417 117 1463 ex
154 1400 201 1465 eis
241 1398 404 1481 habuerit,
442 1399 484 1465 de
520 1401 580 1467 hoc
617 1419 724 1467 coram
752 1402 865 1485 judice
897 1406 931 1468 81
958 1401 1080 1484 juratis
1108 1400 1196 1469 dicte
1229 1402 1326 1469 ciuitat

78 1512 236 1578 iustitiam
266 1513 328 1579 sibi
354 1512 424 1579 fieri
454 1513 603 1596 postulet.
648 1514 692 1579 Et
724 1515 753 1579 si
776 1533 834 1596 per
856 1515 987 1581 cosdem
1009 1514 1154 1598 judicem
1187 1519 1222 1580 et
1246 1515 1326 1597 jurab

78 1624 140 1691 sibi
173 1645 237 1692 non
271 1625 363 1692 fieret
391 1628 533 1709 iusticia,
572 1645 669 1710 super
696 1647 734 1694 eo
763 1629 884 1709 poterit
917 1630 950 1694 in
982 1646 1020 1694 eo
1051 1646 1130 1694 casu
1161 1646 1267 1694 coram
1295 1627 1326 1692 su

80 1742 256 1807 camerario
290 1747 400 1807 nostro
440 1744 605 1809 accionem
633 1741 818 1808 huiusmodi
851 1742 1002 1825 prosequi
1039 1742 1171 1807 18811818
1203 1740 1326 1807 mediant

77 1856 185 1934 Quare
218 1854 394 1934 supradicti
429 1856 517 1921 ciues
551 1873 571 1919 a
600 1854 693 1920 nobis
727 1872 799 1921 cum
829 1855 1072 1937 supplicacione
1100 1853 1221 1921 deuota
1250 1853 1326 1919 etb

76 1968 146 2031 mili
168 1968 362 2047 petiuernnt,
396 1972 432 2032 81
457 1969 505 2033 eis
528 1970 737 2050 supranotata
756 1965 830 2049 jura
856 1966 1064 2048 dignaremur
1098 1965 1275 2048 8888188188
1295 1983 1325 2030 eo

77 2079 213 2145 firmare.
259 2080 326 2146 Nos
353 2086 459 2146 autem
489 2083 633 2162 ipsorum
655 2080 775 2146 ciuium
804 2079 838 2143 in
860 2079 921 2145 bac
942 2084 1035 2161 parte
1057 2078 1270 2160 peticionibus
1297 2095 1326 2159 gr

78 2193 166 2258 cioso
189 2200 414 2260 concurrentes
436 2192 553 2260 affectu
575 2195 683 2259 omnia
712 2198 745 2258 81
767 2193 896 2275 singula
921 2191 998 2275 jura
1019 2192 1167 2274 predicta
1196 2193 1244 2257 sis
1270 2191 1326 2256 rati

78 2324 197 2388 camus,
220 2311 375 2389 perpetuo
394 2306 608 2389 approbamus
632 2311 665 2372 et
683 2325 722 2372 er
739 2311 826 2373 certa
847 2311 958 2371 nostra
981 2305 1125 2371 sciencia
1140 2302 1326 2371 confirmem

77 2419 221 2485 volentes
248 2426 281 2484 et
303 2424 481 2485 statuentes
501 2422 582 2502 ipsis
599 2438 725 2501 semper
737 2417 873 2483 firmiter
895 2423 928 2482 et.
943 2416 1177 2483 inuiolabiliter
1192 2416 1326 2483 obseruu

77 2532 114 2596 18
138 2533 229 2597 88188
259 2533 307 2597 881
330 2534 548 2599 testimenium
572 2537 737 2616 presentes
761 2532 871 2597 literas
893 2529 964 2596 fieri
997 2535 1030 2595 et
1052 2530 1172 2612 sigillis
1194 2530 1326 2595 maiestat

77 2649 187 2709 nostre
208 2646 363 2710 iussimus
387 2646 583 2711 communiri.
618 2646 737 2710 Datum
758 2644 862 2726 Prage
883 2663 942 2726 per
963 2660 1078 2709 manus
1101 2637 1326 2708 venerabilisb

77 2757 203 2839 bannis,
226 2757 502 2840 wissegradensis
524 2760 691 2840 prepositi,
722 2758 814 2840 regni
837 2757 969 2823 Boemie
991 2756 1189 2836 cancellarii,
1217 2755 1326 2838 princip

77 2873 180 2936 nostri
202 2871 322 2950 dilecti,
345 2891 428 2937 nono
450 2871 604 2937 kalendas
627 2871 776 2938 Januarii
806 2889 889 2936 anno
912 2870 1034 2936 domini
1056 2870 1228 2935 millesimo
1249 2874 1326 2933 18888

76 2987 193 3051 tesimo
215 2985 339 3050 decimo
362 3006 456 3066 nono,
479 3005 651 3068 regnorum
673 3005 748 3051 vero
771 2990 953 3051 nostrorum
975 3003 1058 3052 anno
1085 3003 1180 3051 nono.

180 3138 252 3207 Orig.
272 3155 346 3208 perg.
365 3156 380 3191 8
399 3138 510 3194 archivu
528 3157 562 3193 m.
582 3138 755 3194 1188188111ο
774 3147 784 3193 1
806 3139 858 3207 (lit
875 3138 918 3208 B).
940 3139 958 3193 8
976 3138 1077 3193 8811888
1095 3139 1187 3209 pedeti
1205 3134 1326 3192 krtlorskc

77 3251 113 3289 88
131 3234 343 3290 modroderrene
362 3235 445 3290 81118
461 3236 624 3291 8888188888.
642 3235 713 3304 Kop.
732 3251 748 3288 8
766 3236 912 3303 registrum
930 3234 1065 3304 privilegii
1083 3235 1196 3289 archiru
1211 3229 1326 3287 8811818

76 3330 115 3384 Nl
134 3338 146 3384 1
166 3347 199 3385 aa
222 3330 359 3399 napisern:
387 3330 508 3395 „Littera
531 3331 603 3399 regis
627 3329 773 3396 lobannis,
797 3327 870 3400 quod
893 3329 1026 3398 judicium
1049 3336 1078 3384 et
1101 3331 1258 3386 theloneum
1278 3325 1326 3397 ipsit

75 3427 196 3481 ciuitatis
215 3443 294 3479 nemo
313 3425 396 3481 babet
413 3426 457 3480 881
475 3426 556 3480 debet
574 3427 733 3493 concedere,
758 3426 928 3480 committere
951 3425 993 3498 rel
1015 3425 1116 3495 locare,
1140 3427 1195 3481 nisi
1207 3422 1285 3494 jurati
1298 3434 1326 3474 ⁰1¹1

75 3522 210 3576 communi
235 3538 371 3576 consensu
395 3522 494 3575 ciuium
513 3521 706 3592 predictorum,
730 3539 790 3575 cunr
816 3522 877 3576 aliis
906 3521 1036 3588 articulis,
1063 3520 1190 3577 videlicet
1216 3521 1249 3575 dc
1263 3512 1326 3589 judic'

76 3619 278 3683 subcamerarii,
296 3618 330 3671 de
349 3618 534 3672 arrestacione
553 3618 693 3685 nobilium,
712 3624 739 3672 et
757 3617 830 3686 quod
849 3617 942 3671 nullus
964 3617 1087 3672 concinis
1107 3617 1143 3672 ad
1158 3617 1281 3685 judicium
1294 3622 1326 3681 pit

76 3715 193 3769 uinciale
211 3714 293 3768 debet
314 3715 422 3767 eranceri
451 3722 478 3767 et
502 3714 537 3767 de
561 3715 684 3782 losungis
708 3715 842 3768 bonorum
866 3714 1037 3768 liberorum.¹¹
1063 3743 1097 3754 ·-
1114 3712 1198 3779 Uber,
1214 3713 1326 3780 Pupam

76 3811 126 3864 des
152 3810 292 3865 Gommnu.
317 3811 577 3879 Obergymuasiums
600 3809 850 3864 18Κ881881887
878 3816 926 3864 str.
950 3814 974 3862 3.
999 3838 1034 3850 -
1057 3808 1159 3875 Emler,
1182 3796 1326 3876 Rapacis

76 3906 98 3959 d.
122 3911 182 3960 848.

641 4048 705 4131 bo.
732 4067 803 4129 112.

445 4219 542 4300 1320,
565 4221 585 4286 5
609 4239 736 4306 srpna.
768 4219 825 4288 Na
846 4219 1005 4305 bipnici.

75 4378 224 4443 ,lindr'icb
247 4378 368 4459 rchc',
391 4376 530 4461 bejtoron
554 4400 574 4441 o
591 4379 729 4459 88188111
748 4375 908 4442 8888111181
929 4355 1113 4454 81811888,
1132 4380 1326 4462 poturccjcn

76 4494 204 4557 8188118
234 4495 333 4556 mista
363 4490 454 4557 88118
475 4489 666 4556 Ν888811188
688 4491 799 4556 Bredas
815 4489 924 4572 proice
953 4512 974 4556 α
996 4490 1126 4576 ebydcjc,
1155 4490 1326 4558 ictericae

465 4604 555 4669 (111118
579 4625 600 4667 α
615 4602 742 4685 piedlcd
756 4602 831 4686 jobo
853 4603 982 4670 8118811.
