3098 5392
660 504 736 557 ¹⁴⁰⁶.
1178 466 1184 479 ’
1258 499 1342 566 rose

44 709 128 777 duas
158 729 336 794 sexagenas
366 716 400 778 et
428 712 595 779 decernet
617 717 688 781 octo
711 731 841 796 grossos
863 710 951 778 circa
972 708 1090 776 festum
1114 711 1220 777 sancti
1244 710 1341 794 Galli,

44 824 125 893 item
156 844 213 891 sex
243 845 421 910 sexagenas
451 847 637 910 grossorum
671 827 810 910 siugulis
840 827 934 893 annis
965 824 1068 905 nobis,
1099 825 1343 893 suecessoribus

45 939 168 1006 uostris
191 945 249 1006 aut
270 959 329 1023 pro
350 945 496 1023 tempore
518 943 694 1025 purgrauio
711 942 864 1008 existenti
880 942 1008 1006 soluere
1023 939 1226 1006 tenebuntur.
1258 940 1343 1021 Quin

46 1053 179 1137 quidem
202 1053 277 1136 (sic)
301 1055 498 1138 burgrauins
527 1056 610 1123 duos
633 1056 749 1139 vigiles
772 1074 830 1139 pro
853 1054 1008 1139 predictis
1032 1071 1088 1118 sex
1111 1053 1282 1136 sexagenis
1296 1072 1343 1136 gr.

45 1168 80 1233 in
104 1186 165 1233 sua
187 1187 265 1234 cure
279 1166 303 1250 ⁷)
327 1173 439 1235 tenere
461 1169 600 1251 debebit,
623 1170 881 1253 quandocunque
901 1186 959 1250 per
981 1185 1040 1234 nos
1061 1174 1120 1233 aut
1139 1184 1343 1234 successores

46 1286 177 1347 nostros
202 1300 301 1363 snper
321 1284 381 1349 hoc
404 1285 582 1366 requisitus
605 1283 704 1350 luerit
726 1289 759 1348 et
780 1284 1062 1366 quocienscunque
1084 1280 1178 1347 nobis
1200 1285 1258 1346 aut
1272 1298 1344 1346 suc-

47 1395 234 1461 cessoribus
264 1396 386 1463 nostris
416 1397 579 1462 videbitur
611 1402 812 1479 oportunum.
846 1397 927 1461 Item
950 1395 991 1460 de
1013 1394 1157 1475 qualibet
1178 1394 1344 1475 tinterna,

44 1513 207 1593 quotquot
229 1509 349 1576 ibidem
371 1510 531 1576 habentur
552 1512 605 1576 vel
626 1510 660 1576 in
683 1517 848 1593 posterum
870 1509 1082 1588 habebuntur,
1104 1507 1198 1575 nobis
1221 1512 1255 1573 et
1272 1526 1344 1575 sne-

45 1622 232 1690 cessoribus
262 1625 385 1690 nostris
416 1625 556 1691 sedecim
587 1625 692 1707 grossi
727 1643 824 1707 super
850 1625 933 1691 festo
968 1625 1072 1690 sancti
1095 1622 1229 1688 Martini
1260 1641 1345 1689 auuo

44 1736 193 1821 quolibet
214 1739 451 1820 persoluentur.
496 1739 578 1804 Item
600 1739 641 1805 de
664 1739 802 1822 singulis
824 1739 988 1806 marcellis
1011 1738 1166 1819 carnium,
1188 1741 1345 1820 quotquot

44 1849 170 1917 ibidem
202 1858 278 1917 sunt
304 1853 355 1917 vel
378 1870 436 1935 pro
458 1857 604 1935 tempore
624 1857 728 1934 erunt,
751 1853 792 1919 de
814 1852 958 1934 quolibet
978 1852 1131 1919 maccello
1154 1869 1238 1917 unus
1260 1851 1344 1934 lapis

44 1964 119 2047 sepi
150 1964 246 2030 colati
276 1983 334 2047 pro
358 1969 475 2031 nostra
497 1984 624 2032 camera
645 1966 913 2049 arcbIepiscopali
937 1966 1088 2031 similiter
1117 1966 1204 2031 circa
1226 1963 1344 2031 festum

44 2075 155 2143 sancti
177 2076 311 2144 Martini
342 2079 437 2146 aunis
461 2080 599 2163 siugulis
621 2079 858 2161 persoluentur.
903 2079 983 2144 Item
1007 2078 1174 2145 medonem
1196 2078 1289 2146 nobis
1312 2085 1346 2145 et

44 2191 217 2257 thesaurio
247 2192 337 2259 curie
367 2199 478 2261 nostre
506 2193 792 2277 archiepiscopalis
821 2191 1005 2276 Pragcusis,
1039 2197 1135 2275 prout
1163 2192 1345 2275 antiquitus

44 2305 179 2371 soluere
208 2311 455 2389 consueueruut,
485 2307 519 2373 in
543 2306 689 2390 predicta
719 2313 829 2374 nostra
859 2307 950 2373 curia
975 2307 1131 2390 Pragensi
1161 2306 1256 2373 aunis
1279 2305 1345 2373 siu·

44 2418 137 2502 gulis
158 2425 383 2502 representeut
404 2425 438 2486 et
458 2425 624 2504 reponant.
651 2421 696 2486 Et
717 2422 794 2505 quia
816 2422 935 2489 ibidem
951 2426 1028 2487 sunt
1042 2422 1136 2504 plura
1151 2420 1345 2501 molendina,

43 2531 190 2618 quedam
222 2532 377 2600 maiorem
413 2539 447 2601 et
478 2535 545 2601 alta
577 2536 734 2603 minorem
766 2554 896 2602 censum
930 2541 963 2601 et
996 2554 1140 2601 annonas
1173 2533 1347 2616 solvencia,

43 2646 198 2712 volumus
221 2646 331 2730 igitur,
362 2653 396 2714 vt
418 2649 635 2732 predictorum
657 2650 914 2717 molendinorum
937 2649 1104 2732 quodlibet
1117 2646 1142 2730 ⁸)
1169 2648 1346 2715 secuudum

43 2761 125 2844 plus
153 2764 189 2825 et
209 2760 316 2827 minus
345 2762 440 2829 anuis
461 2764 600 2848 singulte
623 2769 765 2845 consuet,
789 2765 886 2831 sicuti
913 2765 1069 2830 hacteuus
1092 2780 1248 2829 censuere
1270 2780 1345 2828 con·

45 2879 239 2957 sueueruut,
270 2881 366 2958 prout
388 2895 504 2944 census
530 2879 716 2946 bulusmodi
747 2897 818 2944 cum
842 2878 991 2944 oneribus
1015 2878 1215 2960 siugulomm
1238 2876 1272 2941 in
1295 2893 1346 2942 re·

45 2987 165 3072 gistris
198 3006 325 3056 camere
358 2996 470 3058 nostre
503 2994 630 3075 plenius
665 2994 900 3060 describuntur.
946 2993 1027 3058 Item
1060 2991 1196 3075 quilibet
1227 2990 1346 3073 hospes

45 3101 173 3169 ibidem
200 3102 242 3168 ad
271 3103 520 3186 requisitionem
549 3107 716 3190 burgrauii
746 3125 804 3189 pro
826 3111 971 3188 tempore
992 3106 1163 3171 existentis
1190 3104 1289 3171 semel
1310 3104 1345 3170 in

45 3214 196 3300 quolibet
224 3234 309 3283 anno
339 3218 504 3286 tenebitur
534 3220 575 3286 ad
599 3221 807 3288 venacionem
836 3221 977 3286 transire
1007 3220 1057 3284 vel
1080 3219 1179 3284 alium
1201 3217 1272 3284 loco
1295 3215 1346 3282 sui

46 3327 194 3409 dirigere
215 3331 268 3395 vel
288 3330 432 3397 medium
453 3350 601 3415 grossum
624 3332 749 3416 prelato
764 3333 938 3418 burgrauio
954 3333 1132 3417 assignare.
1163 3333 1244 3399 Item
1259 3336 1348 3397 tane·

44 3443 175 3511 bnntur
196 3442 328 3526 ligna*)
359 3443 401 3511 de
424 3444 519 3512 siluis
545 3444 668 3514 nostris
691 3446 811 3514 ibidem
840 3448 881 3515 ad
903 3448 1131 3531 Rolryczanum
1144 3443 1169 3529 ⁹)
1201 3450 1350 3529 spectan-

47 3557 140 3626 tibus
174 3575 235 3641 pro
271 3557 484 3628 caleiaccione
513 3558 680 3628 stubarum
703 3566 736 3628 et
766 3581 825 3645 pro
856 3562 994 3643 coquina
1025 3561 1145 3628 ibidem
1176 3559 1349 3641 adducere,

46 3676 207 3759 quantum
243 3673 342 3745 luerit
379 3679 582 3757 oportunum.
627 3675 765 3758 Insuper
801 3677 986 3762 generalem
1025 3677 1158 3743 bernam
1195 3673 1348 3756 regalem,

46 3786 182 3874 quando
203 3788 402 3871 proclamata
424 3786 531 3871 luerit,
555 3787 641 3855 sicut
660 3790 702 3858 ab
725 3790 866 3875 antiquis
889 3791 1087 3874 temporibus
1111 3791 1238 3857 soluere
1259 3794 1348 3856 tene

46 3902 183 3971 buntur.
206 3897 331 3982 Quibus
354 3900 502 3969 censibus
525 3906 559 3968 et
581 3901 743 3986 oneribus,
767 3905 852 3973 elcut
873 3906 1082 3988 premittitur,
1105 3905 1252 3987 expletis,
1275 3921 1349 3987 pre-

47 4014 210 4084 nominati
239 4012 354 4095 incole,
383 4015 520 4083 heredes
550 4022 583 4084 et
612 4035 815 4087 successores
842 4022 985 4103 ipsorum
1008 4019 1101 4087 uobis
1131 4022 1164 4086 et
1186 4035 1350 4086 successo·

47 4128 142 4197 ribus
164 4126 286 4195 nostris
308 4128 351 4195 ad
373 4128 478 4196 nullas
501 4129 583 4198 alias
599 4133 788 4200 exacciones
805 4152 863 4200 seu
879 4153 979 4201 onera
994 4135 1130 4217 amplius
1144 4133 1350 4213 tenebuntur,

47 4243 171 4311 ceteris
194 4244 302 4308 tamen
325 4244 445 4311 nostris
468 4247 501 4312 et
523 4242 816 4315 subcamerariatus
839 4249 1136 4331 archiepiscopatus
1152 4245 1257 4313 nostri
1271 4245 1350 4311 Pra-

46 4356 164 4444 geneis
195 4353 331 4438 iuribus,
370 4361 478 4441 preter
510 4378 608 4443 super
641 4367 827 4429 enumerata
856 4364 929 4429 iure
952 4368 985 4428 et
1009 4379 1118 4443 onera,
1152 4377 1211 4444 per
1244 4357 1351 4426 omnia

48 4488 184 4556 semper
213 4469 325 4554 saluis,
359 4473 525 4555 signanter
552 4477 660 4540 tomen
687 4474 846 4557 judicium
876 4475 994 4541 ibidem
1024 4473 1056 4540 in
1079 4474 1251 4558 Rolryczau
1277 4490 1352 4540 cnm

155 4715 183 4783 o
201 4711 336 4770 rurus
354 4712 435 4785 sup:
453 4713 561 4786 unges.
