3098 5392
682 440 758 491 uro.
1277 435 1361 503 1133

10 724 14 733 ,
64 654 228 732 temptare
252 653 419 733 presumat
442 648 674 732 quoquomodo.
718 647 911 714 Mandantes
935 648 1037 714 eciam
1060 648 1220 713 uniuersis
1243 651 1277 712 et
1298 650 1363 714 sin-

65 765 152 847 gulis
176 764 269 845 regni
291 762 395 829 nostri
418 761 551 828 Boemie
573 759 767 827 officialibus
795 767 827 826 et
850 761 1017 842 signanter
1039 761 1286 843 subcamerario,
1307 763 1363 845 qui

10 856 12 863 ⁵
64 883 117 944 est
146 878 197 943 vel
227 877 282 960 qui
313 895 371 959 pro
403 881 548 958 tempore
577 875 686 956 fuerit,
717 873 853 940 firmiter
879 880 912 938 et
934 872 1092 954 districte,
1116 880 1275 957 quatenus
1297 875 1362 957 ipsi

67 990 109 1056 de
141 989 276 1072 prefatis
306 989 427 1057 nostris
457 988 647 1056 ciuitatibus
679 989 714 1054 in
740 987 958 1070 predictorum
988 1006 1045 1052 sex
1066 1005 1222 1053 annorum
1252 988 1362 1070 spacio

10 1102 13 1109 ’
63 1104 188 1170 nullam
209 1103 329 1186 regalis
358 1102 458 1169 berne
488 1120 645 1168 summam
675 1101 814 1184 exigant,
845 1102 1009 1183 postulent
1037 1105 1095 1166 aut
1115 1102 1281 1184 requirant
1301 1119 1362 1167 nec

62 1217 104 1284 ad
136 1217 333 1283 solucionem
368 1218 513 1300 ipsarum
550 1220 683 1282 arceant
714 1215 765 1281 vel
788 1215 981 1297 compellant
1012 1214 1234 1298 quouismodo,
1267 1220 1362 1296 prout

62 1330 328 1413 indignacionem
359 1334 504 1396 nostram
533 1327 761 1410 grauissimam
792 1327 954 1393 voluerint
982 1327 1089 1394 arcius
1115 1328 1255 1406 euitare;
1286 1345 1361 1392 nam

61 1445 151 1510 iusta
187 1449 220 1509 et
250 1442 395 1509 euidenti
424 1443 556 1509 racione
585 1441 827 1524 perpendimus,
860 1441 945 1525 quod
975 1441 1046 1523 ipse
1076 1439 1227 1506 ciuitates
1252 1446 1362 1506 nostre

61 1557 211 1640 predicte
241 1556 326 1623 inira
355 1562 388 1622 et
420 1575 478 1638 per
509 1554 652 1637 prefatos
683 1573 739 1620 sex
762 1573 862 1622 annos
892 1554 932 1620 de
954 1555 1089 1621 summis
1111 1555 1269 1637 regalium
1290 1553 1361 1619 ber-

59 1689 189 1751 nerum,
206 1690 270 1753 que
285 1671 367 1753 ipsis
384 1688 441 1752 per
463 1669 592 1737 eosdem
615 1687 718 1735 annos
737 1687 826 1735 more
842 1669 938 1734 solito
954 1668 1075 1749 imponi
1092 1667 1254 1749 deberent,
1270 1672 1360 1733 ante·

55 1784 165 1852 dictas
187 1784 252 1850 duo
277 1785 368 1850 milia
398 1785 621 1867 septingentas
655 1787 689 1849 et
720 1784 953 1866 quinquaginta
977 1801 1155 1866 sexagenas
1189 1801 1262 1848 cum
1284 1782 1360 1847 aliis

59 1898 218 1981 summis,¹
238 1896 355 1980 quibus
380 1914 437 1978 per
465 1901 609 1962 nostram
637 1896 842 1962 maiestatem
871 1896 1033 1963 nobilibus
1058 1895 1259 1978 quibusdem,
1282 1893 1360 1961 iidc-

58 2010 148 2079 libus
179 2011 311 2090 nostris,
332 2011 470 2092 singulis
502 2010 597 2076 annis
619 2009 794 2093 proscripti
816 2015 902 2092 sunt,
934 2010 1015 2076 satis
1038 2008 1212 2076 difficulter
1233 2010 1360 2075 soluere

61 2123 287 2209 preualebunt,
311 2130 345 2189 et
359 2143 436 2207 ergo
451 2124 655 2191 decreuimus
670 2125 799 2191 omnino
815 2126 969 2206 volentes,
992 2128 1028 2189 vt
1048 2142 1106 2205 per
1120 2128 1281 2206 protectos
1304 2141 1360 2188 ser

58 2256 165 2305 annos
188 2239 279 2303 nnlla
309 2238 439 2320 penitus
470 2239 642 2305 exaccione
672 2238 854 2318 bernerum,
885 2237 1104 2304 subsidiorum
1136 2242 1194 2302 aut
1221 2237 1359 2303 aliarum

61 2370 341 2435 quarumcumque
373 2352 574 2419 solucionnm
607 2371 627 2418 a
655 2371 816 2436 quoquam
849 2353 979 2418 valeant
1008 2352 1147 2433 amplius
1176 2350 1358 2433 aggrausri.

58 2466 273 2533 Presencium
303 2465 363 2531 sub
385 2466 475 2548 regie
497 2472 609 2531 nostre
630 2466 811 2532 maiestatis
844 2465 952 2548 sigillo
974 2464 1161 2531 testimonio
1182 2464 1359 2530 literarum.

57 2581 182 2647 Datum
214 2579 318 2660 Prage
350 2598 434 2645 anno
461 2578 584 2645 domini
614 2579 785 2645 millesimo
808 2579 1127 2662 quadringentesimo
1149 2579 1283 2658 decimo,
1306 2576 1360 2642 die

58 2692 240 2758 tredecima
273 2691 477 2773 Nouembris,
511 2710 683 2774 regnorum
716 2696 902 2759 nostrorum
935 2711 1019 2759 anno
1052 2692 1185 2758 Boemie
1221 2691 1358 2772 quadra·

58 2805 188 2889 gesimo
211 2811 337 2885 octauo,
359 2805 576 2871 Romanorum
599 2823 673 2871 vero
696 2805 860 2871 tricesimo
882 2807 1005 2887 quinto.
1028 2806 1142 2871 Testes
1163 2805 1261 2870 huius
1283 2809 1360 2870 snnt

56 2921 92 2985 in
118 2917 248 2984 Christo
281 2918 546 2985 reuerendissimi
578 2925 686 3001 patres
709 2924 742 2984 et
772 2918 905 2999 domini,
934 2918 1144 2985 wenceslaus
1173 2918 1359 3000 patriarcha

57 3032 303 3112 Anthiocensis‚
319 3031 498 3113 conradus,
521 3034 692 3114 episcopus
716 3033 940 3099 Olomucensis
962 3036 996 3098 et
1016 3033 1108 3115 regni
1129 3032 1263 3098 Boemie
1283 3032 1358 3098 sub·

56 3147 275 3225 camerarius3
290 3145 407 3211 nobilis
420 3146 546 3212 Laczko
559 3146 599 3211 de
612 3145 772 3226 Orawsm,
788 3147 943 3229 magister
954 3147 1053 3227 curie,
1065 3146 1180 3211 Petrus
1191 3144 1357 3225 Smrzslik,

58 3257 218 3340 magister
233 3264 370 3338 monete,
387 3263 420 3323 et
434 3257 589 3324 Nicolaus
613 3257 653 3323 de
672 3258 812 3339 Wozicz‚
835 3259 1024 3339 consiliarii,
1047 3257 1159 3325 fideles
1181 3258 1284 3324 nostri
1308 3256 1357 3322 di-

53 3370 148 3446 lecti,
170 3389 307 3453 quorum
330 3370 453 3452 pariter
474 3368 583 3452 sigilla
605 3372 639 3436 in
655 3371 876 3438 testimonium
897 3373 1128 3454 premissorum
1151 3372 1356 3454 presentibus

53 3489 136 3550 sunt
158 3502 313 3566 appensa.
344 3486 463 3550 Datum
482 3490 516 3550 et
530 3488 637 3551 actum
652 3504 747 3565 anno,
763 3503 882 3567 mense,
898 3485 953 3551 die
968 3491 1001 3551 et
1016 3487 1096 3567 loco,
1113 3487 1230 3569 quibus
1246 3504 1354 3569 supra.

571 3677 635 3761 [Na
656 3677 771 3761 ohbu:]
796 3677 846 3742 Ad
868 3678 1054 3742 mandatum
1076 3677 1198 3743 domini
1220 3678 1308 3761 regis

734 3790 874 3856 Jeccbus
897 3791 1039 3857 decanus
1062 3790 1349 3874 wissegradensis.

165 3928 229 4012 [Na
251 3928 365 4012 rubu:]
388 3929 425 3995 R.
453 3929 576 4012 Oaspsr
598 3930 639 3995 de
660 3929 816 3995 Lewbicn.

165 4143 237 4212 Orig.
256 4159 331 4213 perg.
350 4161 367 4196 v
384 4159 482 4198 mnsen
508 4162 542 4200 m.
560 4145 644 4198 Plane
670 4143 691 4198 c.
713 4150 752 4198 13.
772 4175 804 4183 -
823 4145 841 4199 S
858 4146 960 4199 rellrou
978 4146 1146 4199 kralovskon
1172 4147 1266 4215 apeti
1284 4163 1352 4216 pan-

50 4239 146 4309 skymi
170 4238 288 4308 pedetmi
312 4255 348 4293 na
373 4257 447 4310 perg.
473 4241 618 4310 proutcich
644 4239 825 4310 sardienymi.
847 4273 875 4280 -
896 4241 1005 4302 Strnsd‚
1035 4241 1129 4295 Listsii
1147 4243 1188 4298 lrr.
1207 4260 1242 4296 m.
1262 4243 1345 4297 Plane

49 4337 152 4394 mut,
171 4334 241 4388 lrdel
260 4351 297 4389 na
315 4341 362 4389 str.
375 4340 424 4389 251
445 4335 487 4389 dte
506 4353 536 4390 se
556 4337 620 4390 talne
639 4336 727 4406 iddny
746 4338 827 4406 popis
846 4336 937 4391 tdchto
956 4336 1053 4407 pedeti.
1068 4369 1100 4377 —
1119 4337 1187 4391 Krsl
1200 4337 1302 4392 Voclar
1314 4338 1352 4392 Ill

46 4435 136 4486 liccem
154 4433 181 4483 d.
199 4450 234 4482 aa
252 4414 362 4486 Zet-dee
383 4436 414 4483 14
427 4433 560 4499 Ιίειοραιία
579 4437 648 4486 1410
665 4434 760 4503 sapsal
778 4433 841 4487 dale
859 4433 959 4488 Janori
977 4450 1009 4487 ze
1021 4416 1190 4489 §ramberka
1209 4441 1276 4489 1000
1294 4434 1351 4504 kop

47 4545 89 4598 gr.
105 4542 142 4581 ne
160 4525 300 4580 snmmdch
319 4525 503 4598 krstlovskych
522 4544 558 4582 na
577 4530 663 4582 inistis
676 4528 780 4583 Stiibie
799 4544 816 4581 a
834 4546 870 4583 na
889 4529 1037 4583 klditeitch
1055 4529 1283 4598 Chattiorslrdm,
1300 4529 1352 4587 Mi-

45 4623 186 4690 levskdm,
203 4623 443 4696 Postoloprtskem
463 4642 480 4680 s
497 4623 704 4696 Nepomuclrem
723 4626 834 4694 (Archiv
854 4612 945 4697 Oeslry
964 4627 977 4680 1
995 4636 1044 4682 etr.
1063 4630 1132 4698 506).
