3098 5392
746 436 821 487 raro.
1355 437 1418 504 163

158 645 226 708 111111
252 663 310 709 rna
339 663 413 709 cum
442 644 569 710 ciuibus
592 644 626 710 in
648 662 688 711 ea
710 643 913 710 manentibus
945 645 979 710 in
1003 643 1149 710 omnibus
1179 645 1305 711 iuribus
1340 648 1418 727 suis,

157 755 300 839 oduilegiis
322 757 526 839 conscriptis,
549 757 698 824 uolumus
720 775 916 839 permanere.
953 756 1034 822 Item
1056 757 1215 838 uolumus,
1246 763 1282 823 ut
1311 760 1417 825 nullus

156 866 311 937 tumulorum
333 876 515 936 nostrorum
538 877 650 937 contra
672 870 757 937 uelle
780 870 997 952 predictorum
1027 870 1147 935 ciuium
1176 871 1210 936 in
1240 871 1307 936 iam
1332 873 1419 938 dicta

155 983 256 1050 ciuitate
276 983 397 1050 habeat
417 985 624 1050 mansionem.
672 965 820 1067 Amplius
853 983 1081 1066 promittimus,
1112 985 1141 1050 si
1170 983 1287 1067 aliquis
1317 985 1418 1051 famn-

153 1095 225 1163 lomm
245 1103 430 1165 nostrorum
452 1097 573 1164 lurtum
599 1098 651 1163 uel
675 1097 813 1180 spolium
843 1098 884 1162 nd
915 1096 1073 1179 prefatam
1103 1095 1269 1163 ciuitatem
1290 1097 1420 1165 duxerit

152 1217 246 1278 etcum
267 1232 306 1279 eo
328 1216 504 1294 occupatus
527 1210 635 1292 fuerit,
667 1211 751 1292 quod
784 1211 841 1276 ille
870 1210 991 1276 iudicio
1021 1210 1141 1276 ibidem
1164 1217 1348 1295 compareat
1369 1231 1418 1278 se·

150 1326 256 1392 sudum
287 1328 360 1393 iura
390 1325 534 1408 ipsorum
564 1324 686 1390 ciuium
714 1341 938 1407 responsurus.
984 1323 1098 1389 Eciam
1120 1324 1233 1390 damus
1256 1342 1314 1406 pro
1336 1324 1416 1406 iure,

150 1436 168 1501 si
191 1439 301 1522 uliquis
336 1437 476 1504 famulus
509 1439 621 1502 noster
650 1436 684 1501 iu
713 1436 847 1500 ciuitate
880 1436 989 1517 sepius
1019 1440 1188 1518 prenotata
1217 1436 1343 1520 aliquos
1365 1455 1418 1502 ex·

150 1567 232 1617 ossus
252 1551 367 1618 iecerit
388 1551 442 1616 uel
464 1549 571 1616 facere
594 1549 836 1632 presumpserit,
859 1549 943 1632 quod
962 1548 1048 1630 talis,
1072 1550 1101 1615 si
1122 1528 1328 1616 fideiussoris
1343 1569 1418 1616 cau·

150 1664 216 1729 sione
236 1665 385 1744 caruerit,
409 1661 525 1729 debeat
546 1662 684 1730 detineri
708 1667 741 1728 et
762 1664 833 1729 iure
854 1647 999 1745 ipsorum
1022 1662 1309 1740 ciuiumiudicari.
1337 1665 1418 1730 Item

151 1774 276 1860 dedimus,
300 1777 495 1862 quicumque
516 1777 682 1843 hominum
703 1776 745 1843 ad
768 1777 965 1860 sepedictam
988 1777 1155 1843 ciuitatem
1173 1776 1309 1858 uenerit,
1333 1776 1418 1859 quod

151 1888 189 1954 ille
205 1891 423 1973 potencialiter
444 1909 508 1956 non
531 1889 627 1957 debet
648 1890 724 1957 duci
747 1895 837 1956 extra
858 1892 972 1973 ipsam,
1004 1890 1061 1956 sed
1091 1891 1285 1973 quimnnque
1307 1895 1418 1960 contra

152 2003 229 2083 ipsum
249 2007 420 2088 quicquam
442 2021 540 2087 agere
560 2001 719 2084 habuerit,
741 2003 791 2070 illi
813 2004 885 2086 ipse
906 2003 1101 2085 respondere
1122 2001 1218 2069 debet
1239 2022 1346 2070 coram
1368 2005 1418 2070 iu·

153 2115 202 2182 lice
228 2119 377 2185 ciuitatis.
423 2116 540 2183 Eciam
570 2117 694 2196 damus,
729 2116 825 2199 quod,
859 2117 888 2182 si
921 2116 1022 2198 aliqui
1056 2112 1209 2183 homiues
1235 2100 1418 2183 nostrorum

154 2233 315 2298 sunitarum
335 2231 517 2297 residentes
533 2231 567 2297 in
583 2231 772 2313 episcopatu
794 2232 846 2295 uel
868 2230 903 2295 in
925 2229 1059 2296 abbacia
1081 2229 1134 2295 uel
1156 2229 1189 2294 in
1203 2225 1418 2319 ¹prepositura

154 2339 249 2426 1111111,
273 2346 332 2427 illi,
355 2362 413 2427 pro
436 2361 738 2427 quacunquecausa
760 2347 896 2426 possunt
922 2342 1083 2426 occupari,
1100 2361 1207 2425 coram
1228 2343 1315 2410 dicte
1337 2345 1417 2412 ciui·

155 2458 208 2524 lutis
232 2461 338 2527 iudice
368 2459 568 2541 responsuri.
610 2457 693 2523 Item
722 2456 880 2538 dedimus,
902 2457 1126 2540 promittentes
1148 2458 1268 2525 nostris
1291 2458 1417 2525 ciuibus

154 2564 268 2640 fidelibus
290 2578 324 2640 et
345 2572 501 2653 honestis,
533 2569 618 2654 quod
648 2570 757 2637 nullus
779 2575 934 2651 nostrum,
968 2571 1022 2655 qui
1054 2589 1164 2637 sumus
1194 2571 1315 2638 domini
1346 2591 1417 2655 pre-

154 2678 213 2750 dicte
240 2687 395 2766 ciuitatis,
428 2685 571 2770 aliquam
603 2681 699 2750 debet
727 2683 834 2750 facere
863 2683 1055 2750 violenciam
1084 2685 1165 2767 ipsis
1188 2684 1325 2768 ciuibus,
1360 2686 1417 2752 sed

155 2797 275 2882 quidquid
306 2804 418 2865 contra
445 2799 588 2880 aliquem
617 2798 761 2880 ipsorum
794 2815 891 2880 agere
920 2796 1078 2879 habuerit,
1112 2797 1173 2864 hoc
1205 2817 1278 2864 cum
1310 2799 1418 2866 iudice

155 2923 229 2977 eoum
250 2913 365 2978 iuratis
389 2913 422 2977 iu
445 2912 517 2994 ipsa
540 2911 674 2976 ciuitate
696 2909 791 2976 debet
812 2909 883 2976 fieri
916 2911 1090 2976 secuudum
1120 2910 1251 2977 iusticie
1280 2915 1417 2995 comple·

156 3032 272 3090 uentum.
295 3026 433 3107 Insuper
455 3024 569 3090 damus
592 3025 684 3106 ipsis,
708 3023 792 3104 quod
815 3024 922 3089 omnia
945 3026 1024 3106 iura,
1060 3042 1122 3104 que
1151 3024 1248 3090 habet
1274 3026 1417 3107 predicta

156 3134 239 3204 ciuitas
260 3145 292 3205 et
314 3158 379 3204 non
402 3143 479 3203 sunt
501 3138 631 3219 scripta,
662 3137 832 3203 dummodo
867 3138 971 3202 sciant
1005 3137 1130 3202 scilicet
1152 3143 1260 3203 noster
1282 3145 1416 3221 patruus

155 3242 306 3319 Renundus
341 3253 447 3318 dictus
481 3251 521 3318 de
550 3251 816 3317 Leuohtenburch
850 3257 883 3316 et
916 3252 1045 3316 domina
1067 3252 1107 3317 de
1129 3251 1228 3316 Zlebn
1251 3257 1284 3316 et
1317 3254 1415 3318 iurati

156 3369 284 3451 cotesque
322 3368 411 3433 ciues
448 3364 649 3444 Brodenses,
687 3365 743 3430 illa
780 3383 943 3446 nunquam
980 3364 1062 3446 ipsis
1100 3365 1247 3430 uolumus
1286 3366 1414 3432 violare.

100 3458 103 3483 ²
155 3467 181 3535 ll
203 3479 254 3545 hec
288 3479 396 3545 omnia
430 3482 607 3559 prenotata,
641 3496 704 3558 que
737 3477 943 3558 promisimus
977 3475 1040 3542 fide
1070 3477 1145 3542 data
1174 3483 1207 3543 et
1238 3480 1307 3544 sine
1330 3481 1415 3545 omui

99 3566 103 3655 Ῠ
154 3582 234 3658 laude
255 3595 288 3659 in
312 3593 373 3657 hac
395 3592 504 3656 littera
526 3591 681 3673 predictis
705 3590 831 3655 ciuibus
854 3590 946 3655 nobis
968 3588 1117 3656 fidelibus
1138 3597 1171 3656 et
1189 3591 1326 3673 dilectis,
1350 3613 1415 3658 ma-

154 3713 220 3771 uam
249 3709 377 3788 integra
400 3711 433 3770 et
454 3706 609 3771 inviolata
636 3704 735 3770 robur
765 3705 909 3770 habendo
933 3710 965 3769 et
987 3710 1201 3786 augmentum,
1233 3713 1415 3788 presentem

152 3822 241 3886 tertam
261 3819 472 3904 opposicioue
493 3819 682 3901 sigillorum,
706 3819 831 3885 scilicet
844 3819 947 3884 nostri
971 3817 1152 3885 Heumanni
1174 3817 1250 3905 (sio)
1273 3821 1351 3886 dicti
1375 3821 1415 3886 de

151 3919 385 4000 muchtenburch
408 3939 441 3998 et
461 3934 569 4016 patrui
590 3935 693 3999 nostri
716 3934 875 4000 Remuudi
898 3952 1020 3999 necnon
1044 3934 1159 3999 sororii
1182 3935 1284 4000 nostri
1304 3935 1413 4001 fratris

149 4033 277 4131 laconis,
302 4047 570 4115 commendatoris
594 4047 634 4113 de
656 4049 804 4130 Ilippein‚
828 4048 976 4113 dedimus
999 4047 1188 4114 roboratam.

223 4185 293 4255 erig.
324 4201 400 4255 perp.
425 4185 568 4240 sarchivu
587 4201 621 4238 m.
648 4183 822 4239 Nemeckeho
851 4182 944 4238 Brodu
971 4183 993 4238 d.
1020 4182 1109 4237 XVlll
1136 4185 1221 4249 (stare
1248 4182 1281 4236 N.
1303 4186 1334 4253 1).
1371 4185 1415 4240 Na

143 4280 799 4353 1111111111.1111111111111111111111.
833 4279 877 4334 Na
891 4278 975 4348 jedno
1003 4278 1051 4334 1111
1070 4285 1240 4348 1111111111,
1267 4279 1320 4334 uad
1348 4282 1414 4335 nimi

141 4367 199 4443 telo,
210 4381 276 4450 syba
285 4396 304 4435 a
312 4377 429 4433 chochol
439 4393 456 4431 1
466 4377 555 4431 lrolem
565 4375 694 4445 leganda:
710 4379 742 4443 ,†
751 4375 777 4430 S.
789 4406 794 4416 ·
805 4373 992 4429 HAINMANI
1003 4404 1008 4416 ·
1019 4374 1068 4427 ΒΕ
1079 4403 1084 4415 ·
1095 4374 1412 4431 11111711111111111111111.Ιι

138 4498 158 4510 -
177 4474 216 4530 Na
240 4475 327 4530 (111111
355 4473 448 4544 pedeti
468 4474 497 4540 je
523 4471 571 4527 itit
591 4480 754 4526 sostrvema
773 4489 789 4525 a
808 4472 897 4525 kolem
915 4471 1043 4541 legenda:
1074 4470 1387 4535 ,s-Rffluvrlulpu
1408 4502 1413 4512 ·

132 4567 417 4627 amassetis
455 4568 499 4623 Na
515 4569 580 4623 tietl
598 4569 687 4638 pedeti
705 4567 807 4636 nejaky
827 4570 925 4633 111111,
947 4568 1031 4622 sodlci
1049 4567 1190 4622 srulrama
1213 4570 1413 4637 roztaaenyma,

125 4683 151 4722 za
164 4669 244 4736 jehel
258 4669 403 4722 oztlenou
416 4664 516 4718 blason
526 4664 555 4731 11
568 4663 702 4733 1111111111
715 4662 818 4732 (1111111
831 4662 904 4729 11111;
924 4664 1015 4716 saetae
1026 4668 1073 4716 ten
1090 4661 1148 4718 sedi
1160 4679 1197 4718 na
1209 4662 1412 4718 obloulrovitem

1208 4770 1257 4822 11*
