3098 5392
137 384 198 448 122
757 385 831 436 rssr.

130 592 251 675 legium
273 592 349 657 olim
370 610 390 656 a
413 592 540 658 domino
570 596 662 674 patre
693 599 802 679 nostro
830 592 994 660 Othakaro
1024 566 1131 660 felicis
1159 591 1317 658 memorie
1346 592 1419 674 ipsis

130 724 318 772 conoessum
340 709 616 787 presentauerunt,
639 710 791 787 rogantes
813 710 945 787 attente,
968 705 1053 790 quod
1074 707 1183 789 ipsum
1204 723 1365 771 renouare
1393 710 1418 769 et

132 820 283 900 graciam,
308 836 403 900 quam
425 824 517 901 pater
539 824 649 886 noster
674 820 723 885 eis
745 820 874 900 fecerat,
905 818 1094 887 confirmare
1122 838 1161 886 ac
1189 817 1355 885 ratificare
1375 818 1419 884 be

131 933 261 1014 signius
297 933 510 1015 dignaremur.
556 933 637 999 Erat
669 939 777 999 autem
807 934 1014 1016 priuilegium
1042 934 1149 1016 ipsum
1176 952 1241 999 non
1263 933 1419 1012 abosum,

131 1065 194 1111 non
217 1046 376 1126 abrasum,
400 1066 462 1113 non
486 1047 696 1113 cancellatum
723 1047 838 1112 necin
861 1047 970 1129 aliqua
992 1052 1084 1130 perte
1106 1048 1157 1113 sui
1178 1047 1348 1128 viciatum,
1371 1044 1419 1112 sed

131 1159 165 1224 in
188 1159 292 1241 prima
314 1161 365 1224 sui
387 1157 490 1242 figura
513 1161 703 1241 consistens,
731 1165 764 1225 ct
784 1165 877 1227 tenor
907 1179 965 1226 seu
996 1159 1199 1226 continencia
1230 1161 1303 1226 eins
1332 1160 1414 1226 talis:

131 1271 198 1337 Nos
223 1271 406 1338 Othakarus
430 1271 481 1338 dei
505 1275 614 1356 gracia
634 1293 691 1339 rex
714 1274 847 1341 Bocmie
869 1279 902 1340 et
923 1274 1065 1341 marchio
1084 1274 1233 1341 Morauie
1254 1279 1288 1341 et
1312 1279 1419 1340 cetera.

132 1385 199 1452 Nos
228 1386 330 1468 igitur
358 1387 560 1454 attendentes
594 1407 641 1469 ea,
684 1406 746 1470 que
778 1407 798 1453 a
830 1394 923 1470 patre
963 1392 1071 1455 nostro
1108 1388 1255 1472 predicto
1291 1388 1356 1454 rite
1389 1406 1419 1453 ar

130 1500 371 1567 racionabiliter
393 1500 585 1582 factasunt,
609 1501 726 1568 debere
748 1507 857 1568 nostre
879 1501 1075 1569 firmacionis
1098 1503 1210 1586 vigore
1230 1499 1351 1582 fulciri,
1373 1520 1419 1584 pe

129 1613 303 1680 ticionibus
326 1615 485 1681 dictorum
508 1615 628 1681 ciuium
650 1622 833 1682 nostrorum
858 1621 1023 1699 tamquam
1048 1615 1148 1698 justis
1171 1620 1206 1682 et
1225 1615 1344 1682 merito
1374 1633 1419 1680 ex·

129 1727 300 1794 audiendis
322 1728 469 1794 auditum
490 1728 699 1796 fauorabilem
730 1729 931 1812 prestitimus
961 1734 995 1796 et
1023 1728 1110 1795 idem
1138 1729 1351 1813 priuilegium
1379 1729 1419 1793 in·

131 1842 245 1907 nouari
278 1840 444 1923 iacientes,
478 1844 620 1925 graciam
653 1844 687 1908 in
720 1844 792 1926 ipso
822 1849 1013 1923 contentam,
1048 1842 1225 1910 secundum
1257 1841 1346 1926 qnod
1379 1842 1419 1907 eis

130 1954 236 2021 (lictus
259 1959 351 2038 pater
372 1960 482 2022 noster
503 1956 632 2036 fecerat,
656 1961 759 2021 ratam
781 1961 814 2021 et
835 1955 961 2022 firmam
979 1954 1133 2022 habemus
1155 1961 1190 2022 et
1209 1956 1322 2038 vigere
1338 1955 1419 2021 rolu-

130 2088 201 2134 mus
223 2068 337 2135 robore
359 2075 513 2151 perpetue
535 2069 707 2135 firmitatis.
730 2069 768 2134 In
791 2071 884 2136 cuius
906 2069 1146 2151 ratificacionis‚
1168 2067 1419 2136 confirmacionis

130 2188 163 2247 et
184 2182 407 2249 innouacionis
429 2183 527 2250 robur
549 2185 714 2266 perpetuis
736 2183 934 2267 temporibus
966 2184 1142 2250 valiturum
1166 2200 1302 2267 presens
1324 2181 1419 2264 priui-

128 2295 249 2376 legium
270 2295 340 2361 lieri
363 2302 396 2361 et
417 2297 597 2379 sigillorum
619 2302 802 2364 nostrorum
826 2297 998 2364 karaktere
1029 2297 1256 2364 mandanimus
1285 2314 1419 2362 commu·

130 2409 203 2490 uiri,
234 2408 330 2475 dictis
360 2411 440 2476 illud
470 2411 597 2477 ciuibus
619 2411 796 2477 liberaliter
818 2412 1022 2495 assignantes
1044 2411 1086 2478 ad
1108 2411 1206 2477 huius
1226 2410 1278 2477 rei
1299 2408 1419 2480 etfacti

129 2523 331 2588 euidenciam
354 2524 588 2605 sempiternam.
635 2525 751 2590 Actum
781 2530 814 2590 et
843 2524 954 2591 datum
984 2544 1068 2592 anno
1095 2524 1413 2592 dominiceincarns·

130 2636 233 2702 cionis
263 2636 433 2703 millesimo
463 2637 682 2704 ducentesimo
717 2640 955 2722 septuagesimo
985 2639 1103 2722 primo·
1120 2638 1195 2723 (sic)
1226 2639 1261 2704 iu
1283 2636 1405 2705 Castalio

128 2767 186 2831 per
208 2769 321 2815 manus
344 2752 491 2833 magistri
514 2750 668 2835 Heynrici
691 2756 725 2818 et
746 2757 860 2829 cetera

233 2921 393 2977 Zdenkonis
419 2920 454 2976 de
472 2923 599 2989 Trebecz,
623 2923 707 2978 Liber
725 2924 937 2980 amissionibus
955 2923 996 2978 11ο
1014 2906 1230 2981 149’1ῧ111111111
1247 2937 1358 2978 mnssmu
1371 2934 1395 2973 11

130 3019 269 3088 napiscm:
300 3019 374 3085 „Rex
398 3019 513 3075 innonat
535 3021 707 3090 priuilegium
733 3022 839 3076 ciuibus
864 3037 914 3077 sue
937 3021 1059 3076 ciuitatis
1078 3020 1119 3075 eis
1136 3036 1188 3092 per
1206 3026 1308 3090 patrem
1324 3031 1391 3086 regen

131 3131 215 3185 snper
233 3115 397 3185 quibusdam
416 3115 514 3185 graciis
532 3116 651 3172 datumst*
671 3147 705 3159 —-
723 3117 825 3185 Emler,
843 3117 965 3186 Regesta
982 3116 1016 3170 11.
1034 3116 1057 3171 i.
1075 3120 1153 3171 2384.

705 3381 769 3464 Cis.
793 3400 843 3464 61.

505 3569 601 3652 1291,
624 3571 668 3639 24
689 3570 803 3656 iljna.
848 3571 880 3640 V
904 3570 1044 3641 Ghebu.

128 3742 211 3809 Krcil
240 3743 354 3810 Vdcloo
376 3745 416 3808 II
436 3747 598 3829 potnraujc
626 3748 803 3810 cassanum
826 3743 997 3831 Cbcbsky'm
1019 3745 1193 3830 privilegiu
1214 3746 1278 3830 jim
1298 3742 1393 3810 scalas

129 3840 293 3942 Rinrsky'm
315 3858 485 3943 Radolfcru
507 3860 529 3923 I
546 3880 567 3924 a
589 3856 710 3925 krdtcm
734 3840 863 3945 (fcsky'm
886 3859 1078 3943 Pr'ernyslem
1101 3857 1274 3926 Olakarcm
1292 3859 1328 3925 ΙΙ
1340 3854 1396 3923 oli

127 3970 210 4047 lead,
225 3969 323 4054 Jokoi
343 3972 356 4036 ι’
378 3972 553 4056 oscoboruje
574 3975 610 4056 jc
631 3973 670 4037 oo
693 3972 815 4039 ccccm
841 3970 1063 4059 111111131ῄώ
1090 3972 1218 4050 amab,
1250 3973 1335 4041 caes
1358 3987 1398 4036 111

185 4085 287 4150 amoc
303 4086 436 4168 pocior-ai
459 4086 569 4152 aar-arc·
590 4108 607 4151 r
627 4088 728 4152 arciaca
750 4084 887 4153 Cbebskri
908 4089 1002 4153 roba&
1020 4091 1068 4153 sto
1089 4085 1200 4153 br's'sea
1221 4085 1356 4155 musac.

231 4261 438 4328 Wenceslaos
473 4263 525 4327 dei
560 4265 668 4345 gracia
696 4283 753 4328 rex
782 4263 924 4344 Boemie,
958 4263 1022 4329 dux
1048 4261 1207 4330 Oracouie
1241 4270 1275 4330 et
1301 4261 1405 4331 Saudo

129 4375 221 4439 miric
253 4378 459 4459 marchioque
500 4377 654 4441 lloranie.
700 4375 750 4441 llrl
781 4394 835 4442 eos
866 4375 1047 4442 munificam
1078 4376 1285 4444 liberalitatis
1315 4380 1410 4444 innata

129 4489 334 4556 clemenciam
357 4496 387 4555 cl
412 4491 577 4556 clementis
601 4490 845 4556 exuberanciam
868 4489 1091 4556 munificencie
1109 4493 1314 4574 perpensiori
1334 4492 1414 4577 regis

128 4601 338 4683 benignitatis
360 4610 492 4685 aspectu
515 4605 691 4669 liberaliter
717 4606 907 4670 conuincere
929 4608 1040 4671 nostra
1062 4606 1235 4672 consueuit
1256 4608 1417 4691 serenitas,
