3098 5392
626 427 701 478 11186.
1254 424 1316 488 779

10 639 231 722 dignaremur.
255 636 323 703 Nos
346 636 388 703 ad
410 654 523 720 preces
554 657 665 704 eorum
688 636 903 705 racionabiles
937 637 1035 719 digne
1056 635 1145 717 moti,
1173 655 1237 702 non
1259 653 1317 717 per

10 773 153 820 errorem
183 758 240 818 aut
269 750 457 834 improvide,
482 751 540 816 sed
570 769 650 816 sana
678 750 824 816 fidelium
859 754 1042 816 nostrorum
1077 748 1314 816 deliberacione

10 869 125 949 previa
148 867 327 933 contractui
344 864 545 932 vendicionis
563 870 596 930 et
611 865 787 947 empcionis
807 864 924 946 judicii
940 863 1058 946 prefati
1074 863 1312 929 consentientes

10 981 186 1062 ipsumque
202 979 235 1044 in
251 997 389 1062 persona
412 979 533 1045 domini
550 977 665 1059 Ulrioi,
682 977 837 1044 heredum
860 983 892 1043 et
906 995 1127 1044 successorum
1144 974 1314 1061 [suorum],

10 1091 211 1159 catificantes
243 1111 282 1159 ac
311 1094 414 1159 eciam
445 1093 671 1175 approbantes,
694 1091 799 1157 eidem
821 1090 933 1157 Ulrico
952 1091 1112 1172 judicium
1134 1090 1315 1173 predictum

10 1227 86 1272 cum
102 1208 207 1287 domo,
223 1207 382 1287 theloneo,
399 1206 543 1273 macellis
560 1205 704 1271 carnium
720 1223 759 1271 ac
782 1203 885 1269 eciam
900 1204 970 1270 eius
986 1203 1155 1283 reditibus,
1178 1221 1313 1285 proven-

9 1320 111 1400 tibus,
129 1321 270 1403 juribus,
293 1318 471 1391 honoribus
493 1324 526 1384 et
548 1317 758 1400 pertinenciis
782 1317 955 1398 universis,
984 1320 1022 1381 ut
1044 1316 1252 1399 premittitur,
1276 1334 1314 1381 ex
1356 1313 1358 1318 ’

12 1440 105 1501 certa
127 1442 239 1501 nostra
262 1435 403 1502 sciencia
428 1434 622 1500 contulimus
646 1438 678 1498 et
701 1437 812 1498 tenore
835 1431 1039 1514 presencium
1065 1429 1259 1497 conserimus
1283 1435 1317 1496 et

11 1549 172 1614 donamus
195 1566 253 1631 per
278 1550 394 1631 ipsum,
420 1548 555 1614 heredes
578 1552 612 1613 et
631 1563 835 1613 successores
858 1564 934 1611 suos
957 1545 1043 1610 idem
1060 1544 1220 1627 judicium
1244 1564 1316 1612 cunr

12 1663 178 1729 universis
202 1663 272 1728 eius
297 1663 474 1729 nominatis
507 1661 717 1744 pertinenciis
740 1660 800 1726 sub
823 1658 972 1726 omnibus
991 1658 1130 1741 juribus,
1154 1659 1316 1726 condicio·

13 1775 121 1856 nibus,
153 1775 257 1841 modis
292 1779 325 1841 et
354 1774 467 1856 forma,
500 1773 617 1859 quibus
651 1774 734 1840 alias
767 1778 800 1839 et
832 1774 989 1839 hactenus
1022 1772 1187 1855 predictus
1210 1772 1317 1838 Frana

11 1890 118 1972 Negel
141 1888 295 1956 habuisse
317 1894 351 1956 et
373 1889 559 1973 possedisse
581 1889 771 1969 dinoscitur,
792 1887 984 1968 habendum,
1007 1885 1184 1953 tenendum
1205 1891 1239 1953 et
1259 1887 1315 1952 be

12 2003 171 2069 reditario
190 2003 265 2086 iure
287 2008 443 2086 perpetue
473 2002 716 2085 possidendum,
751 2000 865 2068 dantes
900 2002 1034 2083 insuper
1067 2001 1192 2067 eisdem
1225 2002 1316 2068 here

13 2116 111 2180 dibus
135 2120 168 2180 et
190 2115 431 2183 successoribus
463 2116 532 2181 suis
555 2115 736 2198 predictum
759 2115 920 2197 Judicium
950 2134 1022 2181 cum
1051 2114 1213 2182 universis
1245 2114 1316 2181 eius

12 2229 227 2312 pertinenciis
250 2228 420 2309 uendendi,
444 2227 582 2309 locandi,
605 2229 811 2312 permutandi
841 2234 874 2294 ot
903 2230 937 2295 in
959 2247 1038 2295 usus
1063 2247 1139 2294 suos
1165 2228 1317 2311 benepla-

13 2344 99 2409 citos
122 2342 330 2409 convertendi
350 2342 477 2425 plenam
493 2347 527 2408 et
541 2342 757 2408 omnimodam
779 2348 981 2425 potestatem.
1005 2342 1192 2408 lnbibemus
1215 2344 1317 2426 igitur

12 2456 180 2522 universis
203 2461 235 2521 et
258 2455 407 2537 singulis,
432 2456 629 2536 camerariis,
663 2455 924 2537 subcamerariis,
948 2454 1151 2537 officialibus,
1174 2456 1317 2524 vioeoifi-

12 2570 153 2635 cialibus
184 2570 364 2652 ceterisque
396 2570 545 2652 singulis,
578 2577 714 2652 quorum
745 2570 881 2636 interest
903 2570 953 2636 vel
977 2571 1135 2652 intererit,
1165 2569 1316 2636 fidelibus

10 2682 147 2762 nostris,
171 2686 204 2747 et
227 2683 393 2765 signanter
415 2684 601 2751 consulibus
625 2688 659 2749 et
676 2683 795 2765 juratis
820 2683 963 2749 ciuitatis
985 2684 1138 2750 Zacensis
1160 2684 1315 2767 predicte,

10 2814 55 2861 ne
78 2795 260 2877 predictum
282 2795 439 2878 Ulricum,
477 2797 612 2863 heredes
643 2802 676 2863 et
707 2815 911 2863 successores
946 2816 1023 2863 suos
1053 2798 1088 2862 in
1110 2799 1317 2880 possessione

12 2915 46 2975 et
69 2909 298 2975 usufruccione
317 2910 433 2993 judicii
463 2911 610 2993 predicti,
641 2913 712 2980 eius
740 2912 873 2993 jurium,
904 2911 1060 2977 honorum
1091 2917 1123 2977 et
1152 2912 1316 2994 pertinen-

12 3020 168 3106 ci[ar]um
199 3023 399 3104 singularum
422 3023 600 3106 impediant
622 3025 673 3090 vel
703 3025 854 3108 impediri
874 3026 1045 3107 paciantur
1068 3025 1316 3107 quomodolibet,

12 3140 112 3218 prout
135 3136 395 3217 indignacionem
418 3143 562 3202 nostram
592 3138 718 3219 regiam
749 3139 910 3204 voluerint
937 3140 1070 3205 evitare.
1108 3139 1324 3206 Presencinm.

12 3248 75 3315 sub
100 3249 193 3330 regie
215 3255 324 3314 nostre
339 3250 519 3315 maiestatis
537 3250 645 3331 sigillo
668 3252 854 3318 testimonio
877 3253 1052 3319 literarum.
1077 3254 1198 3319 Datum
1214 3254 1317 3335 Prage

12 3383 102 3428 anno
125 3362 248 3428 domini
270 3360 562 3428 MGCCLXXXVI.

122 3499 175 3552 Dle
194 3482 350 3554 Zateckeho
375 3500 524 3555 formulstie
542 3518 574 3555 ze
593 3500 655 3555 XIV
674 3501 736 3556 stol.
757 3502 790 3569 (d.
809 3507 860 3555 ³79
878 3504 1001 3557 mestslre
1026 3503 1177 3571 bibliotcky
1195 3519 1228 3556 ve
1248 3502 1316 3556 Vra·

13 3596 120 3663 tislasi)
140 3596 158 3650 l.
178 3598 252 3649 133b
275 3613 310 3651 za
330 3597 456 3667 ntpisem
477 3598 625 3664 „Vendicio
640 3598 764 3664 judicii“.
778 3630 807 3640 -
820 3598 1002 3667 Schlcsinger,
1021 3599 1246 3653 lJrlrundenbuclr
1269 3600 1318 3653 der

13 3693 96 3747 Stadt
114 3692 184 3746 Saoz
202 3691 241 3746 N⁰
262 3698 314 3746 abt
332 3710 368 3748 na
387 3701 434 3747 str.
453 3699 512 3747 234.

564 3899 670 3981 *bs
698 3919 771 3982 ori.

407 4108 509 4183 1386,
534 4106 573 4171 11
601 4125 729 4192 srpna.
753 4108 786 4175 V
809 4106 939 4175 Prano.

13 4299 102 4363 nnus
137 4298 247 4363 turae
271 4299 323 4361 11v
340 4298 517 4381 osvocoape
540 4301 684 4380 orscamp
710 4277 880 4364 (issicum
892 4322 952 4381 pro
967 4301 1037 4383 peu
1051 4301 1137 4367 seruc
1153 4301 1320 4367 restores

129 4412 169 4474 od
188 4411 317 4493 placcat
338 4409 501 4477 intorsit
525 4413 617 4475 berarii
633 4434 677 4492 po
706 4417 765 4475 100
787 4413 906 4495 leopdcb
926 4437 974 4497 pr.
998 4438 1041 4479 tau
1064 4416 1108 4479 ua
1130 4416 1203 4482 le‘ta.

29 4666 32 4671 ,
124 4606 335 4672 wenceslaus
347 4606 400 4671 dei
413 4608 523 4687 gracia
534 4609 749 4673 Rornanorum
765 4628 820 4674 rex
835 4629 960 4692 semper
973 4616 1131 4692 arugsrstus
1146 4610 1320 4677 etBoemie
