3098 5392
672 112 748 164 ross.
1307 110 1374 180 495

66 314 237 382 debitores
261 321 386 383 vestros
409 337 516 385 coram
539 321 647 387 iudice
669 321 889 388 ecclesiastico
912 321 1067 402 impetere
1089 325 1122 386 et
1144 322 1318 388 conuenire
1342 327 1374 388 et

66 447 130 512 per
164 448 336 496 censuram
368 433 623 500 ecclesiasticam
652 435 693 499 nd
724 433 920 500 solucionem
950 433 1030 500 dicti
1056 450 1172 499 census
1196 439 1229 499 et
1251 434 1372 500 iurium

70 548 256 609 vestrorum
287 547 477 627 compellere
506 554 539 612 et
562 548 731 613 cohercere
753 547 915 613 mediante
938 546 1077 626 iusticia,
1101 547 1257 629 quociens
1280 547 1371 614 vobis

71 663 267 737 oportunum
291 659 390 724 inerit
411 666 443 724 et
455 679 595 740 necesse,
619 661 720 726 libero
739 667 772 726 et
785 661 874 726 licite
888 660 1034 725 valeatis.
1051 659 1173 724 Harum
1190 666 1372 727 nostrarum

69 768 260 835 testimonio
282 771 471 837 litterarum.
496 773 615 838 Datum
637 773 740 855 Prage
762 792 845 839 anno
868 773 989 839 domini
1021 772 1194 838 millesimo
1216 778 1373 840 trecente·

73 882 155 946 simo
187 882 452 967 quinquagesimo
474 887 585 967 tercio,
607 887 640 952 11
669 886 752 970 ydus
775 886 866 967 Maii,
889 904 1059 969 regnorum
1082 890 1265 951 nostrorum
1287 905 1371 953 anno

74 994 221 1078 septimo.

723 1084 787 1169 [Na
810 1084 925 1168 ohbu:]
947 1086 1009 1152 Per
1030 1085 1195 1151 dominum
1218 1103 1327 1168 regem

944 1235 946 1239 >
1047 1197 1218 1265 Henricus.

182 1349 254 1420 Orig.
274 1367 349 1421 perg.
367 1368 383 1404 v
402 1351 513 1406 archisu
531 1352 656 1422 lrapitolp
681 1352 802 1407 Praislre
827 1354 894 1422 sign.
913 1353 938 1407 X
956 1360 997 1407 21.
1034 1353 1052 1406 S
1069 1352 1170 1407 selkou
1196 1352 1286 1423 pedeti
1309 1354 1372 1408 lrrt-

74 1446 192 1501 lovskou
211 1463 248 1501 na
266 1463 340 1516 perg.
359 1446 485 1516 prouilru
503 1447 665 1501 zavbienou.
684 1446 706 1501 0
724 1453 790 1514 tom,
807 1447 908 1502 kterak
926 1464 942 1500 s
960 1449 987 1502 te
1005 1447 1076 1503 debe
1096 1463 1132 1502 na
1143 1448 1372 1520 lrutnohorslrych

73 1542 233 1612 posemcich
260 1541 385 1611 kapitoly
403 1542 524 1598 Pradslre
547 1544 610 1612 bplo
638 1542 783 1610 dolosana,
811 1544 961 1614 poslrytuje
986 1544 1096 1614 pontini
1119 1544 1229 1615 piiklad
1249 1546 1373 1601 smlousa

73 1639 142 1692 mezi
171 1638 317 1708 lrepitolou
337 1637 480 1694 Praislrou
498 1656 515 1694 a
533 1640 725 1709 perkmistrem
749 1640 978 1711 Kntnohorslrpim
1003 1640 1139 1694 Kunzlem
1166 1639 1371 1712 Rutbardosym

75 1740 87 1785 1
107 1737 183 1802 iljaa
202 1739 269 1786 1363
287 1734 425 1789 uzasiena
443 1751 459 1789 o
479 1736 602 1790 otesienl
614 1737 691 1790 >nove
715 1735 810 1804 iaobty
837 1735 939 1790 vhoie
965 1734 1116 1790 Werhuter
1142 1736 1237 1802 avane,
1262 1734 1307 1804 jei
1325 1739 1371 1789 ani

74 1830 170 1884 talrto:
202 1828 354 1893 ,Nouerint
370 1829 500 1896 uniuersi,
522 1836 577 1885 tam
596 1837 741 1899 presentes
759 1846 841 1899 quam
859 1830 952 1898 futuri,
978 1831 1078 1900 quibus
1095 1846 1211 1901 presens
1229 1836 1372 1887 ostensum

73 1925 157 1980 inerit
176 1925 221 1979 uel
239 1924 466 1994 demonstratum,
488 1926 561 1997 quod
580 1941 630 1996 ego
650 1927 833 1983 Obuncaliuus
851 1926 995 1993 Ruthardi,
1013 1926 1081 1981 ciuis
1100 1926 1203 1983 Montis
1221 1926 1325 1994 Kutne,
1344 1933 1372 1983 et

77 2020 210 2089 magister
228 2020 329 2075 montis
347 2026 376 2076 et
393 2021 482 2088 iouee,
501 2039 554 2091 quc
573 2022 709 2088 ,Asinus“
730 2029 913 2093 nuncupatur,
934 2023 1012 2077 iuxta
1029 2022 1258 2077 deliberacionem
1277 2023 1372 2078 volun-

71 2116 137 2169 tarii
157 2123 186 2169 et
205 2117 265 2170 sani
284 2117 392 2172 consilii
409 2117 554 2172 Enderlini
573 2119 777 2185 examinatoris,
802 2125 868 2174 tunc
886 2119 1017 2188 temporis
1036 2118 1158 2188 magistri
1177 2125 1287 2174 monete
1305 2117 1372 2175 dicti

70 2211 178 2265 Montis
195 2211 291 2266 Kutne
308 2211 418 2280 ibidem,
435 2214 489 2268 mei
507 2215 682 2282 consultoris,
701 2221 730 2270 et
747 2214 863 2269 oonsilio
882 2231 1042 2270 araneorum
1061 2229 1251 2285 supremorum
1270 2220 1298 2269 et
1311 2231 1371 2269 meo

71 2322 182 2361 necnon
206 2307 322 2362 aliorum
347 2324 468 2362 meorum
497 2310 685 2364 concultorum
711 2325 850 2365 consensu
868 2325 900 2364 ec
919 2315 1026 2364 matura
1049 2315 1077 2364 et
1094 2310 1250 2366 voluntaria
1267 2309 1370 2365 delibe-

70 2403 184 2459 racione
202 2403 284 2458 simul
301 2402 441 2461 indiuisirn
458 2404 581 2476 desuper
597 2406 744 2476 prehabita
761 2406 796 2460 ob
815 2421 875 2459 mee
893 2404 965 2460 dicte
982 2406 1064 2461 fouee
1081 2422 1129 2461 sen
1142 2422 1265 2460 meorum
1283 2405 1369 2461 dicto-

70 2515 130 2554 rum
149 2499 340 2553 consultorum
358 2507 510 2570 prouentus
530 2507 556 2555 et
575 2501 793 2571 subscriptorum
820 2500 991 2556 dominorum
1011 2501 1142 2557 utilitates
1162 2501 1263 2557 montis
1282 2503 1371 2557 nostri

71 2595 180 2649 culture
199 2596 338 2665 spopondi
356 2603 384 2650 et
400 2596 515 2667 promisi
535 2603 563 2650 et
582 2597 666 2651 eciam
685 2597 862 2666 presentibus
886 2596 1015 2667 promitto
1033 2596 1098 2652 siris
1117 2597 1324 2652 honorabilibus
1344 2603 1372 2652 et

71 2689 193 2745 dominis
222 2691 393 2758 reuerendis,
410 2692 595 2762 Wretywogio
613 2691 731 2759 decano,
754 2691 868 2748 Nicolao
897 2691 1041 2748 scolastico
1060 2693 1214 2763 ceterisque
1232 2692 1371 2748 canonicis

72 2793 100 2840 et
116 2785 242 2856 capitulo
270 2793 365 2841 sancte
382 2785 531 2856 Pragensis
550 2786 665 2841 ecclesie
685 2787 790 2856 absque
810 2787 883 2841 omni
902 2787 972 2841 malo
991 2786 1055 2841 dolo
1075 2793 1102 2841 et
1119 2786 1225 2853 hande,
1251 2787 1326 2843 bona
1343 2793 1371 2841 et

73 2883 185 2936 sincera
203 2880 257 2936 fide
276 2880 492 2952 perioracionem
505 2898 555 2938 seu
568 2881 708 2948 orificium,
727 2882 800 2951 quod
821 2882 946 2948 ,sechta“
961 2881 1097 2950 vulgariter
1112 2883 1277 2948 nominatur,
1295 2881 1369 2937 vide·

71 2977 135 3032 licet
153 2976 237 3031 souee
256 2984 283 3031 et
301 2977 410 3046 montis,
429 2994 481 3047 que
501 2976 679 3043 ,Werhuter‘
705 2978 815 3032 nomine
837 2978 1042 3049 appropriatur,
1069 2993 1123 3046 que
1150 2977 1179 3031 in
1205 2977 1370 3033 limitacione

72 3072 208 3128 dictorum
228 3072 399 3126 dominorum
424 3089 474 3127 seu
500 3073 580 3127 bonis
598 3073 721 3143 ipsorum
740 3073 794 3128 sita
813 3089 875 3127 esse
894 3072 1047 3127 dinoscitur
1065 3079 1093 3126 et
1111 3074 1289 3142 approbatur,
1307 3090 1370 3129 cou-

72 3169 156 3223 tinuis
183 3168 354 3238 temporibus
379 3168 497 3223 fideliter
520 3170 611 3223 colere
629 3170 704 3223 cultu
722 3170 878 3224 montanino
897 3175 925 3224 et
943 3169 1094 3239 perforare,
1122 3174 1225 3236 quanto
1253 3169 1370 3225 celerius

72 3266 151 3320 valeo
172 3270 200 3319 et
217 3280 341 3334 possum,
360 3265 428 3320 meis
448 3270 476 3318 et
494 3281 614 3319 meorum
630 3266 816 3320 consultorum
831 3266 985 3335 sumptibus
998 3264 1172 3319 transfodere
1187 3272 1214 3319 et
1225 3265 1370 3335 impensis,

72 3376 218 3431 quousque
236 3367 335 3445 patens
354 3359 402 3413 fiet
420 3359 573 3429 perioracio
592 3360 688 3415 orificii
715 3360 863 3430 prenotati,
889 3361 929 3414 ita
953 3359 1026 3429 quod
1052 3360 1195 3429 mineram,
1220 3360 1369 3426 metallum,

72 3461 194 3511 montem
213 3461 241 3508 et
257 3456 374 3509 irsutum
392 3456 436 3509 vel
453 3453 585 3526 quidquid
604 3456 696 3510 rtilius
722 3455 861 3510 videretur
886 3455 1040 3523 extrahere,
1068 3455 1194 3523 educere,
1222 3462 1370 3525 exportare

72 3558 190 3622 possent
208 3556 237 3605 et
254 3552 385 3605 valerent
420 3551 473 3606 Pro
499 3568 531 3605 eo
557 3552 656 3621 prefati
681 3550 783 3607 domini
803 3557 831 3604 et
849 3551 973 3605 canonici
991 3551 1138 3619 Pragensis
1157 3550 1269 3620 capituli
1288 3550 1370 3606 michi

71 3657 98 3702 et
115 3646 187 3701 meis
205 3645 286 3700 dictis
304 3646 509 3701 consultoribus
528 3645 633 3701 dabunt
651 3654 679 3700 et
697 3645 763 3700 dare
781 3646 950 3700 tenebuntur
962 3651 1100 3700 trecentas
1120 3662 1275 3714 sexagenas
1293 3662 1369 3716 gros·

69 3759 166 3800 sorum
183 3742 361 3812 pragensium
381 3741 447 3810 regii
464 3742 624 3811 pagnmenti
642 3740 676 3795 de
695 3757 746 3796 sue
763 3747 842 3810 parte
861 3741 968 3809 vrbure,
987 3757 1039 3810 qne
1052 3741 1081 3795 in
1094 3740 1167 3796 dicta
1178 3741 1262 3798 iouea
1276 3742 1370 3808 ,wer-

67 3840 168 3895 hnter⁴⁴
196 3852 284 3907 prope
314 3837 461 3903 ,Asinum“
491 3838 545 3892 sita
574 3837 607 3892 ad
636 3839 712 3909 ipsos
740 3838 828 3892 dictos
855 3837 981 3892 dominos
1007 3853 1057 3892 sen
1081 3838 1229 3893 canonicos
1253 3838 1370 3894 ulterius

70 3941 204 4007 spectare
233 3936 277 3991 uel
295 3934 436 4005 pertinere
459 3940 617 4001 noscentur,
641 3935 794 4004 inprotecte
819 3931 950 3989 colendas
969 3933 1132 4003 quantocius
1151 3950 1262 4004 possem
1280 3940 1308 3989 et
1324 3951 1369 3991 ra-

64 4033 154 4088 lerem
182 4032 212 4086 in
239 4032 392 4087 subsidium
420 4037 448 4085 et
473 4031 601 4085 leuamen
626 4047 677 4100 pro
706 4030 774 4084 meis
802 4037 830 4083 et
859 4045 981 4083 meorum
1012 4029 1199 4083 concultatum
1228 4030 1369 4087 laboribus

62 4127 189 4198 sumptis
209 4143 295 4197 snper
314 4126 415 4181 dictam
439 4126 562 4181 sachtam
588 4132 615 4180 et
639 4126 763 4195 inpensis
782 4106 851 4194 ipsis
870 4141 1044 4194 nequaquam
1058 4124 1241 4180 renitentibus
1260 4131 1288 4181 et
1306 4142 1369 4180 con·

60 4222 279 4289 tradicentibus,
307 4221 396 4276 donec
422 4237 552 4276 numerus
578 4219 711 4274 dictarum
735 4227 919 4274 trecentarum
941 4236 1148 4289 sexagenamm,
1176 4227 1205 4276 st
1222 4222 1370 4292 prefertur,

59 4320 193 4377 totaliter
211 4318 383 4389 percipietur
402 4322 429 4370 et
447 4316 590 4385 complete,
609 4332 642 4369 ea
660 4323 751 4368 tamen
765 4315 925 4369 condicione
938 4315 1046 4369 addita:
1067 4316 1294 4388 quandocumque
1307 4334 1369 4387 per·
