3098 5392
691 506 765 556 1398.
1299 502 1364 569 845

169 707 242 778 Orig.
268 725 344 779 pcrg.
369 710 548 765 rnalroclulm
567 727 692 766 museum
711 710 867 766 Uherskem
886 727 903 764 v
920 708 1004 763 Posti.
1031 708 1114 765 Pebet
1131 709 1223 765 risutal
1240 713 1363 765 utrieua.

52 805 156 876 Kople
175 823 192 860 v
209 805 385 876 diplomataii
403 807 558 875 musejnlm.

613 1022 720 1103 *on
744 1039 818 1104 css.
948 1072 951 1077 >

423 1225 522 1311 laos,
544 1227 597 1329 11*
611 1228 734 1296 lerina.
758 1229 814 1297 Na
835 1209 1011 1296 Zebrrice.

56 1420 151 1486 Krec
174 1419 288 1486 Vdclao
304 1421 325 1485 I
331 1420 358 1482 V
368 1423 533 1503 poieraaje
548 1418 762 1502 parlamislru,
784 1419 929 1503 rycbldic'
950 1422 964 1485 ι’
984 1423 1036 1487 vll
1054 1420 1121 1486 obci
1139 1425 1240 1487 mesto
1257 1422 1361 1487 Bade-

50 1535 144 1618 jovr'c
166 1538 278 1599 clarore
299 1535 424 1618 ep'sodu
445 1556 490 1600 na
512 1532 606 1601 sklad
627 1533 722 1619 eboli,
752 1555 773 1599 a
795 1534 931 1610 dedisci,
957 1536 991 1599 lc
1012 1533 1134 1600 ellebori
1155 1533 1258 1617 kupci,
1280 1532 1364 1601 ltere

55 1668 156 1714 racana
183 1647 272 1715 eboli
301 1648 340 1713 do
364 1626 442 1713 &cels
463 1667 481 1712 a
503 1644 603 1713 Mille
632 1647 711 1712 anm
735 1655 812 1729 pies
838 1647 1029 1714 Jindr'iclov
1052 1648 1180 1713 Hradcc
1202 1649 1240 1713 do
1264 1647 1364 1714 Piska

58 1761 161 1828 aneto
176 1783 193 1826 a
209 1760 311 1828 Piska
325 1762 364 1827 do
380 1760 519 1841 Balteus,
538 1763 759 1845 nemcrjlja'nou
773 1760 950 1848 silnicljcti
969 1764 1050 1828 nelli
1064 1759 1152 1829 cluse
1168 1763 1361 1847 Buolc‘jorr'cc.

60 2000 65 2007 -
165 1955 375 2022 wenceslaus
409 1954 462 2019 dei
497 1955 606 2036 gracia
640 1954 856 2021 Romanorum
889 1973 946 2020 rex
980 1973 1110 2037 semper
1142 1961 1301 2037 augustus
1331 1961 1365 2021 et

57 2070 196 2136 Boemie
218 2087 282 2133 rex.
330 2068 452 2133 Notum
473 2066 610 2133 iacimus
632 2073 745 2134 tenore
768 2070 972 2150 presencium
996 2069 1169 2150 miserem,
1196 2069 1282 2150 qnod
1306 2087 1363 2152 pro

57 2188 156 2266 purte
186 2180 330 2247 fidelium
359 2186 542 2247 nostrornm
572 2181 764 2248 dilectorum
796 2183 944 2264 magistri
976 2181 1096 2248 ciuium
1127 2187 1160 2247 et
1180 2183 1362 2266 juratorum

66 2296 214 2361 ciuitatis
245 2295 279 2361 in
301 2293 454 2360 Budweis
485 2295 648 2360 maiestati
670 2301 780 2361 nostre
806 2300 911 2361 exstat
940 2295 1105 2361 humiliter
1135 2296 1361 2378 supplicatum,

62 2413 225 2492 quatenus
256 2408 338 2491 ipsis
369 2408 529 2490 quoddam
557 2409 767 2491 priuilegium
792 2426 850 2474 seu
872 2410 1015 2493 litteram
1038 2409 1238 2475 serenissimi
1262 2428 1362 2490 quou-

60 2524 139 2589 dam
170 2521 292 2589 domini
323 2526 356 2587 et
381 2521 538 2603 genitoris
562 2523 676 2603 nostri,
707 2521 830 2588 domini
853 2522 965 2587 Ksroli
983 2522 1200 2588 Romanorum
1223 2524 1363 2604 impera·

58 2636 155 2716 toris,
178 2635 261 2718 ipsis
289 2640 323 2700 et
352 2653 464 2700 eorum
493 2635 621 2700 ciuitati
652 2635 760 2701 datam
791 2641 824 2701 el
846 2654 1033 2702 concessam
1054 2637 1248 2702 auctoritate
1270 2636 1361 2717 regia

58 2748 197 2815 Boemie
229 2747 418 2831 approbare,
451 2746 614 2814 ratificare
647 2754 680 2814 et
709 2747 898 2815 confirmare
931 2738 1114 2831 preciosius
1144 2749 1361 2831 dignaremur,

60 2863 157 2930 cuius
182 2861 312 2943 quidem
342 2862 508 2945 priuilegii
532 2868 625 2928 tenor
649 2863 794 2945 sequitur
816 2881 874 2945 per
889 2863 996 2929 omnia
1018 2862 1052 2928 in
1076 2864 1135 2930 bec
1158 2861 1273 2928 uerba:
1296 2863 1363 2928 Ka-

58 2977 150 3043 rolus
174 2980 233 3042 etc.
269 2975 460 3058 (Ntsleduje
492 2978 587 3042 nuent
620 2976 698 3042 listu
732 2977 780 3041 kr.
811 2977 913 3042 Karla
935 2976 981 3042 IV
1014 2976 1043 3042 d.
1076 2995 1096 3040 v
1127 2975 1361 3058 Budejoriclclr

57 3095 90 3157 4.
116 3091 237 3154 kretna
261 3091 343 3154 1351
369 3090 395 3154 i.
418 3090 506 3168 312).
552 3089 620 3156 Nos
643 3089 744 3171 igitur
766 3090 984 3172 predictorum
1008 3090 1129 3156 ciuium
1160 3095 1193 3156 et
1215 3087 1360 3156 fidelium

58 3210 247 3270 nostrorum
279 3201 532 3268 racionabilibus
568 3203 785 3285 peticionibus
818 3203 990 3286 benignius
1024 3209 1214 3285 annuentes,
1252 3204 1360 3270 auimo

58 3316 252 3396 deliberato,
275 3334 353 3381 sano
376 3315 519 3382 fidelium
534 3322 717 3383 nostrorum
740 3316 914 3384 accedente
938 3317 1084 3397 consilio,
1107 3317 1199 3399 regia
1221 3316 1360 3382 auetori-

58 3437 130 3495 rate
161 3430 295 3495 Boemie
329 3435 362 3494 ct
392 3429 433 3494 de
465 3437 554 3496 certa
583 3435 694 3495 nostra
725 3430 866 3496 sciencia
888 3429 1048 3512 prefatum
1071 3430 1280 3513 priuilegium
1302 3448 1360 3495 seu

59 3545 206 3608 litteram
240 3544 274 3609 in
305 3542 452 3608 omuibus
484 3543 553 3608 suis
583 3543 741 3631 articulis,
775 3544 904 3625 punctis
935 3548 968 3608 el
997 3544 1161 3623 clausulis,
1195 3548 1291 3626 prout
1320 3542 1360 3608 de

60 3654 162 3723 uerbo
193 3656 236 3721 ad
258 3655 392 3721 uerbum
419 3661 627 3738 expressatur
649 3657 810 3738 superius,
842 3656 1066 3740 approbamus,
1096 3654 1293 3721 ratificamus
1328 3660 1361 3720 el

59 3769 224 3854 presentis
248 3770 362 3852 scripti
385 3770 566 3852 patrocinio
589 3771 769 3853 preciosius
792 3770 1025 3837 confirmamus.
1064 3771 1108 3836 Et
1129 3769 1358 3836 nichilominus

60 3884 105 3948 de
128 3882 290 3949 uberioris
312 3883 537 3951 munificencie
560 3891 670 3951 nostre
693 3886 775 3951 douo
796 3885 964 3966 cupientes
979 3884 1200 3950 condicionem
1214 3882 1360 3965 predicte

63 3997 212 4063 ciuitatis
247 4004 356 4064 nostre
390 4005 423 4064 et
457 3998 635 4065 incolarum
665 4000 769 4081 ipsius
799 3999 906 4065 facere
935 3999 1100 4065 meliorem
1131 3998 1303 4064 statuimus
1327 4002 1360 4063 et

58 4110 211 4177 volumus
241 4128 396 4192 processu
425 4112 580 4193 temporis
601 4111 777 4191 obseruari,
811 4116 845 4176 vl
867 4110 1020 4176 videlicet
1042 4130 1153 4177 omnes
1176 4116 1210 4177 el
1230 4110 1359 4194 singule

58 4243 201 4301 merces
218 4230 251 4290 et
279 4222 363 4290 bons
393 4223 434 4288 de
457 4224 569 4289 Muhla
591 4223 626 4288 in
648 4224 814 4289 Boemiam
836 4227 1042 4290 transeuntes
1065 4243 1129 4290 non
1151 4223 1239 4309 alibi,
1263 4241 1359 4305 quom

53 4357 121 4422 por
143 4338 264 4403 dictam
288 4337 454 4403 ciuitatem
484 4338 517 4403 in
540 4339 692 4404 Budwels
722 4337 817 4402 euehi
840 4336 978 4404 debeant
1000 4343 1033 4403 et
1056 4336 1159 4403 educi.
1203 4336 1248 4402 Et
1269 4335 1359 4402 simi·

59 4453 138 4517 liter
161 4468 351 4531 quecunque
374 4470 496 4516 merces
520 4451 659 4531 ctboua,
682 4450 914 4532 cuiuscumque
937 4452 1057 4533 speciei
1080 4450 1296 4532 fuerintque
1318 4447 1359 4514 de

58 4583 162 4648 reguo
191 4556 303 4630 nostro
332 4560 607 4631 Boemie'vorsus
637 4565 781 4630 blulrlam
811 4570 867 4629 aut
893 4564 1089 4648 Vreyenstat
1118 4558 1212 4629 educi
1234 4563 1358 4628 coutin-

58 4682 164 4763 geret,
187 4694 389 4760 nequequam
413 4696 471 4759 per
493 4678 576 4743 allas
599 4682 718 4743 stratas
741 4683 798 4743 aut
820 4678 900 4760 loca,
923 4676 981 4744 sed
1003 4682 1129 4745 tentum
1148 4694 1207 4763 per
1224 4674 1358 4745 eandem
