3150 5378
735 429 812 480 asor.
1373 430 1435 495 109

131 636 301 704 Pudebrad
325 654 384 719 per
406 653 520 701 manus
542 636 689 719 magistri
712 637 811 718 Petri,
834 639 926 721 regni
949 639 1052 705 nostri
1074 638 1319 721 prothonotarii,
1349 659 1433 708 anno

131 751 250 816 domini
285 750 461 816 millesimo
491 750 710 818 ducentesimo
736 752 954 838 nonagesimo,
984 751 1075 820 XIV⁰
1104 753 1259 821 kalendas
1282 754 1432 838 Augusti,

133 865 316 933 indiccione
337 864 449 930 tercia.

232 1043 384 1100 Obsaieno
402 1045 498 1115 νοτίς.
517 1045 677 1102 konfirmaci
694 1046 737 1104 kr.
755 1046 842 1103 Karla
860 1047 898 1102 IV
916 1047 943 1103 d.
961 1048 1076 1103 vPraze
1095 1052 1128 1102 28
1146 1048 1249 1103 biezna
1275 1054 1340 1104 laba
1358 1065 1429 1105 aar·

135 1142 207 1196 curu
227 1157 264 1195 nr.
283 1139 412 1196 Mllnika
429 1139 451 1196 c.
471 1147 495 1196 b.
514 1170 548 1183 -
565 1140 665 1211 Pelzel,
682 1140 717 1197 K.
736 1140 805 1198 Karl
822 1141 873 1198 der
883 1143 986 1200 Vierte.
1005 1142 1184 1200 Urkundenb.
1199 1142 1383 1201 N0cxcv1a
1396 1175 1430 1187 -

134 1236 232 1307 Emlcr,
250 1235 377 1308 &gesta
387 1234 423 1292 II.
441 1235 550 1293 albot.

718 1502 783 1588 (ils.
806 1522 858 1588 44.

620 1700 734 1792 [nmo
765 1718 797 1770 r.
830 1700 942 1790 rasa]

140 1886 213 1952 lircil
243 1885 361 1950 Vriclov
383 1884 423 1950 II
432 1887 602 1970 postupuje
622 1887 765 1952 worm
788 1884 982 1952 Ibobske'mu
1004 1884 1217 1953 Montanum·
1237 1885 1432 1972 rycbtoir'stui

142 2005 231 2065 saco
254 1999 386 2065 Hrodce
420 1999 487 2065 aad
520 2002 556 2065 L.
590 2021 635 2066 no
662 1999 745 2082 btyr'a'
775 1999 849 2075 lc'ta,
884 2002 973 2067 zoas
994 1999 1047 2066 aa
1070 2001 1190 2069 odce'sti
1225 2001 1265 2067 do
1300 1999 1428 2085 honoro

143 2108 297 2180 bolocskc‘
330 2114 395 2178 100
426 2110 537 2179 aulaeo
568 2112 697 2190 str'ibro,
732 2114 775 2177 10
806 2110 917 2180 Μίνω
948 2113 1035 2181 aloto
1064 2135 1086 2181 a
1114 2116 1137 2180 4
1159 2120 1297 2198 postaoy
1325 2113 1429 2182 sabaa

688 2222 872 2292 Gentsktbo.

236 2403 307 2467 Nos
329 2400 539 2467 Wenceslaus
561 2401 613 2467 dei
636 2402 747 2484 gracia
774 2420 830 2468 rex
854 2403 986 2470 Boemie
1008 2409 1041 2468 et
1062 2404 1204 2470 marchio
1227 2405 1374 2470 blorauie
1395 2406 1428 2470 in

146 2516 294 2594 publicam
327 2515 481 2580 denenire
511 2514 662 2580 noticiam
693 2515 839 2597 capimus
861 2535 920 2599 per
949 2522 1126 2599 presentes,
1160 2518 1244 2601 quod
1269 2519 1429 2602 judicium

146 2628 276 2695 ciuitatis
301 2629 334 2694 in
359 2629 460 2694 Grecz
483 2628 600 2695 dilecto
623 2627 710 2694 fideli
732 2636 843 2697 nostro
865 2630 1047 2712 Minhardo‚
1070 2631 1135 2697 ciui
1156 2632 1322 2714 Progensi
1343 2633 1427 2699 loca·

146 2744 239 2809 nimus
262 2763 283 2808 a
306 2741 390 2808 festo
412 2743 603 2809 Natiuitatis
633 2743 754 2810 domini
783 2744 888 2826 primo
919 2749 1053 2810 venturo
1079 2764 1178 2829 voque
1207 2765 1265 2827 per
1292 2750 1430 2829 quatuor

143 2873 289 2924 annorum
319 2857 466 2938 spacium
494 2859 742 2939 percompletum
773 2876 831 2940 pro
854 2862 981 2924 centum
1003 2859 1142 2924 marchis
1162 2858 1296 2941 argenti,
1319 2858 1428 2924 decem

144 2970 271 3036 marchis
296 2971 370 3035 auri
393 2976 425 3034 et
447 2975 584 3052 quatuor
600 2971 790 3036 staminibus
807 2971 847 3036 de
863 2972 948 3037 Gont
959 2972 1052 3037 nobis
1075 2971 1114 3036 ab
1130 2971 1242 3037 eodem
1257 2971 1428 3037 Minhardo

142 3083 357 3163 persoluendis
381 3084 412 3147 in
436 3084 581 3148 terminis
613 3084 811 3150 subnotatis:
846 3085 1007 3165 videlicet,
1042 3086 1126 3167 quod
1160 3085 1244 3150 infra
1277 3089 1427 3168 quatuor-

141 3197 233 3263 lccim
256 3198 331 3262 dies
354 3196 497 3277 prelatus
520 3197 710 3263 blinharrlus
735 3198 824 3264 nabit
850 3198 942 3265 nobis
974 3200 1141 3281 sexaginta
1174 3198 1320 3264 manebas
1354 3199 1427 3280 puri

140 3313 254 3393 argenti
280 3316 313 3375 et
335 3311 548 3393 quadraginta
581 3312 662 3377 alias
695 3314 841 3378 marchas
874 3314 944 3378 siue
975 3314 1008 3378 in
1040 3314 1155 3396 pannis
1186 3313 1257 3378 siue
1279 3314 1313 3378 in
1336 3314 1427 3396 cquis

140 3427 200 3490 sine
222 3426 257 3490 in
281 3442 472 3506 quocunque
501 3432 610 3490 nostre
637 3427 794 3506 placuerit
816 3428 994 3506 maiestati3
1031 3428 1063 3492 in
1095 3429 1207 3510 vigilia
1238 3446 1313 3492 soro
1336 3427 1427 3491 Nati·

140 3539 241 3604 uitatis
275 3537 436 3603 dominice
465 3538 569 3620 primo
596 3545 731 3604 ventura
753 3545 889 3622 quatuor
912 3541 1051 3606 stamina
1074 3540 1113 3606 do
1137 3542 1222 3607 Gent
1243 3546 1353 3608 nostre
1375 3559 1426 3605 ca·

139 3671 216 3717 merc
237 3651 431 3733 assignabit.
476 3652 512 3717 ln
535 3653 694 3736 principio
718 3672 793 3720 vero
816 3657 979 3738 sequentis
1002 3656 1087 3735 anni,
1115 3655 1266 3721 videlicet
1288 3656 1320 3720 in
1343 3654 1427 3720 festo

141 3766 281 3846 llartini,
305 3766 411 3831 dictus
435 3765 625 3830 blinbardus
645 3766 734 3832 dabit
756 3767 848 3833 nobis
871 3769 981 3834 decem
1002 3769 1148 3834 marchas
1170 3769 1252 3848 ariri,
1283 3767 1316 3832 in
1344 3767 1426 3833 festo

137 3887 236 3946 autem
260 3879 386 3945 Pascbe
408 3880 553 3963 sequenti
577 3881 682 3945 soluat
703 3881 795 3948 nobis
819 3882 928 3948 decem
951 3882 1097 3948 marchas
1120 3883 1262 3964 argentm
1287 3882 1319 3946 in
1343 3880 1425 3948 festo

136 4013 205 4061 vero
227 3994 423 4060 Natiuitatis
446 3994 605 4060 dominice
620 3995 832 4062 succedente.
851 4050 857 4062 .
882 3997 1044 4063 marcham
1059 3998 1129 4061 auri
1144 3998 1300 4078 reliquam
1316 4000 1426 4061 nostro

136 4109 263 4174 culmini
295 4106 483 4185 assionaoit.
530 4108 565 4172 In
597 4109 688 4173 cuius
718 4110 891 4177 locucionis
921 4115 1031 4177 nostra
1059 4112 1245 4176 memoriam
1273 4114 1305 4175 ct
1330 4109 1427 4175 robur

135 4241 263 4304 presens
288 4222 445 4303 scriptum
467 4219 536 4286 ficri
560 4228 592 4287 et
615 4222 721 4304 sigillo
744 4225 924 4290 maiestatis
947 4231 1056 4291 nostre
1076 4224 1210 4290 lecimus
1226 4224 1425 4290 communiri.

232 4402 395 4457 chnkonis
423 4401 458 4455 de
483 4402 611 4467 Trebecz,
638 4402 722 4458 Liber
740 4421 756 4458 a
774 4405 950 4460 nnissionibus
975 4406 1013 4459 N·
1031 4413 1063 4460 ⁶28
1083 4389 1228 4460 chskem
1250 4421 1373 4460 museum
1392 4421 1425 4459 za

134 4501 270 4568 napisem:
291 4497 425 4562 „Locacio
441 4496 537 4564 judicii
557 4498 702 4554 Grcccnsia
720 4500 800 4555 alicui
818 4502 871 4555 ciui
889 4501 962 4558 iacta
980 4520 1031 4572 pcr
1048 4518 1140 4571 regom
1158 4503 1370 4573 temporaliter.“
1391 4531 1423 4540 -

135 4592 230 4659 Emicr,
248 4595 373 4663 Regcata
391 4594 423 4648 Η.
441 4593 464 4648 t.
484 4599 560 4648 alas.
