3098 5392
682 496 760 548 uos.
1285 499 1370 566 1043

59 706 235 771 incurrunt
256 704 402 786 pericula
424 709 521 787 atque
543 704 692 786 dampna,
717 723 776 771 nos
799 705 901 787 igitur
924 703 1045 770 talibus
1062 703 1195 770 obuiare
1211 708 1366 790 volentes,

61 818 263 900 supradictis
288 818 409 882 nostris
432 817 558 883 ciuibus
582 823 615 884 et
636 817 754 884 incolis
777 817 898 884 virtuts
920 818 1124 900 presencium
1147 819 1366 904 indulgemus,

60 932 150 1014 quod
181 931 245 1013 ipsi
278 931 360 995 tales
384 930 509 998 nobiles
539 933 590 998 vel
613 932 749 997 clientes
772 936 829 996 aut
851 932 936 998 alios
956 950 1102 1016 quosque
1125 934 1289 1001 seculares
1312 935 1369 1002 ho·

60 1046 167 1110 mines
203 1046 253 1109 vel
282 1044 366 1110 bona
397 1062 508 1110 eorum
537 1063 596 1127 pro
628 1045 773 1126 ipsorum
804 1044 924 1111 debitis
954 1044 996 1110 ad
1019 1064 1175 1111 summam
1199 1046 1369 1113 dumtaxat

62 1159 208 1240 quinque
231 1176 464 1240 sexagenarum
487 1176 676 1240 grossorum
707 1158 814 1224 minus
840 1158 1026 1242 quindecim
1048 1159 1172 1241 grossis
1199 1178 1235 1225 sc
1258 1165 1368 1226 exten·

61 1271 216 1336 dentibus
248 1290 321 1336 cum
353 1270 489 1337 consilio
523 1276 632 1337 tamen
661 1270 830 1354 burgrauii
863 1290 901 1337 ao
925 1271 1129 1338 scabinorum
1160 1272 1280 1338 ibidem
1309 1293 1368 1356 pro

60 1394 209 1466 tempore
242 1385 457 1450 existencium
488 1385 522 1451 in
545 1385 690 1467 predicto
713 1384 810 1467 opido
840 1385 968 1467 possint
990 1390 1023 1450 et
1045 1385 1174 1450 valeant
1197 1391 1369 1468 arrestare,

64 1505 98 1564 et
123 1499 199 1564 dum
218 1499 308 1580 ipsos
328 1498 379 1564 vel
396 1516 508 1564 corum
524 1498 609 1565 bona
624 1499 682 1580 sic,
706 1504 740 1564 vt
756 1497 964 1581 premittitur,
987 1498 1230 1578 arrestaueriut,
1253 1498 1370 1565 debent

62 1615 97 1678 in
121 1631 169 1693 eo,
192 1610 351 1694 quidquid
374 1611 457 1693 ipsis
475 1611 531 1695 jus
555 1611 677 1678 ibidem
700 1610 886 1692 dictausrit,
910 1611 1098 1679 contentari.
1136 1611 1274 1693 Insuper
1295 1631 1368 1693 pre

61 1725 141 1791 fatis
164 1724 292 1791 ciuibus
322 1729 355 1790 et
377 1725 493 1791 incolis
516 1725 656 1806 predicti
679 1725 782 1791 nostri
805 1725 893 1807 opidi
920 1729 954 1789 et
975 1744 1039 1790 non
1063 1725 1167 1790 solum
1190 1724 1282 1806 ipsis,
1309 1724 1368 1790 sed

61 1847 96 1904 et
125 1838 273 1904 omnibus
305 1837 422 1904 incolis
454 1838 604 1904 villarum
637 1838 679 1904 ad
710 1839 817 1921 ipsum
852 1839 1037 1904 districtum
1071 1837 1368 1922 Pelhrzymowense

61 1952 295 2035 spectantibus,
331 1951 512 2034 ubicunque
545 1952 579 2017 in
610 1952 682 2033 ipso
714 1951 865 2018 districtu
896 1951 1098 2034 degentibus,
1133 1951 1205 2016 siue
1239 1970 1367 2034 compa-

62 2067 191 2132 ciantur
220 2065 366 2147 predicto
398 2065 494 2147 opido
518 2066 552 2130 in
575 2065 728 2131 oneribus
751 2066 824 2131 siue
846 2085 919 2147 non,
952 2065 1130 2131 uberiorem
1154 2065 1297 2147 graciam
1318 2065 1334 2131 f
1352 2100 1366 2112 ·

62 2179 187 2244 cientes
210 2177 417 2243 concedimus
440 2177 645 2259 presentibus
668 2180 826 2261 graciose,
853 2179 939 2262 quod
962 2197 1087 2244 exnunc
1111 2197 1221 2244 ornnes
1245 2183 1278 2244 et
1300 2178 1366 2244 sin·

60 2292 132 2373 guli
156 2292 245 2356 ciues
277 2297 310 2356 et
332 2291 437 2357 incole
459 2290 539 2356 dicti
563 2292 665 2356 nostri
688 2292 777 2373 opidi
801 2298 834 2356 et
857 2293 999 2359 omnium
1022 2292 1171 2357 villarum
1194 2291 1366 2374 adipsum

60 2404 196 2486 opidum
217 2408 250 2468 et
272 2403 457 2470 districtum
480 2403 662 2485 predictum
686 2405 917 2486 spectancium,
945 2405 1080 2470 heredes
1104 2410 1137 2471 et
1160 2423 1365 2473 successoros

59 2519 208 2599 ipsorum
242 2518 410 2598 utriusque
444 2535 540 2582 serus
574 2518 742 2599 perpetuis
775 2518 974 2600 temporibus
1008 2519 1137 2601 possint
1169 2524 1202 2583 et
1236 2519 1365 2584 valeant

61 2632 216 2696 vniuersa
247 2630 331 2697 bona
353 2648 474 2711 eorum,
505 2629 637 2696 mobilia
667 2635 700 2696 et
722 2630 909 2711 immobilia,
944 2633 977 2697 in
1001 2630 1246 2715 quibuscunque
1267 2632 1364 2698 rebus

59 2745 243 2812 consistent
269 2749 302 2809 et
323 2762 524 2827 quocumque
548 2743 677 2810 nomine
698 2749 901 2826 censeantur,
931 2747 1122 2826 cuicumque
1152 2745 1273 2811 homini
1306 2764 1364 2810 seu

58 2876 209 2942 persone,
239 2877 297 2939 pro
321 2856 414 2923 nobis
441 2862 549 2922 tamen
580 2863 613 2921 et
636 2857 877 2924 successoribus
899 2859 1020 2924 nostris
1050 2877 1088 2924 ac
1111 2859 1256 2940 predicta
1279 2877 1364 2925 corn·

57 2972 223 3039 munitate
257 2972 395 3051 valente,
430 2970 579 3051 vendere,
609 2970 696 3051 dare,
731 2971 840 3053 legare
869 2979 902 3037 et
931 2991 1003 3038 curn
1033 2971 1156 3038 eisdem
1185 2972 1275 3037 iuxta
1305 2991 1364 3038 sue

57 3084 240 3152 voluntatis
262 3082 432 3150 arbitrium
455 3083 628 3165 disponere
650 3083 682 3148 in
706 3085 772 3150 vita
795 3085 918 3167 pariter
941 3091 973 3149 et
988 3085 1022 3150 in
1037 3090 1158 3164 mortc;
1183 3085 1230 3151 sic
1244 3090 1363 3167 tamen,

59 3199 148 3282 quod
171 3203 401 3264 testamentum
423 3198 513 3263 iuxta
537 3197 803 3264 consuetudinem
825 3197 865 3263 ab
888 3198 1030 3281 antiquis
1054 3198 1260 3264 obseruatam
1282 3202 1362 3265 tem-

57 3312 194 3394 poribus
232 3311 379 3377 adinstar
409 3311 545 3377 Maioris
580 3312 725 3377 ciuitatis
759 3311 934 3393 Pragensis
968 3310 1157 3393 celebretur,
1191 3312 1242 3377 uel
1275 3313 1361 3395 quod

57 3427 106 3492 sit
139 3424 221 3490 libro
255 3424 395 3505 predicti
429 3424 518 3505 opidi
552 3429 749 3489 annotatum.
795 3424 830 3491 si
860 3429 968 3491 autem
998 3424 1139 3509 aliquem
1169 3443 1280 3490 eorum
1310 3426 1361 3492 vel

57 3539 188 3622 aliquos
221 3556 259 3603 es
282 3537 439 3620 predictis
462 3537 588 3602 ciuibus
621 3556 679 3602 seu
702 3538 817 3604 incolis
840 3537 958 3619 prefati
982 3538 1070 3619 opidi
1093 3543 1126 3604 et
1148 3538 1296 3604 villarum
1319 3538 1361 3604 ad

58 3654 171 3734 ipsum
206 3650 426 3736 spectanciurn
459 3650 582 3733 absque
612 3651 800 3731 donacione,
835 3656 1027 3717 testamento
1062 3670 1120 3717 seu
1152 3651 1362 3718 ordinacione

58 3783 194 3832 suorum
225 3764 382 3831 bonorum
415 3782 480 3829 non
510 3763 635 3830 relictis
664 3765 834 3846 vtriusque
864 3783 960 3830 sexus
1000 3765 1154 3847 legitimis
1188 3764 1360 3832 heredibus

56 3878 102 3945 ab
131 3879 191 3944 hac
219 3878 292 3945 luce
320 3877 462 3959 migrare
492 3876 675 3958 contigerit,
705 3882 822 3944 extunc
841 3878 949 3944 omnia
970 3877 1054 3943 bona
1077 3895 1146 3958 sua,
1170 3877 1302 3943 mobilia
1326 3883 1360 3944 st

58 3991 249 4073 immobilia,
274 3991 454 4074 ubicunque
476 3992 620 4058 locorum
643 3991 716 4072 sita,
748 4009 938 4075 quocunque
961 3990 1116 4057 vocabulo
1140 3991 1360 4075 designentur,

55 4106 100 4172 ad
124 4105 337 4187 proximiores
367 4111 401 4172 st
423 4107 672 4188 propinquiores
695 4105 957 4187 consanguineos
987 4104 1172 4171 huiusmodi
1204 4103 1359 4172 deceden-

56 4220 156 4300 cium,
187 4224 298 4286 nostro
328 4225 362 4285 et
393 4238 616 4287 successorum
646 4224 828 4285 nostrorum
858 4236 895 4283 ac
917 4216 1104 4284 officialium
1128 4218 1359 4300 impedimenta

56 4331 205 4415 quolibet
234 4339 391 4416 cessante,
422 4333 523 4399 libere
546 4339 579 4399 et
604 4335 678 4416 jure
708 4331 904 4397 hereditario
931 4331 1154 4397 deuoluontur.
1201 4330 1358 4400 Volumus

54 4428 177 4526 tamen,
202 4445 288 4528 quod
310 4446 366 4513 ille
389 4465 448 4512 seu
472 4447 530 4528 illi,
555 4448 607 4512 cui
631 4446 681 4511 vel
705 4445 822 4527 quibus
845 4444 929 4510 bona
944 4445 1130 4510 huiusmodi
1146 4463 1204 4527 per
1218 4445 1358 4531 aliquem

54 4580 97 4627 ex
118 4559 276 4643 predictis
298 4559 424 4641 incolis,
448 4566 482 4624 vt
504 4560 711 4641 premittitur,
735 4557 939 4624 donabuntur
964 4558 1013 4623 vel
1037 4557 1139 4625 eciam
1154 4558 1356 4643 legabuntur,

54 4693 77 4740 a
108 4671 172 4754 die,
202 4689 267 4755 qua
296 4672 481 4739 huiusmodi
513 4673 596 4740 bona
626 4673 668 4738 ad
691 4673 797 4755 ipsum
819 4671 973 4737 deuolute
994 4670 1136 4760 fuerint,
1154 4672 1240 4741 inira
1264 4674 1357 4742 nnius

1157 4805 1206 4857 66*
