<?xml version="1.0" encoding="UTF-8"?>
<!DOCTYPE html PUBLIC "-//W3C//DTD XHTML 1.0 Transitional//EN"
    "http://www.w3.org/TR/xhtml1/DTD/xhtml1-transitional.dtd">
<html xmlns="http://www.w3.org/1999/xhtml" xml:lang="en" lang="en">
 <head>
  <title>
</title>
<meta http-equiv="Content-Type" content="text/html;charset=utf-8" />
  <meta name='ocr-system' content='tesseract 3.04.00' />
  <meta name='ocr-capabilities' content='ocr_page ocr_carea ocr_par ocr_line ocrx_word'/>
</head>
<body>
  <div class='ocr_page' id='page_1' title='image "./sbrkapramenprva01kingoog/sbrkapramenprva01kingoog_0402.png"; bbox 0 0 3098 5392; ppageno 0'>
   <div class='ocr_carea' id='block_1_1' title="bbox 129 421 827 488">
    <p class='ocr_par' dir='ltr' id='par_1_1' title="bbox 129 421 827 488">
     <span class='ocr_line' id='line_1_1' title="bbox 129 421 827 488; baseline 0 -14"><span class='ocrx_word' id='word_1_1' title='bbox 129 421 193 488; x_wconf 79' lang='grc'><strong>366</strong></span> <span class='ocrx_word' id='word_1_2' title='bbox 752 424 827 474; x_wconf 77' lang='lat' dir='ltr'><strong>raia.</strong></span> 
     </span>
    </p>
   </div>
   <div class='ocr_carea' id='block_1_2' title="bbox 127 629 1400 828">
    <p class='ocr_par' dir='ltr' id='par_1_2' title="bbox 127 629 1400 828">
     <span class='ocr_line' id='line_1_2' title="bbox 127 629 1400 719; baseline 0.003 -26"><span class='ocrx_word' id='word_1_3' title='bbox 127 631 141 693; x_wconf 79' lang='lat' dir='ltr'><strong>i</strong></span> <span class='ocrx_word' id='word_1_4' title='bbox 156 632 311 712; x_wconf 66' lang='lat' dir='ltr'><strong>postcingi</strong></span> <span class='ocrx_word' id='word_1_5' title='bbox 334 653 397 718; x_wconf 80' lang='lat' dir='ltr'><strong>„na</strong></span> <span class='ocrx_word' id='word_1_6' title='bbox 419 629 557 696; x_wconf 79' lang='lat' dir='ltr'><strong>blotecb“</strong></span> <span class='ocrx_word' id='word_1_7' title='bbox 574 630 710 697; x_wconf 71' lang='lat' dir='ltr'><strong>limesia</strong></span> <span class='ocrx_word' id='word_1_8' title='bbox 725 633 932 716; x_wconf 75' lang='lat' dir='ltr'><strong>pr&#39;t&#39;sloiejici,</strong></span> <span class='ocrx_word' id='word_1_9' title='bbox 954 633 1016 715; x_wconf 80' lang='lat' dir='ltr'><strong>uby</strong></span> <span class='ocrx_word' id='word_1_10' title='bbox 1035 633 1134 699; x_wconf 70' lang='lat' dir='ltr'><strong>brobii</strong></span> <span class='ocrx_word' id='word_1_11' title='bbox 1154 635 1225 717; x_wconf 73' lang='lat' dir='ltr'><strong>lips</strong></span> <span class='ocrx_word' id='word_1_12' title='bbox 1241 633 1400 719; x_wconf 74' lang='lat' dir='ltr'><strong>oprocmotr&#39;</strong></span> 
     </span>
     <span class='ocr_line' id='line_1_3' title="bbox 480 745 1068 828; baseline 0.005 -20"><span class='ocrx_word' id='word_1_13' title='bbox 480 745 614 827; x_wconf 80' lang='lat' dir='ltr'><strong>brodbp,</strong></span> <span class='ocrx_word' id='word_1_14' title='bbox 637 745 739 828; x_wconf 78' lang='lat' dir='ltr'><strong>brcinp</strong></span> <span class='ocrx_word' id='word_1_15' title='bbox 761 769 782 811; x_wconf 89' lang='lat' dir='ltr'><strong>a</strong></span> <span class='ocrx_word' id='word_1_16' title='bbox 803 753 906 828; x_wconf 75' lang='lat' dir='ltr'><strong>mosty</strong></span> <span class='ocrx_word' id='word_1_17' title='bbox 927 746 1068 813; x_wconf 71' lang='lat' dir='ltr'><strong>mistslte&#39;.</strong></span> 
     </span>
    </p>
   </div>
   <div class='ocr_carea' id='block_1_3' title="bbox 126 935 1396 3167">
    <p class='ocr_par' dir='ltr' id='par_1_3' title="bbox 126 935 1396 3167">
     <span class='ocr_line' id='line_1_4' title="bbox 230 935 1387 1022; baseline 0.003 -21"><span class='ocrx_word' id='word_1_18' title='bbox 230 937 298 1002; x_wconf 91' lang='lat' dir='ltr'><strong>Nos</strong></span> <span class='ocrx_word' id='word_1_19' title='bbox 314 935 480 1003; x_wconf 82' lang='lat' dir='ltr'><strong>lohannes</strong></span> <span class='ocrx_word' id='word_1_20' title='bbox 504 938 556 1004; x_wconf 92' lang='lat' dir='ltr'><strong>dei</strong></span> <span class='ocrx_word' id='word_1_21' title='bbox 579 940 690 1021; x_wconf 81' lang='lat' dir='ltr'><strong>gracia</strong></span> <span class='ocrx_word' id='word_1_22' title='bbox 704 940 838 1007; x_wconf 90' lang='lat' dir='ltr'><strong>Boemie</strong></span> <span class='ocrx_word' id='word_1_23' title='bbox 863 960 919 1005; x_wconf 84' lang='lat' dir='ltr'><strong>rex</strong></span> <span class='ocrx_word' id='word_1_24' title='bbox 933 959 972 1006; x_wconf 88' lang='lat' dir='ltr'><strong>ac</strong></span> <span class='ocrx_word' id='word_1_25' title='bbox 986 940 1278 1022; x_wconf 82' lang='lat' dir='ltr'><strong>Lucemburgensis</strong></span> <span class='ocrx_word' id='word_1_26' title='bbox 1302 957 1387 1014; x_wconf 83' lang='lat' dir='ltr'><strong>cono,</strong></span> 
     </span>
     <span class='ocr_line' id='line_1_5' title="bbox 128 1048 1387 1135; baseline 0.002 -23"><span class='ocrx_word' id='word_1_27' title='bbox 128 1049 169 1113; x_wconf 94' lang='lat' dir='ltr'><strong>ad</strong></span> <span class='ocrx_word' id='word_1_28' title='bbox 193 1050 416 1116; x_wconf 84' lang='lat' dir='ltr'><strong>vniuersorum</strong></span> <span class='ocrx_word' id='word_1_29' title='bbox 430 1051 583 1116; x_wconf 82' lang='lat' dir='ltr'><strong>noticiam</strong></span> <span class='ocrx_word' id='word_1_30' title='bbox 607 1053 753 1118; x_wconf 88' lang='lat' dir='ltr'><strong>volumus</strong></span> <span class='ocrx_word' id='word_1_31' title='bbox 776 1058 888 1118; x_wconf 86' lang='lat' dir='ltr'><strong>tenore</strong></span> <span class='ocrx_word' id='word_1_32' title='bbox 909 1054 1112 1135; x_wconf 87' lang='lat' dir='ltr'><strong>presencium</strong></span> <span class='ocrx_word' id='word_1_33' title='bbox 1136 1055 1311 1135; x_wconf 87' lang='lat' dir='ltr'><strong>peruenire,</strong></span> <span class='ocrx_word' id='word_1_34' title='bbox 1329 1048 1387 1134; x_wconf 85' lang='lat' dir='ltr'><strong>quod</strong></span> 
     </span>
     <span class='ocr_line' id='line_1_6' title="bbox 127 1162 1389 1233; baseline 0.002 -6"><span class='ocrx_word' id='word_1_35' title='bbox 127 1182 186 1228; x_wconf 91' lang='lat' dir='ltr'><strong>nos</strong></span> <span class='ocrx_word' id='word_1_36' title='bbox 209 1182 247 1227; x_wconf 82' lang='lat' dir='ltr'><strong>en</strong></span> <span class='ocrx_word' id='word_1_37' title='bbox 269 1164 377 1230; x_wconf 93' lang='lat' dir='ltr'><strong>animo</strong></span> <span class='ocrx_word' id='word_1_38' title='bbox 399 1162 586 1231; x_wconf 88' lang='lat' dir='ltr'><strong>affectantes</strong></span> <span class='ocrx_word' id='word_1_39' title='bbox 616 1170 737 1231; x_wconf 91' lang='lat' dir='ltr'><strong>statum</strong></span> <span class='ocrx_word' id='word_1_40' title='bbox 759 1171 792 1231; x_wconf 91' lang='lat' dir='ltr'><strong>et</strong></span> <span class='ocrx_word' id='word_1_41' title='bbox 814 1166 1036 1233; x_wconf 91' lang='lat' dir='ltr'><strong>condicionem</strong></span> <span class='ocrx_word' id='word_1_42' title='bbox 1065 1165 1212 1232; x_wconf 86' lang='lat' dir='ltr'><strong>fidelium</strong></span> <span class='ocrx_word' id='word_1_43' title='bbox 1242 1172 1389 1233; x_wconf 85' lang='lat' dir='ltr'><strong>nostrorum</strong></span> 
     </span>
     <span class='ocr_line' id='line_1_7' title="bbox 128 1277 1388 1362; baseline -0.001 -20"><span class='ocrx_word' id='word_1_44' title='bbox 128 1277 248 1342; x_wconf 91' lang='lat' dir='ltr'><strong>ciuium</strong></span> <span class='ocrx_word' id='word_1_45' title='bbox 270 1277 304 1341; x_wconf 94' lang='lat' dir='ltr'><strong>in</strong></span> <span class='ocrx_word' id='word_1_46' title='bbox 327 1277 416 1341; x_wconf 88' lang='lat' dir='ltr'><strong>Brux</strong></span> <span class='ocrx_word' id='word_1_47' title='bbox 438 1282 471 1342; x_wconf 93' lang='lat' dir='ltr'><strong>et</strong></span> <span class='ocrx_word' id='word_1_48' title='bbox 493 1279 637 1344; x_wconf 90' lang='lat' dir='ltr'><strong>ciuitatis</strong></span> <span class='ocrx_word' id='word_1_49' title='bbox 660 1279 805 1345; x_wconf 90' lang='lat' dir='ltr'><strong>eiusdem</strong></span> <span class='ocrx_word' id='word_1_50' title='bbox 823 1280 943 1346; x_wconf 85' lang='lat' dir='ltr'><strong>nostris</strong></span> <span class='ocrx_word' id='word_1_51' title='bbox 958 1280 1157 1362; x_wconf 82' lang='lat' dir='ltr'><strong>temporibus</strong></span> <span class='ocrx_word' id='word_1_52' title='bbox 1173 1279 1244 1346; x_wconf 86' lang='lat' dir='ltr'><strong>lieri</strong></span> <span class='ocrx_word' id='word_1_53' title='bbox 1258 1280 1388 1345; x_wconf 91' lang='lat' dir='ltr'><strong>melioreu</strong></span> 
     </span>
     <span class='ocr_line' id='line_1_8' title="bbox 128 1390 1390 1475; baseline 0 -22"><span class='ocrx_word' id='word_1_54' title='bbox 128 1394 160 1453; x_wconf 99' lang='lat' dir='ltr'><strong>et</strong></span> <span class='ocrx_word' id='word_1_55' title='bbox 182 1390 368 1455; x_wconf 83' lang='lat' dir='ltr'><strong>continuum</strong></span> <span class='ocrx_word' id='word_1_56' title='bbox 391 1392 556 1472; x_wconf 80' lang='lat' dir='ltr'><strong>suscipere</strong></span> <span class='ocrx_word' id='word_1_57' title='bbox 577 1391 716 1457; x_wconf 85' lang='lat' dir='ltr'><strong>feliciter</strong></span> <span class='ocrx_word' id='word_1_58' title='bbox 738 1393 980 1473; x_wconf 87' lang='lat' dir='ltr'><strong>incrementum,</strong></span> <span class='ocrx_word' id='word_1_59' title='bbox 1011 1398 1046 1458; x_wconf 83' lang='lat' dir='ltr'><strong>vt</strong></span> <span class='ocrx_word' id='word_1_60' title='bbox 1068 1394 1170 1475; x_wconf 83' lang='lat' dir='ltr'><strong>igitur</strong></span> <span class='ocrx_word' id='word_1_61' title='bbox 1192 1411 1230 1458; x_wconf 92' lang='lat' dir='ltr'><strong>eo</strong></span> <span class='ocrx_word' id='word_1_62' title='bbox 1251 1392 1390 1457; x_wconf 86' lang='lat' dir='ltr'><strong>meliuset</strong></span> 
     </span>
     <span class='ocr_line' id='line_1_9' title="bbox 128 1501 1391 1589; baseline -0.002 -23"><span class='ocrx_word' id='word_1_63' title='bbox 128 1501 363 1568; x_wconf 89' lang='lat' dir='ltr'><strong>commodosins</strong></span> <span class='ocrx_word' id='word_1_64' title='bbox 380 1503 466 1569; x_wconf 89' lang='lat' dir='ltr'><strong>dicte</strong></span> <span class='ocrx_word' id='word_1_65' title='bbox 481 1504 625 1569; x_wconf 87' lang='lat' dir='ltr'><strong>ciuitatis</strong></span> <span class='ocrx_word' id='word_1_66' title='bbox 638 1505 727 1570; x_wconf 90' lang='lat' dir='ltr'><strong>ciues</strong></span> <span class='ocrx_word' id='word_1_67' title='bbox 743 1524 861 1586; x_wconf 80' lang='lat' dir='ltr'><strong>muros,</strong></span> <span class='ocrx_word' id='word_1_68' title='bbox 885 1507 1007 1586; x_wconf 79' lang='lat' dir='ltr'><strong>ualuas,</strong></span> <span class='ocrx_word' id='word_1_69' title='bbox 1029 1510 1144 1587; x_wconf 91' lang='lat' dir='ltr'><strong>pontes</strong></span> <span class='ocrx_word' id='word_1_70' title='bbox 1159 1505 1265 1589; x_wconf 90' lang='lat' dir='ltr'><strong>ipsius</strong></span> <span class='ocrx_word' id='word_1_71' title='bbox 1279 1502 1391 1570; x_wconf 86' lang='lat' dir='ltr'><strong>ciuitatis</strong></span> 
     </span>
     <span class='ocr_line' id='line_1_10' title="bbox 126 1614 1389 1700; baseline -0.002 -22"><span class='ocrx_word' id='word_1_72' title='bbox 126 1614 258 1680; x_wconf 86' lang='lat' dir='ltr'><strong>reficere</strong></span> <span class='ocrx_word' id='word_1_73' title='bbox 280 1616 417 1694; x_wconf 87' lang='lat' dir='ltr'><strong>valeant,</strong></span> <span class='ocrx_word' id='word_1_74' title='bbox 440 1616 517 1681; x_wconf 91' lang='lat' dir='ltr'><strong>dum</strong></span> <span class='ocrx_word' id='word_1_75' title='bbox 539 1635 671 1682; x_wconf 89' lang='lat' dir='ltr'><strong>necesse</strong></span> <span class='ocrx_word' id='word_1_76' title='bbox 692 1617 799 1697; x_wconf 80' lang='lat' dir='ltr'><strong>inerit,</strong></span> <span class='ocrx_word' id='word_1_77' title='bbox 823 1623 855 1683; x_wconf 93' lang='lat' dir='ltr'><strong>et</strong></span> <span class='ocrx_word' id='word_1_78' title='bbox 877 1635 1037 1700; x_wconf 82' lang='lat' dir='ltr'><strong>reparare,</strong></span> <span class='ocrx_word' id='word_1_79' title='bbox 1060 1636 1194 1684; x_wconf 88' lang='lat' dir='ltr'><strong>censum</strong></span> <span class='ocrx_word' id='word_1_80' title='bbox 1217 1622 1350 1683; x_wconf 88' lang='lat' dir='ltr'><strong>nostrum</strong></span> <span class='ocrx_word' id='word_1_81' title='bbox 1367 1615 1389 1678; x_wconf 93' lang='lat' dir='ltr'><strong>in</strong></span> 
     </span>
     <span class='ocr_line' id='line_1_11' title="bbox 128 1728 1392 1811; baseline 0.002 -20"><span class='ocrx_word' id='word_1_82' title='bbox 128 1729 200 1809; x_wconf 91' lang='lat' dir='ltr'><strong>ipsa</strong></span> <span class='ocrx_word' id='word_1_83' title='bbox 222 1728 356 1792; x_wconf 89' lang='lat' dir='ltr'><strong>ciuitate</strong></span> <span class='ocrx_word' id='word_1_84' title='bbox 378 1729 476 1808; x_wconf 81' lang='lat' dir='ltr'><strong>Brun,</strong></span> <span class='ocrx_word' id='word_1_85' title='bbox 501 1729 663 1810; x_wconf 79' lang='lat' dir='ltr'><strong>wlgariter</strong></span> <span class='ocrx_word' id='word_1_86' title='bbox 684 1730 853 1796; x_wconf 86' lang='lat' dir='ltr'><strong>wuriczins</strong></span> <span class='ocrx_word' id='word_1_87' title='bbox 876 1731 1007 1811; x_wconf 78' lang='lat' dir='ltr'><strong>dictum,</strong></span> <span class='ocrx_word' id='word_1_88' title='bbox 1030 1749 1068 1796; x_wconf 87' lang='lat' dir='ltr'><strong>ac</strong></span> <span class='ocrx_word' id='word_1_89' title='bbox 1089 1730 1340 1796; x_wconf 88' lang='lat' dir='ltr'><strong>hereditatemin</strong></span> <span class='ocrx_word' id='word_1_90' title='bbox 1353 1744 1392 1810; x_wconf 85' lang='lat' dir='ltr'><strong>pt·</strong></span> 
     </span>
     <span class='ocr_line' id='line_1_12' title="bbox 128 1839 1392 1925; baseline -0.001 -19"><span class='ocrx_word' id='word_1_91' title='bbox 128 1841 268 1920; x_wconf 82' lang='lat' dir='ltr'><strong>indibus,</strong></span> <span class='ocrx_word' id='word_1_92' title='bbox 291 1859 354 1923; x_wconf 90' lang='lat' dir='ltr'><strong>que</strong></span> <span class='ocrx_word' id='word_1_93' title='bbox 376 1841 416 1906; x_wconf 91' lang='lat' dir='ltr'><strong>ab</strong></span> <span class='ocrx_word' id='word_1_94' title='bbox 439 1842 572 1923; x_wconf 86' lang='lat' dir='ltr'><strong>antiquo</strong></span> <span class='ocrx_word' id='word_1_95' title='bbox 595 1842 636 1906; x_wconf 92' lang='lat' dir='ltr'><strong>ad</strong></span> <span class='ocrx_word' id='word_1_96' title='bbox 660 1842 764 1923; x_wconf 84' lang='lat' dir='ltr'><strong>ipsam</strong></span> <span class='ocrx_word' id='word_1_97' title='bbox 786 1844 952 1909; x_wconf 88' lang='lat' dir='ltr'><strong>ciuitatem</strong></span> <span class='ocrx_word' id='word_1_98' title='bbox 973 1841 1166 1925; x_wconf 80' lang='lat' dir='ltr'><strong>pertinebat,</strong></span> <span class='ocrx_word' id='word_1_99' title='bbox 1196 1842 1347 1925; x_wconf 78' lang='lat' dir='ltr'><strong>wlgaritor</strong></span> <span class='ocrx_word' id='word_1_100' title='bbox 1363 1839 1392 1921; x_wconf 74' lang='lat' dir='ltr'><strong>dy</strong></span> 
     </span>
     <span class='ocr_line' id='line_1_13' title="bbox 135 1953 1396 2037; baseline -0.004 -18"><span class='ocrx_word' id='word_1_101' title='bbox 135 1954 202 2036; x_wconf 88' lang='lat' dir='ltr'><strong>seyi</strong></span> <span class='ocrx_word' id='word_1_102' title='bbox 226 1954 269 2018; x_wconf 91' lang='lat' dir='ltr'><strong>im</strong></span> <span class='ocrx_word' id='word_1_103' title='bbox 292 1953 392 2019; x_wconf 91' lang='lat' dir='ltr'><strong>bruch</strong></span> <span class='ocrx_word' id='word_1_104' title='bbox 416 1953 545 2034; x_wconf 84' lang='lat' dir='ltr'><strong>dictam,</strong></span> <span class='ocrx_word' id='word_1_105' title='bbox 567 1953 609 2019; x_wconf 93' lang='lat' dir='ltr'><strong>de</strong></span> <span class='ocrx_word' id='word_1_106' title='bbox 629 1959 740 2020; x_wconf 90' lang='lat' dir='ltr'><strong>nostra</strong></span> <span class='ocrx_word' id='word_1_107' title='bbox 762 1956 864 2037; x_wconf 83' lang='lat' dir='ltr'><strong>regali</strong></span> <span class='ocrx_word' id='word_1_108' title='bbox 889 1954 1114 2021; x_wconf 86' lang='lat' dir='ltr'><strong>munificencia</strong></span> <span class='ocrx_word' id='word_1_109' title='bbox 1140 1954 1222 2037; x_wconf 90' lang='lat' dir='ltr'><strong>ipsis</strong></span> <span class='ocrx_word' id='word_1_110' title='bbox 1244 1954 1359 2020; x_wconf 87' lang='lat' dir='ltr'><strong>ciuibus</strong></span> <span class='ocrx_word' id='word_1_111' title='bbox 1375 1954 1396 2015; x_wconf 89' lang='lat' dir='ltr'><strong>ei</strong></span> 
     </span>
     <span class='ocr_line' id='line_1_14' title="bbox 129 2066 1396 2148; baseline -0.003 -17"><span class='ocrx_word' id='word_1_112' title='bbox 129 2067 350 2132; x_wconf 85' lang='lat' dir='ltr'><strong>communitati</strong></span> <span class='ocrx_word' id='word_1_113' title='bbox 373 2066 491 2133; x_wconf 88' lang='lat' dir='ltr'><strong>ibidem</strong></span> <span class='ocrx_word' id='word_1_114' title='bbox 515 2068 679 2147; x_wconf 89' lang='lat' dir='ltr'><strong>perpetuis</strong></span> <span class='ocrx_word' id='word_1_115' title='bbox 709 2069 839 2133; x_wconf 89' lang='lat' dir='ltr'><strong>inantea</strong></span> <span class='ocrx_word' id='word_1_116' title='bbox 861 2066 1059 2148; x_wconf 86' lang='lat' dir='ltr'><strong>temporibus</strong></span> <span class='ocrx_word' id='word_1_117' title='bbox 1082 2066 1280 2133; x_wconf 86' lang='lat' dir='ltr'><strong>hereditarie</strong></span> <span class='ocrx_word' id='word_1_118' title='bbox 1299 2066 1396 2138; x_wconf 75' lang='lat' dir='ltr'><strong>damus,</strong></span> 
     </span>
     <span class='ocr_line' id='line_1_15' title="bbox 131 2162 1396 2262; baseline -0.003 -17"><span class='ocrx_word' id='word_1_119' title='bbox 131 2162 337 2245; x_wconf 72' lang='lat' dir='ltr'><strong>concedimus</strong></span> <span class='ocrx_word' id='word_1_120' title='bbox 359 2185 392 2244; x_wconf 91' lang='lat' dir='ltr'><strong>et</strong></span> <span class='ocrx_word' id='word_1_121' title='bbox 413 2179 586 2259; x_wconf 90' lang='lat' dir='ltr'><strong>donamus;</strong></span> <span class='ocrx_word' id='word_1_122' title='bbox 616 2169 839 2262; x_wconf 79' lang='lat' dir='ltr'><strong>promittentes</strong></span> <span class='ocrx_word' id='word_1_123' title='bbox 869 2181 996 2246; x_wconf 87' lang='lat' dir='ltr'><strong>sincere</strong></span> <span class='ocrx_word' id='word_1_124' title='bbox 1017 2185 1051 2244; x_wconf 89' lang='lat' dir='ltr'><strong>et</strong></span> <span class='ocrx_word' id='word_1_125' title='bbox 1071 2180 1268 2262; x_wconf 80' lang='lat' dir='ltr'><strong>spondentes</strong></span> <span class='ocrx_word' id='word_1_126' title='bbox 1288 2178 1396 2244; x_wconf 82' lang='lat' dir='ltr'><strong>iirmitu</strong></span> 
     </span>
     <span class='ocr_line' id='line_1_16' title="bbox 131 2291 1396 2373; baseline -0.005 -16"><span class='ocrx_word' id='word_1_127' title='bbox 131 2294 164 2357; x_wconf 93' lang='lat' dir='ltr'><strong>in</strong></span> <span class='ocrx_word' id='word_1_128' title='bbox 186 2293 251 2357; x_wconf 92' lang='lat' dir='ltr'><strong>hiis</strong></span> <span class='ocrx_word' id='word_1_129' title='bbox 275 2293 404 2373; x_wconf 85' lang='lat' dir='ltr'><strong>scriptis</strong></span> <span class='ocrx_word' id='word_1_130' title='bbox 427 2293 549 2358; x_wconf 91' lang='lat' dir='ltr'><strong>dictum</strong></span> <span class='ocrx_word' id='word_1_131' title='bbox 572 2312 703 2359; x_wconf 87' lang='lat' dir='ltr'><strong>censum</strong></span> <span class='ocrx_word' id='word_1_132' title='bbox 726 2299 759 2358; x_wconf 93' lang='lat' dir='ltr'><strong>et</strong></span> <span class='ocrx_word' id='word_1_133' title='bbox 780 2292 992 2358; x_wconf 88' lang='lat' dir='ltr'><strong>hereditatem</strong></span> <span class='ocrx_word' id='word_1_134' title='bbox 1013 2291 1103 2357; x_wconf 90' lang='lat' dir='ltr'><strong>nullo</strong></span> <span class='ocrx_word' id='word_1_135' title='bbox 1118 2309 1260 2373; x_wconf 76' lang='lat' dir='ltr'><strong>unquam</strong></span> <span class='ocrx_word' id='word_1_136' title='bbox 1280 2297 1396 2372; x_wconf 88' lang='lat' dir='ltr'><strong>tempore</strong></span> 
     </span>
     <span class='ocr_line' id='line_1_17' title="bbox 131 2404 1395 2488; baseline -0.001 -20"><span class='ocrx_word' id='word_1_137' title='bbox 131 2411 260 2485; x_wconf 91' lang='lat' dir='ltr'><strong>propter</strong></span> <span class='ocrx_word' id='word_1_138' title='bbox 292 2405 469 2470; x_wconf 90' lang='lat' dir='ltr'><strong>instancias</strong></span> <span class='ocrx_word' id='word_1_139' title='bbox 503 2425 560 2471; x_wconf 90' lang='lat' dir='ltr'><strong>seu</strong></span> <span class='ocrx_word' id='word_1_140' title='bbox 594 2407 770 2487; x_wconf 86' lang='lat' dir='ltr'><strong>peticiones</strong></span> <span class='ocrx_word' id='word_1_141' title='bbox 805 2423 1078 2488; x_wconf 86' lang='lat' dir='ltr'><strong>quorumcumque</strong></span> <span class='ocrx_word' id='word_1_142' title='bbox 1112 2404 1162 2470; x_wconf 84' lang='lat' dir='ltr'><strong>vel</strong></span> <span class='ocrx_word' id='word_1_143' title='bbox 1196 2405 1277 2470; x_wconf 90' lang='lat' dir='ltr'><strong>alias</strong></span> <span class='ocrx_word' id='word_1_144' title='bbox 1305 2418 1395 2468; x_wconf 82' lang='lat' dir='ltr'><strong>causas</strong></span> 
     </span>
     <span class='ocr_line' id='line_1_18' title="bbox 131 2517 1395 2599; baseline -0.005 -17"><span class='ocrx_word' id='word_1_145' title='bbox 131 2518 406 2599; x_wconf 86' lang='lat' dir='ltr'><strong>qualitercumque</strong></span> <span class='ocrx_word' id='word_1_146' title='bbox 428 2519 614 2585; x_wconf 91' lang='lat' dir='ltr'><strong>euenientes</strong></span> <span class='ocrx_word' id='word_1_147' title='bbox 637 2539 657 2583; x_wconf 91' lang='lat' dir='ltr'><strong>a</strong></span> <span class='ocrx_word' id='word_1_148' title='bbox 679 2519 776 2584; x_wconf 90' lang='lat' dir='ltr'><strong>dictis</strong></span> <span class='ocrx_word' id='word_1_149' title='bbox 808 2518 934 2584; x_wconf 90' lang='lat' dir='ltr'><strong>ciuibus</strong></span> <span class='ocrx_word' id='word_1_150' title='bbox 956 2522 990 2583; x_wconf 91' lang='lat' dir='ltr'><strong>et</strong></span> <span class='ocrx_word' id='word_1_151' title='bbox 1011 2517 1146 2582; x_wconf 84' lang='lat' dir='ltr'><strong>ciuitate</strong></span> <span class='ocrx_word' id='word_1_152' title='bbox 1167 2517 1201 2582; x_wconf 90' lang='lat' dir='ltr'><strong>in</strong></span> <span class='ocrx_word' id='word_1_153' title='bbox 1224 2517 1310 2583; x_wconf 81' lang='lat' dir='ltr'><strong>Brun</strong></span> <span class='ocrx_word' id='word_1_154' title='bbox 1329 2531 1395 2582; x_wconf 85' lang='lat' dir='ltr'><strong>resu-</strong></span> 
     </span>
     <span class='ocr_line' id='line_1_19' title="bbox 131 2627 1394 2715; baseline -0.006 -19"><span class='ocrx_word' id='word_1_155' title='bbox 131 2649 217 2696; x_wconf 88' lang='lat' dir='ltr'><strong>mere</strong></span> <span class='ocrx_word' id='word_1_156' title='bbox 239 2631 289 2696; x_wconf 88' lang='lat' dir='ltr'><strong>vei</strong></span> <span class='ocrx_word' id='word_1_157' title='bbox 312 2632 454 2697; x_wconf 88' lang='lat' dir='ltr'><strong>alienare</strong></span> <span class='ocrx_word' id='word_1_158' title='bbox 475 2633 669 2698; x_wconf 90' lang='lat' dir='ltr'><strong>auctoritate</strong></span> <span class='ocrx_word' id='word_1_159' title='bbox 693 2650 882 2715; x_wconf 86' lang='lat' dir='ltr'><strong>quacunque</strong></span> <span class='ocrx_word' id='word_1_160' title='bbox 904 2632 955 2697; x_wconf 88' lang='lat' dir='ltr'><strong>vei</strong></span> <span class='ocrx_word' id='word_1_161' title='bbox 976 2631 1094 2713; x_wconf 85' lang='lat' dir='ltr'><strong>quouis</strong></span> <span class='ocrx_word' id='word_1_162' title='bbox 1107 2631 1249 2696; x_wconf 86' lang='lat' dir='ltr'><strong>racione.</strong></span> <span class='ocrx_word' id='word_1_163' title='bbox 1271 2630 1307 2695; x_wconf 90' lang='lat' dir='ltr'><strong>In</strong></span> <span class='ocrx_word' id='word_1_164' title='bbox 1327 2627 1394 2695; x_wconf 81' lang='lat' dir='ltr'><strong>cuim</strong></span> 
     </span>
     <span class='ocr_line' id='line_1_20' title="bbox 129 2742 1392 2826; baseline -0.005 -18"><span class='ocrx_word' id='word_1_165' title='bbox 129 2747 177 2810; x_wconf 91' lang='lat' dir='ltr'><strong>rei</strong></span> <span class='ocrx_word' id='word_1_166' title='bbox 200 2745 420 2810; x_wconf 88' lang='lat' dir='ltr'><strong>testimonium</strong></span> <span class='ocrx_word' id='word_1_167' title='bbox 440 2751 606 2826; x_wconf 88' lang='lat' dir='ltr'><strong>presentes</strong></span> <span class='ocrx_word' id='word_1_168' title='bbox 629 2747 740 2811; x_wconf 88' lang='lat' dir='ltr'><strong>literas</strong></span> <span class='ocrx_word' id='word_1_169' title='bbox 763 2745 921 2810; x_wconf 91' lang='lat' dir='ltr'><strong>conscribi</strong></span> <span class='ocrx_word' id='word_1_170' title='bbox 942 2749 975 2809; x_wconf 91' lang='lat' dir='ltr'><strong>et</strong></span> <span class='ocrx_word' id='word_1_171' title='bbox 989 2745 1093 2809; x_wconf 89' lang='lat' dir='ltr'><strong>nostri</strong></span> <span class='ocrx_word' id='word_1_172' title='bbox 1108 2742 1211 2825; x_wconf 81' lang='lat' dir='ltr'><strong>sigilli</strong></span> <span class='ocrx_word' id='word_1_173' title='bbox 1226 2742 1392 2826; x_wconf 85' lang='lat' dir='ltr'><strong>appensione</strong></span> 
     </span>
     <span class='ocr_line' id='line_1_21' title="bbox 130 2855 1393 2940; baseline -0.006 -18"><span class='ocrx_word' id='word_1_174' title='bbox 130 2858 264 2923; x_wconf 84' lang='lat' dir='ltr'><strong>fecimus</strong></span> <span class='ocrx_word' id='word_1_175' title='bbox 299 2859 496 2924; x_wconf 92' lang='lat' dir='ltr'><strong>communiri.</strong></span> <span class='ocrx_word' id='word_1_176' title='bbox 543 2860 663 2923; x_wconf 83' lang='lat' dir='ltr'><strong>ilatum</strong></span> <span class='ocrx_word' id='word_1_177' title='bbox 685 2857 788 2940; x_wconf 78' lang='lat' dir='ltr'><strong>Prage</strong></span> <span class='ocrx_word' id='word_1_178' title='bbox 818 2858 899 2923; x_wconf 87' lang='lat' dir='ltr'><strong>feria</strong></span> <span class='ocrx_word' id='word_1_179' title='bbox 930 2860 1021 2922; x_wconf 88' lang='lat' dir='ltr'><strong>sexta</strong></span> <span class='ocrx_word' id='word_1_180' title='bbox 1050 2859 1123 2938; x_wconf 91' lang='lat' dir='ltr'><strong>post</strong></span> <span class='ocrx_word' id='word_1_181' title='bbox 1148 2855 1268 2923; x_wconf 88' lang='lat' dir='ltr'><strong>festum</strong></span> <span class='ocrx_word' id='word_1_182' title='bbox 1288 2857 1393 2921; x_wconf 89' lang='lat' dir='ltr'><strong>circum·</strong></span> 
     </span>
     <span class='ocr_line' id='line_1_22' title="bbox 130 2967 1393 3052; baseline -0.003 -15"><span class='ocrx_word' id='word_1_183' title='bbox 130 2972 264 3037; x_wconf 91' lang='lat' dir='ltr'><strong>cisionis</strong></span> <span class='ocrx_word' id='word_1_184' title='bbox 287 2970 408 3036; x_wconf 92' lang='lat' dir='ltr'><strong>domini</strong></span> <span class='ocrx_word' id='word_1_185' title='bbox 442 2972 585 3052; x_wconf 83' lang='lat' dir='ltr'><strong>proxima</strong></span> <span class='ocrx_word' id='word_1_186' title='bbox 615 2990 699 3036; x_wconf 92' lang='lat' dir='ltr'><strong>anuo</strong></span> <span class='ocrx_word' id='word_1_187' title='bbox 730 2970 911 3035; x_wconf 90' lang='lat' dir='ltr'><strong>natiuitatis</strong></span> <span class='ocrx_word' id='word_1_188' title='bbox 938 2967 1086 3034; x_wconf 90' lang='lat' dir='ltr'><strong>eiusdem</strong></span> <span class='ocrx_word' id='word_1_189' title='bbox 1106 2969 1279 3036; x_wconf 91' lang='lat' dir='ltr'><strong>millesimo</strong></span> <span class='ocrx_word' id='word_1_190' title='bbox 1300 2974 1393 3034; x_wconf 79' lang='lat' dir='ltr'><strong>boon·</strong></span> 
     </span>
     <span class='ocr_line' id='line_1_23' title="bbox 129 3084 687 3167; baseline -0.002 -17"><span class='ocrx_word' id='word_1_191' title='bbox 129 3086 245 3153; x_wconf 90' lang='lat' dir='ltr'><strong>tesimo</strong></span> <span class='ocrx_word' id='word_1_192' title='bbox 268 3084 514 3167; x_wconf 83' lang='lat' dir='ltr'><strong>quadragesimo</strong></span> <span class='ocrx_word' id='word_1_193' title='bbox 537 3084 687 3150; x_wconf 86' lang='lat' dir='ltr'><strong>secundo.</strong></span> 
     </span>
    </p>
   </div>
   <div class='ocr_carea' id='block_1_4' title="bbox 131 3268 1418 4677">
    <p class='ocr_par' dir='ltr' id='par_1_4' title="bbox 131 3268 1418 4677">
     <span class='ocr_line' id='line_1_24' title="bbox 234 3268 1392 3343; baseline -0.008 -16"><span class='ocrx_word' id='word_1_194' title='bbox 234 3273 307 3341; x_wconf 81' lang='lat' dir='ltr'><strong>Orig.</strong></span> <span class='ocrx_word' id='word_1_195' title='bbox 325 3289 400 3343; x_wconf 79' lang='lat' dir='ltr'><strong>perg.</strong></span> <span class='ocrx_word' id='word_1_196' title='bbox 419 3290 433 3325; x_wconf 82' lang='lat' dir='ltr'>v</span> <span class='ocrx_word' id='word_1_197' title='bbox 452 3273 564 3327; x_wconf 80' lang='lat' dir='ltr'><strong>archivo</strong></span> <span class='ocrx_word' id='word_1_198' title='bbox 583 3290 617 3325; x_wconf 93' lang='lat' dir='ltr'><strong>m.</strong></span> <span class='ocrx_word' id='word_1_199' title='bbox 635 3273 737 3327; x_wconf 88' lang='lat' dir='ltr'><strong>Mostu.</strong></span> <span class='ocrx_word' id='word_1_200' title='bbox 764 3272 847 3326; x_wconf 78' lang='lat' dir='ltr'><strong>Peiet</strong></span> <span class='ocrx_word' id='word_1_201' title='bbox 864 3273 998 3327; x_wconf 75' lang='lat' dir='ltr'><strong>uiiznuta</strong></span> <span class='ocrx_word' id='word_1_202' title='bbox 1025 3271 1069 3325; x_wconf 79' lang='lat' dir='ltr'><strong>Na</strong></span> <span class='ocrx_word' id='word_1_203' title='bbox 1087 3271 1158 3327; x_wconf 80' lang='lat' dir='ltr'><strong>rubo</strong></span> <span class='ocrx_word' id='word_1_204' title='bbox 1177 3270 1300 3341; x_wconf 76' lang='lat' dir='ltr'><strong>pozddjii</strong></span> <span class='ocrx_word' id='word_1_205' title='bbox 1317 3268 1392 3324; x_wconf 82' lang='lat' dir='ltr'><strong>mkou:</strong></span> 
     </span>
     <span class='ocr_line' id='line_1_25' title="bbox 132 3362 1394 3438; baseline -0.01 -13"><span class='ocrx_word' id='word_1_206' title='bbox 132 3371 259 3434; x_wconf 83' lang='lat' dir='ltr'><strong>„Sextum</strong></span> <span class='ocrx_word' id='word_1_207' title='bbox 284 3369 402 3424; x_wconf 84' lang='lat' dir='ltr'><strong>Joannis</strong></span> <span class='ocrx_word' id='word_1_208' title='bbox 429 3369 602 3438; x_wconf 80' lang='lat' dir='ltr'><strong>priuilegium</strong></span> <span class='ocrx_word' id='word_1_209' title='bbox 627 3385 699 3423; x_wconf 90' lang='lat' dir='ltr'><strong>anuo</strong></span> <span class='ocrx_word' id='word_1_210' title='bbox 728 3375 792 3423; x_wconf 78' lang='lat'>1342</span> <span class='ocrx_word' id='word_1_211' title='bbox 812 3385 871 3424; x_wconf 88' lang='lat' dir='ltr'><strong>vom</strong></span> <span class='ocrx_word' id='word_1_212' title='bbox 890 3368 1068 3423; x_wconf 80' lang='lat' dir='ltr'><strong>wnrffzinse.“</strong></span> <span class='ocrx_word' id='word_1_213' title='bbox 1088 3398 1121 3408; x_wconf 99' lang='lat'>-</span> <span class='ocrx_word' id='word_1_214' title='bbox 1139 3367 1319 3436; x_wconf 76' lang='lat' dir='ltr'><strong>Schlesinger,</strong></span> <span class='ocrx_word' id='word_1_215' title='bbox 1338 3362 1394 3417; x_wconf 84' lang='lat' dir='ltr'><strong>Fest-</strong></span> 
     </span>
     <span class='ocr_line' id='line_1_26' title="bbox 132 3461 1395 3522; baseline -0.006 -1"><span class='ocrx_word' id='word_1_216' title='bbox 132 3466 229 3522; x_wconf 84' lang='lat' dir='ltr'><strong>schrift</strong></span> <span class='ocrx_word' id='word_1_217' title='bbox 252 3465 301 3520; x_wconf 86' lang='lat' dir='ltr'><strong>des</strong></span> <span class='ocrx_word' id='word_1_218' title='bbox 319 3464 436 3519; x_wconf 87' lang='lat' dir='ltr'><strong>Vereins</strong></span> <span class='ocrx_word' id='word_1_219' title='bbox 461 3464 478 3518; x_wconf 85' lang='lat' dir='ltr'><strong>f.</strong></span> <span class='ocrx_word' id='word_1_220' title='bbox 504 3465 601 3518; x_wconf 89' lang='lat' dir='ltr'><strong>Gesch.</strong></span> <span class='ocrx_word' id='word_1_221' title='bbox 621 3464 648 3521; x_wconf 90' lang='lat' dir='ltr'><strong>d.</strong></span> <span class='ocrx_word' id='word_1_222' title='bbox 666 3464 699 3517; x_wconf 91' lang='lat' dir='ltr'><strong>D.</strong></span> <span class='ocrx_word' id='word_1_223' title='bbox 717 3465 745 3518; x_wconf 92' lang='lat' dir='ltr'><strong>in</strong></span> <span class='ocrx_word' id='word_1_224' title='bbox 767 3465 797 3517; x_wconf 91' lang='lat' dir='ltr'><strong>B.</strong></span> <span class='ocrx_word' id='word_1_225' title='bbox 821 3480 881 3518; x_wconf 82' lang='lat' dir='ltr'><strong>vom</strong></span> <span class='ocrx_word' id='word_1_226' title='bbox 902 3465 928 3519; x_wconf 82' lang='lat' dir='ltr'><strong>J.</strong></span> <span class='ocrx_word' id='word_1_227' title='bbox 953 3470 1016 3518; x_wconf 78' lang='lat'>1871</span> <span class='ocrx_word' id='word_1_228' title='bbox 1043 3469 1090 3518; x_wconf 90' lang='lat' dir='ltr'><strong>str.</strong></span> <span class='ocrx_word' id='word_1_229' title='bbox 1109 3468 1143 3517; x_wconf 83' lang='grc'><strong>48</strong></span> <span class='ocrx_word' id='word_1_230' title='bbox 1168 3461 1345 3519; x_wconf 80' lang='lat' dir='ltr'><strong>aStadtbnch</strong></span> <span class='ocrx_word' id='word_1_231' title='bbox 1358 3468 1395 3509; x_wconf 76' lang='lat' dir='ltr'><strong>ui</strong></span> 
     </span>
     <span class='ocr_line' id='line_1_27' title="bbox 131 3550 1396 3628; baseline -0.006 -13"><span class='ocrx_word' id='word_1_232' title='bbox 131 3562 206 3617; x_wconf 81' lang='lat' dir='ltr'><strong>uror</strong></span> <span class='ocrx_word' id='word_1_233' title='bbox 226 3561 248 3616; x_wconf 80' lang='lat' dir='ltr'><strong>t.</strong></span> <span class='ocrx_word' id='word_1_234' title='bbox 269 3568 308 3615; x_wconf 79' lang='lat' dir='ltr'><strong>sa.</strong></span> <span class='ocrx_word' id='word_1_235' title='bbox 328 3591 363 3600; x_wconf 94' lang='lat'><em>-</em></span> <span class='ocrx_word' id='word_1_236' title='bbox 380 3561 483 3627; x_wconf 74' lang='lat' dir='ltr'><strong>Emicr,</strong></span> <span class='ocrx_word' id='word_1_237' title='bbox 510 3560 630 3628; x_wconf 80' lang='lat' dir='ltr'><strong>Rogeata</strong></span> <span class='ocrx_word' id='word_1_238' title='bbox 648 3560 693 3613; x_wconf 82' lang='lat' dir='ltr'><strong>lv,</strong></span> <span class='ocrx_word' id='word_1_239' title='bbox 712 3559 733 3614; x_wconf 78' lang='lat' dir='ltr'><strong>o.</strong></span> <span class='ocrx_word' id='word_1_240' title='bbox 756 3567 829 3614; x_wconf 82' lang='lat' dir='ltr'><strong>roso.</strong></span> <span class='ocrx_word' id='word_1_241' title='bbox 849 3591 882 3599; x_wconf 92' lang='lat'>-</span> <span class='ocrx_word' id='word_1_242' title='bbox 900 3559 973 3613; x_wconf 84' lang='lat' dir='ltr'><strong>obec</strong></span> <span class='ocrx_word' id='word_1_243' title='bbox 999 3558 1144 3614; x_wconf 73' lang='lat' dir='ltr'><strong>Mostedd</strong></span> <span class='ocrx_word' id='word_1_244' title='bbox 1170 3558 1243 3612; x_wconf 80' lang='lat' dir='ltr'><strong>mois</strong></span> <span class='ocrx_word' id='word_1_245' title='bbox 1266 3563 1326 3611; x_wconf 78' lang='lat' dir='ltr'><strong>rto</strong></span> <span class='ocrx_word' id='word_1_246' title='bbox 1344 3550 1396 3607; x_wconf 76' lang='lat' dir='ltr'><strong>debr</strong></span> 
     </span>
     <span class='ocr_line' id='line_1_28' title="bbox 131 3647 1396 3727; baseline -0.007 -16"><span class='ocrx_word' id='word_1_247' title='bbox 131 3660 175 3711; x_wconf 79' lang='lat' dir='ltr'><strong>tet</strong></span> <span class='ocrx_word' id='word_1_248' title='bbox 203 3673 286 3727; x_wconf 83' lang='lat' dir='ltr'><strong>spory</strong></span> <span class='ocrx_word' id='word_1_249' title='bbox 311 3657 493 3712; x_wconf 77' lang='lat' dir='ltr'><strong>strictitatem</strong></span> <span class='ocrx_word' id='word_1_250' title='bbox 512 3655 698 3725; x_wconf 71' lang='lat' dir='ltr'><strong>zcierazskym</strong></span> <span class='ocrx_word' id='word_1_251' title='bbox 718 3673 733 3710; x_wconf 96' lang='lat' dir='ltr'><strong>o</strong></span> <span class='ocrx_word' id='word_1_252' title='bbox 752 3659 838 3725; x_wconf 77' lang='lat' dir='ltr'><strong>prava</strong></span> <span class='ocrx_word' id='word_1_253' title='bbox 867 3655 1069 3724; x_wconf 81' lang='lat' dir='ltr'><strong>kpozemirdnr</strong></span> <span class='ocrx_word' id='word_1_254' title='bbox 1101 3653 1194 3709; x_wconf 84' lang='lat' dir='ltr'><strong>kolem</strong></span> <span class='ocrx_word' id='word_1_255' title='bbox 1213 3655 1312 3719; x_wconf 77' lang='lat' dir='ltr'><strong>mesta,</strong></span> <span class='ocrx_word' id='word_1_256' title='bbox 1336 3647 1396 3704; x_wconf 77' lang='lat' dir='ltr'><strong>ncbtl</strong></span> 
     </span>
     <span class='ocr_line' id='line_1_29' title="bbox 134 3746 1395 3821; baseline -0.004 -14"><span class='ocrx_word' id='word_1_257' title='bbox 134 3752 304 3819; x_wconf 81' lang='lat' dir='ltr'><strong>„Fridericus</strong></span> <span class='ocrx_word' id='word_1_258' title='bbox 333 3753 459 3821; x_wconf 90' lang='lat' dir='ltr'><strong>publicus</strong></span> <span class='ocrx_word' id='word_1_259' title='bbox 489 3753 630 3806; x_wconf 74' lang='lat' dir='ltr'><strong>notarius¹⁴</strong></span> <span class='ocrx_word' id='word_1_260' title='bbox 662 3751 708 3821; x_wconf 85' lang='lat' dir='ltr'><strong>byl</strong></span> <span class='ocrx_word' id='word_1_261' title='bbox 737 3768 826 3806; x_wconf 89' lang='lat' dir='ltr'><strong>nucen</strong></span> <span class='ocrx_word' id='word_1_262' title='bbox 856 3750 924 3821; x_wconf 81' lang='lat' dir='ltr'><strong>pied</strong></span> <span class='ocrx_word' id='word_1_263' title='bbox 955 3750 1120 3804; x_wconf 84' lang='lat' dir='ltr'><strong>duchornim</strong></span> <span class='ocrx_word' id='word_1_264' title='bbox 1149 3749 1265 3804; x_wconf 87' lang='lat' dir='ltr'><strong>soudem</strong></span> <span class='ocrx_word' id='word_1_265' title='bbox 1294 3767 1309 3802; x_wconf 85' lang='lat' dir='ltr'>v</span> <span class='ocrx_word' id='word_1_266' title='bbox 1333 3746 1395 3801; x_wconf 68' lang='lat' dir='ltr'><strong>prus</strong></span> 
     </span>
     <span class='ocr_line' id='line_1_30' title="bbox 134 3834 1396 3917; baseline -0.004 -16"><span class='ocrx_word' id='word_1_267' title='bbox 134 3855 166 3901; x_wconf 77' lang='lat' dir='ltr'><strong>id</strong></span> <span class='ocrx_word' id='word_1_268' title='bbox 183 3851 242 3902; x_wconf 71' lang='lat' dir='ltr'><strong>adii</strong></span> <span class='ocrx_word' id='word_1_269' title='bbox 255 3853 321 3901; x_wconf 74' lang='lat'><strong>1344</strong></span> <span class='ocrx_word' id='word_1_270' title='bbox 339 3848 491 3917; x_wconf 64' lang='lat' dir='ltr'><strong>probitati,</strong></span> <span class='ocrx_word' id='word_1_271' title='bbox 510 3850 542 3901; x_wconf 85' lang='lat' dir='ltr'><strong>te</strong></span> <span class='ocrx_word' id='word_1_272' title='bbox 559 3847 679 3901; x_wconf 82' lang='lat' dir='ltr'><strong>zhotovii</strong></span> <span class='ocrx_word' id='word_1_273' title='bbox 706 3864 772 3916; x_wconf 79' lang='lat' dir='ltr'><strong>„per</strong></span> <span class='ocrx_word' id='word_1_274' title='bbox 790 3847 975 3915; x_wconf 78' lang='lat' dir='ltr'><strong>ignoraneiam</strong></span> <span class='ocrx_word' id='word_1_275' title='bbox 990 3845 1061 3913; x_wconf 89' lang='lat' dir='ltr'><strong>juris</strong></span> <span class='ocrx_word' id='word_1_276' title='bbox 1079 3850 1108 3899; x_wconf 86' lang='lat' dir='ltr'><strong>et</strong></span> <span class='ocrx_word' id='word_1_277' title='bbox 1124 3843 1191 3898; x_wconf 83' lang='lat' dir='ltr'><strong>faeti</strong></span> <span class='ocrx_word' id='word_1_278' title='bbox 1209 3844 1274 3898; x_wconf 91' lang='lat' dir='ltr'><strong>oiim</strong></span> <span class='ocrx_word' id='word_1_279' title='bbox 1297 3841 1329 3897; x_wconf 80' lang='lat' dir='ltr'><strong>sd</strong></span> <span class='ocrx_word' id='word_1_280' title='bbox 1347 3834 1396 3909; x_wconf 73' lang='lat' dir='ltr'><strong>peti·</strong></span> 
     </span>
     <span class='ocr_line' id='line_1_31' title="bbox 132 3939 1397 4013; baseline -0.01 -14"><span class='ocrx_word' id='word_1_281' title='bbox 132 3946 237 3999; x_wconf 88' lang='lat' dir='ltr'><strong>cionem</strong></span> <span class='ocrx_word' id='word_1_282' title='bbox 252 3943 353 4013; x_wconf 83' lang='lat' dir='ltr'><strong>judicis</strong></span> <span class='ocrx_word' id='word_1_283' title='bbox 372 3952 400 3996; x_wconf 92' lang='lat' dir='ltr'><strong>et</strong></span> <span class='ocrx_word' id='word_1_284' title='bbox 414 3944 568 4011; x_wconf 88' lang='lat' dir='ltr'><strong>juratorum</strong></span> <span class='ocrx_word' id='word_1_285' title='bbox 596 3943 797 3997; x_wconf 87' lang='lat' dir='ltr'><strong>communitatis</strong></span> <span class='ocrx_word' id='word_1_286' title='bbox 823 3941 916 4013; x_wconf 90' lang='lat' dir='ltr'><strong>oppidi</strong></span> <span class='ocrx_word' id='word_1_287' title='bbox 934 3939 1081 3995; x_wconf 85' lang='lat' dir='ltr'><strong>Ponteneis</strong></span> <span class='ocrx_word' id='word_1_288' title='bbox 1102 3939 1242 4010; x_wconf 81' lang='lat' dir='ltr'><strong>publicum</strong></span> <span class='ocrx_word' id='word_1_289' title='bbox 1261 3940 1397 3993; x_wconf 75' lang='lat' dir='ltr'><strong>matronen-</strong></span> 
     </span>
     <span class='ocr_line' id='line_1_32' title="bbox 132 4029 1399 4109; baseline -0.009 -15"><span class='ocrx_word' id='word_1_290' title='bbox 132 4050 197 4107; x_wconf 89' lang='lat' dir='ltr'><strong>tum,</strong></span> <span class='ocrx_word' id='word_1_291' title='bbox 225 4041 253 4093; x_wconf 91' lang='lat' dir='ltr'><strong>in</strong></span> <span class='ocrx_word' id='word_1_292' title='bbox 280 4058 333 4109; x_wconf 87' lang='lat' dir='ltr'><strong>qno</strong></span> <span class='ocrx_word' id='word_1_293' title='bbox 359 4041 523 4106; x_wconf 87' lang='lat' dir='ltr'><strong>continetur,</strong></span> <span class='ocrx_word' id='word_1_294' title='bbox 551 4040 624 4109; x_wconf 87' lang='lat' dir='ltr'><strong>quod</strong></span> <span class='ocrx_word' id='word_1_295' title='bbox 650 4041 704 4109; x_wconf 90' lang='lat' dir='ltr'><strong>ipsi</strong></span> <span class='ocrx_word' id='word_1_296' title='bbox 728 4040 802 4093; x_wconf 88' lang='lat' dir='ltr'><strong>ciues</strong></span> <span class='ocrx_word' id='word_1_297' title='bbox 823 4039 883 4092; x_wconf 91' lang='lat' dir='ltr'><strong>siue</strong></span> <span class='ocrx_word' id='word_1_298' title='bbox 907 4035 1039 4107; x_wconf 88' lang='lat' dir='ltr'><strong>oppidani</strong></span> <span class='ocrx_word' id='word_1_299' title='bbox 1062 4033 1182 4105; x_wconf 85' lang='lat' dir='ltr'><strong>predicti</strong></span> <span class='ocrx_word' id='word_1_300' title='bbox 1207 4034 1294 4089; x_wconf 87' lang='lat' dir='ltr'><strong>libere</strong></span> <span class='ocrx_word' id='word_1_301' title='bbox 1315 4029 1399 4102; x_wconf 79' lang='lat' dir='ltr'><strong>possint</strong></span> 
     </span>
     <span class='ocr_line' id='line_1_33' title="bbox 134 4118 1401 4202; baseline -0.012 -11"><span class='ocrx_word' id='word_1_302' title='bbox 134 4154 223 4191; x_wconf 74' lang='lat' dir='ltr'><strong>eiicere</strong></span> <span class='ocrx_word' id='word_1_303' title='bbox 237 4137 310 4189; x_wconf 89' lang='lat' dir='ltr'><strong>bona</strong></span> <span class='ocrx_word' id='word_1_304' title='bbox 323 4143 349 4190; x_wconf 95' lang='lat' dir='ltr'><strong>et</strong></span> <span class='ocrx_word' id='word_1_305' title='bbox 363 4136 530 4190; x_wconf 87' lang='lat' dir='ltr'><strong>hereditates</strong></span> <span class='ocrx_word' id='word_1_306' title='bbox 549 4136 750 4190; x_wconf 89' lang='lat' dir='ltr'><strong>honorabilium</strong></span> <span class='ocrx_word' id='word_1_307' title='bbox 769 4135 887 4189; x_wconf 85' lang='lat' dir='ltr'><strong>virorum</strong></span> <span class='ocrx_word' id='word_1_308' title='bbox 905 4131 1041 4202; x_wconf 87' lang='lat' dir='ltr'><strong>prepositi</strong></span> <span class='ocrx_word' id='word_1_309' title='bbox 1054 4137 1082 4186; x_wconf 88' lang='lat' dir='ltr'><strong>et</strong></span> <span class='ocrx_word' id='word_1_310' title='bbox 1093 4135 1249 4188; x_wconf 85' lang='lat' dir='ltr'><strong>conuentus</strong></span> <span class='ocrx_word' id='word_1_311' title='bbox 1268 4118 1401 4184; x_wconf 80' lang='lat' dir='ltr'><strong>monasterii</strong></span> 
     </span>
     <span class='ocr_line' id='line_1_34' title="bbox 132 4217 1402 4300; baseline -0.012 -13"><span class='ocrx_word' id='word_1_312' title='bbox 132 4232 335 4297; x_wconf 82' lang='lat' dir='ltr'><strong>Sderasiensis3</strong></span> <span class='ocrx_word' id='word_1_313' title='bbox 354 4232 417 4284; x_wconf 90' lang='lat' dir='ltr'><strong>item</strong></span> <span class='ocrx_word' id='word_1_314' title='bbox 437 4230 511 4299; x_wconf 84' lang='lat' dir='ltr'><strong>quod</strong></span> <span class='ocrx_word' id='word_1_315' title='bbox 532 4247 637 4299; x_wconf 86' lang='lat' dir='ltr'><strong>pascua</strong></span> <span class='ocrx_word' id='word_1_316' title='bbox 654 4231 682 4285; x_wconf 93' lang='lat' dir='ltr'><strong>in</strong></span> <span class='ocrx_word' id='word_1_317' title='bbox 696 4230 801 4300; x_wconf 83' lang='lat' dir='ltr'><strong>Lysnilr</strong></span> <span class='ocrx_word' id='word_1_318' title='bbox 820 4228 893 4282; x_wconf 89' lang='lat' dir='ltr'><strong>licite</strong></span> <span class='ocrx_word' id='word_1_319' title='bbox 912 4227 1021 4298; x_wconf 90' lang='lat' dir='ltr'><strong>possint</strong></span> <span class='ocrx_word' id='word_1_320' title='bbox 1039 4233 1147 4291; x_wconf 90' lang='lat' dir='ltr'><strong>tenere;</strong></span> <span class='ocrx_word' id='word_1_321' title='bbox 1166 4225 1234 4279; x_wconf 90' lang='lat' dir='ltr'><strong>item</strong></span> <span class='ocrx_word' id='word_1_322' title='bbox 1252 4223 1322 4295; x_wconf 89' lang='lat' dir='ltr'><strong>quod</strong></span> <span class='ocrx_word' id='word_1_323' title='bbox 1338 4217 1402 4276; x_wconf 88' lang='lat' dir='ltr'><strong>homi·</strong></span> 
     </span>
     <span class='ocr_line' id='line_1_35' title="bbox 134 4320 1407 4395; baseline -0.003 -13"><span class='ocrx_word' id='word_1_324' title='bbox 134 4346 183 4382; x_wconf 90' lang='lat' dir='ltr'><strong>nes</strong></span> <span class='ocrx_word' id='word_1_325' title='bbox 202 4328 236 4380; x_wconf 88' lang='lat' dir='ltr'><strong>de</strong></span> <span class='ocrx_word' id='word_1_326' title='bbox 250 4328 314 4382; x_wconf 81' lang='lat' dir='ltr'><strong>viiia</strong></span> <span class='ocrx_word' id='word_1_327' title='bbox 328 4328 524 4395; x_wconf 81' lang='lat' dir='ltr'><strong>chczesslay</strong></span> <span class='ocrx_word' id='word_1_328' title='bbox 536 4326 656 4381; x_wconf 91' lang='lat' dir='ltr'><strong>debeant</strong></span> <span class='ocrx_word' id='word_1_329' title='bbox 674 4326 708 4379; x_wconf 90' lang='lat' dir='ltr'><strong>ad</strong></span> <span class='ocrx_word' id='word_1_330' title='bbox 720 4325 852 4393; x_wconf 89' lang='lat' dir='ltr'><strong>judicium</strong></span> <span class='ocrx_word' id='word_1_331' title='bbox 871 4323 990 4378; x_wconf 86' lang='lat' dir='ltr'><strong>ciuitatis</strong></span> <span class='ocrx_word' id='word_1_332' title='bbox 1004 4321 1126 4388; x_wconf 81' lang='lat' dir='ltr'><strong>euocari3</strong></span> <span class='ocrx_word' id='word_1_333' title='bbox 1144 4321 1212 4376; x_wconf 90' lang='lat' dir='ltr'><strong>item</strong></span> <span class='ocrx_word' id='word_1_334' title='bbox 1225 4320 1298 4390; x_wconf 90' lang='lat' dir='ltr'><strong>qnod</strong></span> <span class='ocrx_word' id='word_1_335' title='bbox 1309 4326 1407 4390; x_wconf 70' lang='lat' dir='ltr'><strong>pratum</strong></span> 
     </span>
     <span class='ocr_line' id='line_1_36' title="bbox 135 4411 1409 4490; baseline -0.011 -10"><span class='ocrx_word' id='word_1_336' title='bbox 135 4427 216 4480; x_wconf 88' lang='lat' dir='ltr'><strong>situm</strong></span> <span class='ocrx_word' id='word_1_337' title='bbox 230 4424 404 4478; x_wconf 79' lang='lat' dir='ltr'><strong>intercilium</strong></span> <span class='ocrx_word' id='word_1_338' title='bbox 419 4431 446 4476; x_wconf 87' lang='lat' dir='ltr'><strong>et</strong></span> <span class='ocrx_word' id='word_1_339' title='bbox 463 4423 566 4477; x_wconf 86' lang='lat' dir='ltr'><strong>flumen</strong></span> <span class='ocrx_word' id='word_1_340' title='bbox 584 4422 715 4490; x_wconf 88' lang='lat' dir='ltr'><strong>Belynam</strong></span> <span class='ocrx_word' id='word_1_341' title='bbox 734 4421 834 4475; x_wconf 89' lang='lat' dir='ltr'><strong>debeat</strong></span> <span class='ocrx_word' id='word_1_342' title='bbox 848 4418 883 4473; x_wconf 87' lang='lat' dir='ltr'><strong>ad</strong></span> <span class='ocrx_word' id='word_1_343' title='bbox 901 4416 1122 4473; x_wconf 80' lang='lat' dir='ltr'><strong>communitatem</strong></span> <span class='ocrx_word' id='word_1_344' title='bbox 1140 4417 1264 4472; x_wconf 80' lang='lat' dir='ltr'><strong>ciuitatis</strong></span> <span class='ocrx_word' id='word_1_345' title='bbox 1281 4411 1409 4471; x_wconf 86' lang='lat' dir='ltr'><strong>Pontensir</strong></span> 
     </span>
     <span class='ocr_line' id='line_1_37' title="bbox 135 4508 1413 4592; baseline -0.01 -18"><span class='ocrx_word' id='word_1_346' title='bbox 135 4521 285 4592; x_wconf 78' lang='lat' dir='ltr'><strong>pertinere,</strong></span> <span class='ocrx_word' id='word_1_347' title='bbox 306 4521 368 4573; x_wconf 83' lang='lat' dir='ltr'><strong>item</strong></span> <span class='ocrx_word' id='word_1_348' title='bbox 388 4517 460 4587; x_wconf 79' lang='lat' dir='ltr'><strong>anod</strong></span> <span class='ocrx_word' id='word_1_349' title='bbox 474 4517 583 4588; x_wconf 84' lang='lat' dir='ltr'><strong>possint</strong></span> <span class='ocrx_word' id='word_1_350' title='bbox 596 4523 624 4569; x_wconf 91' lang='lat' dir='ltr'><strong>et</strong></span> <span class='ocrx_word' id='word_1_351' title='bbox 636 4515 755 4570; x_wconf 86' lang='lat' dir='ltr'><strong>debeant</strong></span> <span class='ocrx_word' id='word_1_352' title='bbox 772 4513 941 4569; x_wconf 84' lang='lat' dir='ltr'><strong>hereditates</strong></span> <span class='ocrx_word' id='word_1_353' title='bbox 954 4519 982 4567; x_wconf 91' lang='lat' dir='ltr'><strong>et</strong></span> <span class='ocrx_word' id='word_1_354' title='bbox 993 4512 1089 4567; x_wconf 88' lang='lat' dir='ltr'><strong>domos</strong></span> <span class='ocrx_word' id='word_1_355' title='bbox 1108 4512 1270 4568; x_wconf 78' lang='lat' dir='ltr'><strong>memoratis</strong></span> <span class='ocrx_word' id='word_1_356' title='bbox 1288 4508 1413 4583; x_wconf 83' lang='lat' dir='ltr'><strong>preposito</strong></span> 
     </span>
     <span class='ocr_line' id='line_1_38' title="bbox 137 4606 1418 4677; baseline -0.009 -6"><span class='ocrx_word' id='word_1_357' title='bbox 137 4624 164 4671; x_wconf 91' lang='lat' dir='ltr'><strong>et</strong></span> <span class='ocrx_word' id='word_1_358' title='bbox 187 4615 335 4669; x_wconf 82' lang='lat' dir='ltr'><strong>concentui</strong></span> <span class='ocrx_word' id='word_1_359' title='bbox 360 4630 449 4666; x_wconf 83' lang='lat' dir='ltr'><strong>coiere</strong></span> <span class='ocrx_word' id='word_1_360' title='bbox 468 4614 496 4666; x_wconf 93' lang='lat' dir='ltr'><strong>in</strong></span> <span class='ocrx_word' id='word_1_361' title='bbox 524 4611 597 4666; x_wconf 87' lang='lat' dir='ltr'><strong>dicta</strong></span> <span class='ocrx_word' id='word_1_362' title='bbox 616 4611 681 4664; x_wconf 85' lang='lat' dir='ltr'><strong>villa</strong></span> <span class='ocrx_word' id='word_1_363' title='bbox 700 4608 917 4677; x_wconf 79' lang='lat' dir='ltr'><strong>il&#39;enrzesslay.“</strong></span> <span class='ocrx_word' id='word_1_364' title='bbox 956 4607 1066 4674; x_wconf 65' lang='lat' dir='ltr'><strong>‘Emlen</strong></span> <span class='ocrx_word' id='word_1_365' title='bbox 1094 4606 1323 4676; x_wconf 70' lang='lat' dir='ltr'><strong>negociatus.</strong></span> <span class='ocrx_word' id='word_1_366' title='bbox 1343 4608 1418 4673; x_wconf 78' lang='lat' dir='ltr'><strong>titul.</strong></span> 
     </span>
    </p>
   </div>
   <div class='ocr_carea' id='block_1_5' title="bbox 0 0 1568 5392">
    <p class='ocr_par' dir='ltr' id='par_1_5' title="bbox 0 0 1568 5392">
     <span class='ocr_line' id='line_1_39' title="bbox 0 0 1568 5392; baseline 0 0"><span class='ocrx_word' id='word_1_367' title='bbox 0 0 1568 5392; x_wconf 95' lang='lat' dir='ltr'><strong> </strong></span> 
     </span>
    </p>
   </div>
  </div>
 </body>
</html>
