3098 5392
680 476 756 529 140¹.
1298 479 1366 544 965

10 700 15 707 ·
67 681 163 737 leel
190 698 224 736 ra
249 683 378 753 ntpisem
406 679 536 746 „ciuitati
561 680 695 736 Pentensi
721 696 806 752 super
832 681 962 737 censibus
990 678 1132 736 soluendis
1161 682 1366 739 marchionibus

10 774 17 806 ’-
66 776 258 834 Misneusibus
271 783 337 832 etc.“
347 777 438 833 -Dle
450 776 568 848 registcr
579 776 676 847 rapisti
688 776 874 846 lrrtlorslrych
886 794 901 831 a
915 794 936 831 r.
952 783 1018 831 1454
1031 776 1127 846 sapsal
1139 777 1202 831 lrrtl
1213 778 1316 834 Vtclar
1328 780 1367 833 IV

10 892 16 902 ·
67 872 263 941 rposlednicb
291 873 381 928 letech
410 871 495 929 erebo
522 875 662 944 ponerint
689 874 810 927 urerent
833 875 915 927 Anne
941 871 1083 940 aKoldic,
1109 874 1249 928 mantelce
1274 872 1366 945 ndlrdy

66 969 225 1023 nrozeneho
250 968 337 1024 Borie
355 987 370 1022 n
388 967 574 1037 Risenburka,
600 967 635 1023 do
656 968 746 1038 jajilro
771 970 862 1024 iirota
889 973 922 1024 80
941 969 1006 1039 lrop.
1025 985 1064 1038 gr.
1089 968 1203 1025 rodniho
1228 970 1307 1042 plain
1331 987 1367 1026 na

67 1063 155 1117 mesre
180 1063 275 1118 Mostn
302 1078 320 1116 a
343 1063 470 1133 pilktzal
495 1062 680 1134 „purgmistru
705 1062 889 1119 alronieldm
913 1063 995 1118 tebet
1013 1065 1104 1138 mesta
1120 1065 1224 1132 Mostu‚
1251 1066 1304 1137 aby
1322 1068 1365 1120 tei

65 1161 148 1213 Anne
172 1158 305 1214 zKoldic
330 1158 393 1214 tech
411 1164 444 1215 60
463 1158 519 1231 lrop
539 1174 578 1229 gr.
597 1156 710 1214 robnssro
729 1158 808 1229 platu
834 1157 963 1229 rydtrali
980 1158 1015 1215 do
1029 1159 1118 1228 jejiho
1136 1160 1252 1216 dirota‘t
1286 1161 1366 1232 Listy

65 1260 97 1323 ty
115 1254 225 1309 oktzali
243 1271 263 1308 r.
278 1259 346 1309 1464
365 1257 510 1310 submorni
528 1253 630 1309 lromisi
647 1253 733 1309 Burei
747 1271 763 1308 a
776 1253 870 1309 Oseku
888 1252 1002 1310 aleielr
1013 1272 1029 1308 z
1041 1253 1141 1310 Koldic
1154 1257 1235 1326 spolu
1247 1273 1261 1311 s
1272 1257 1365 1312 listem

64 1348 153 1403 dobre
179 1350 240 1403 vile
267 1348 303 1405 od
329 1349 492 1421 nadepsene
515 1353 596 1421 Anny
620 1349 753 1405 aKoldic
772 1350 824 1419 jirn
848 1367 885 1405 na
903 1357 931 1420 ty
949 1350 1014 1420 listy
1038 1349 1164 1419 sredbici,
1190 1351 1365 1421 dokltdajice

65 1447 115 1512 „de
129 1447 188 1514 jest
205 1452 239 1501 ³6
256 1447 296 1500 let
313 1446 390 1518 (tedy
409 1447 444 1502 od
462 1464 484 1501 r.
506 1449 583 1515 ¹418)
609 1446 671 1501 lech
696 1447 822 1502 uroluov
847 1463 884 1502 na
908 1454 937 1518 ty
954 1446 1020 1515 listy
1046 1446 1082 1501 od
1101 1447 1262 1517 Mostslrich
1281 1448 1364 1503 neda·

64 1543 153 1596 rtno“
174 1542 286 1610 (Archiv
303 1525 394 1614 (leski
411 1542 438 1597 11
456 1551 504 1598 str.
523 1547 594 1612 4⁷8).

655 1798 720 1882 dis.
745 1816 817 1884 746.
908 1888 911 1894 ,

450 1996 552 2086 1401,
574 2000 618 2072 17
640 2022 766 2092 srpna.
791 2006 825 2075 V
846 1998 976 2076 Prone.
1107 2042 1111 2051 ,

58 2195 151 2262 Krec
172 2195 285 2262 Vdcloo
308 2197 330 2260 l
335 2196 362 2257 V
376 2194 555 2281 oscobenq'c
575 2198 720 2281 mddtcny
742 2195 934 2264 Kour'imskc'
955 2197 995 2262 od
1014 2198 1143 2279 placeri
1170 2198 1260 2263 berni
1281 2220 1302 2264 o
1312 2199 1362 2283 ji-

493 2310 573 2396 uy'cb
589 2313 689 2396 ploti
708 2333 753 2377 na
776 2311 836 2378 dud
855 2312 927 2379 leta.
990 2344 992 2348 ·

165 2502 376 2571 Wenceslaue
397 2541 441 2551 -
463 2509 575 2573 nutum
607 2505 745 2572 iacimus
768 2512 840 2587 etc,
872 2506 957 2591 qued
979 2507 1184 2572 attendentes
1215 2512 1307 2590 grata
1329 2512 1363 2572 et

58 2615 173 2685 fidelia
195 2617 337 2685 seruicia
358 2618 453 2686 nobis
475 2637 533 2700 per
554 2621 749 2703 magistrum
770 2620 903 2701 ciuium,
934 2620 1083 2688 consules
1102 2620 1241 2703 jnratos,
1271 2621 1361 2686 ciues

55 2734 224 2814 totamque
257 2732 518 2802 communitatem
541 2733 686 2801 ciuitatis
711 2734 914 2802 Gurimensis
944 2769 985 2780 -
1011 2734 1159 2817 impensa
1180 2770 1241 2814 -,
1271 2734 1361 2817 ipsos

55 2851 93 2911 et
115 2862 226 2914 eorum
248 2845 416 2913 ciuitatem
446 2846 487 2913 ab
509 2847 657 2915 omnibus
681 2853 715 2913 et
736 2847 875 2931 singulis
910 2846 1055 2931 angariis
1085 2852 1118 2914 et
1147 2847 1361 2929 perangariis,

55 2957 214 3040 collectis,
237 2958 373 3041 sternis,
396 2958 515 3042 bernis,
539 2961 776 3043 exaccionibus‚
799 2960 1066 3044 imposicionibus
1093 2979 1152 3027 seu
1174 2961 1250 3027 aliis
1274 2961 1360 3027 solu·

54 3073 207 3140 sionibus
235 3074 481 3159 quibuscunque
510 3080 630 3158 nostro,
660 3077 815 3144 heredum
845 3081 879 3142 et
909 3095 1132 3144 successorum
1163 3079 1358 3154 nostrorum,

54 3204 173 3269 regum
201 3187 345 3269 Boemie‚
376 3188 506 3255 nomine
528 3225 571 3236 —
594 3188 793 3271 libertamus,
816 3189 927 3256 taliter
960 3189 1123 3270 videlicet,
1158 3195 1194 3254 ut
1223 3188 1361 3271 predicti

53 3301 214 3382 magister
244 3301 376 3384 ciuium,
406 3303 556 3370 consules
585 3308 718 3387 totaque
747 3305 960 3370 communitas
986 3303 1131 3370 ciuitatis
1157 3302 1360 3368 Gurimensie

55 3413 270 3497 predicte-
292 3434 312 3481 a
334 3415 417 3482 festo
449 3417 553 3482 sancti
576 3416 710 3483 Martini
739 3421 874 3485 venturo
897 3418 1042 3501 proxime
1071 3435 1131 3500 per
1153 3415 1234 3482 duos
1257 3432 1359 3480 annus

54 3527 211 3594 continue
240 3545 277 3593 se
307 3534 478 3611 sequentes
511 3528 551 3595 ab
582 3529 767 3596 huiusmodi
797 3530 916 3611 bernis,
952 3531 1071 3596 eteuris
1095 3547 1151 3595 seu
1175 3527 1359 3611 imposicio-

53 3638 155 3707 nibus
187 3639 281 3708 liberi
315 3658 388 3707 esse
420 3642 560 3709 debeant
590 3643 721 3725 penitus
751 3646 785 3708 et
815 3643 965 3726 exempti,
999 3642 1150 3726 quodque
1176 3660 1238 3707 non
1262 3641 1360 3706 liceat

53 3753 208 3834 cuiquam
238 3751 427 3821 officialium
459 3759 642 3821 nostrorum
665 3792 707 3802 —
729 3755 894 3837 predictos
915 3753 1027 3823 fideles
1050 3760 1180 3822 nostros
1207 3753 1249 3819 ad
1272 3753 1358 3818 soln-

53 3867 184 3937 ciouem
216 3866 398 3950 bernarum,
435 3872 618 3934 sternarum
653 3885 711 3933 seu
744 3867 992 3950 imposicionem
1025 3866 1212 3933 huiusmodi
1248 3864 1358 3946 spacio

53 3980 193 4046 durante
224 3979 369 4061 predicto
400 3980 516 4061 quauis
548 3981 717 4047 occasione
751 3981 880 4063 quesita
902 3980 1094 4063 compellere
1118 3976 1358 4061 quomodolibet

53 4097 116 4158 aut
137 4097 307 4160 antestare.
351 4093 538 4159 Inhibemua
569 4094 670 4176 igitur
701 4095 941 4161 subcamerario
971 4095 1064 4176 regni
1088 4093 1191 4159 nostri
1214 4090 1360 4170 Boemie‚-

51 4206 113 4289 qui
134 4224 220 4274 nunc
235 4211 286 4272 est
300 4212 358 4273 aut
371 4208 427 4290 qui
443 4225 502 4289 pro
516 4213 662 4289 tempore
676 4207 785 4288 fuerit,
801 4226 838 4274 ac
855 4208 973 4273 ceteris
988 4207 1083 4290 regni
1097 4210 1208 4272 nostre
1223 4203 1357 4270 Boemie

51 4319 196 4386 subditis
218 4324 252 4385 et
273 4318 423 4387 fidelibus
445 4319 581 4386 firmiter
604 4327 637 4387 ct
659 4320 817 4401 districte,
840 4338 882 4385 ne
904 4320 1049 4403 prefatos
1066 4321 1155 4386 ciues
1178 4322 1211 4385 et
1234 4317 1357 4384 incolas

51 4432 201 4498 ciuitatis
236 4433 439 4500 Gurimensis
474 4435 619 4517 predicte
654 4434 695 4500 ad
727 4436 925 4501 solucionem
957 4434 1140 4513 bemamm,
1176 4435 1356 4497 steururum

51 4565 113 4613 seu
136 4547 338 4614 solucionum
353 4548 569 4630 quarumlibet
584 4549 776 4631 compellere
792 4568 851 4615 seu
865 4555 1029 4614 arrestare
1044 4548 1243 4631 presumant,
1266 4544 1355 4625 quin·

50 4657 168 4741 pocius
191 4659 280 4740 ipsos
309 4661 370 4727 sub
393 4660 543 4727 libertate
565 4662 647 4743 ipsis
670 4681 728 4742 per
751 4681 809 4728 nos
831 4662 919 4729 iacta
941 4661 1061 4727 liberos
1084 4665 1118 4725 et
1139 4659 1267 4740 quietos
1289 4674 1356 4722 me·
