3150 5378
742 443 818 492 nece.
1398 438 1420 504 5

144 647 333 717 jurejurans
360 664 393 703 ac
408 647 546 701 uniuersis
574 646 681 700 ciuibus
698 645 944 700 Lnthimericensis
971 644 1092 699 ciuitatis
1119 643 1220 697 deueni
1242 641 1277 698 ad
1297 643 1373 714 pacis
1393 647 1420 698 et

145 743 263 798 concordie
286 745 416 797 monem
442 743 494 797 sub
513 742 696 797 obseruancia
722 741 829 796 illibata
855 740 1045 794 condicionum
1072 740 1301 809 subscriptarum:
1329 739 1420 816 Primo

145 840 265 894 rennnccio
279 838 441 907 juridieioni
460 837 620 892 conferendi
639 837 749 903 scolam,
776 837 800 890 si
819 853 900 905 quam
919 835 1048 890 haberem
1067 836 1112 889 uel
1131 835 1235 889 habere
1253 850 1375 904 possem,
1395 841 1422 886 et

143 931 167 986 de
179 934 256 989 libera
274 951 306 988 ac
324 935 411 1004 plena
426 933 569 988 voluntate
588 949 651 987 mea
669 931 799 997 concedo,
823 939 852 985 rt
871 931 986 1001 predicti
1007 930 1179 1002 parochiales
1198 922 1251 982 mei
1271 930 1347 983 ciues
1367 919 1421 982 Luss

140 1029 324 1085 tbinericenses
343 1031 389 1083 ius
409 1027 527 1097 eligendi
554 1035 687 1081 rectorem
714 1027 747 1081 ad
768 1029 890 1096 regimen
917 1028 991 1082 scole
1011 1027 1265 1081 Lnthomericensis
1293 1025 1422 1085 habeant,

140 1124 194 1179 sicot
210 1125 241 1179 ab
258 1126 376 1195 antiquo
401 1131 429 1178 et
447 1125 483 1178 ab
502 1124 590 1191 annis,
619 1125 665 1193 qui
683 1125 828 1178 memorari
856 1141 911 1178 non
927 1129 1056 1193 possunt,
1084 1129 1112 1176 et
1130 1130 1198 1192 aput
1225 1138 1302 1175 meos
1326 1134 1421 1174 omnes

140 1228 317 1287 antecessores,
334 1219 466 1273 videlicet
483 1227 605 1274 rectores
625 1220 740 1274 ecclesie
750 1219 875 1273 Omnium
888 1219 1049 1275 Sanctorum
1068 1221 1096 1273 in
1115 1218 1317 1282 Lnthomericz,
1335 1216 1422 1270 libere

139 1313 277 1381 habuerunt,
304 1331 360 1369 nec
384 1331 437 1384 per
459 1331 503 1368 me
529 1331 580 1368 nec
598 1331 648 1384 per
672 1315 741 1368 alias
766 1331 901 1383 personas
925 1315 1106 1384 iustigacione
1130 1331 1193 1369 mea
1212 1312 1340 1366 inductas
1359 1312 1421 1363 volo

138 1424 240 1480 mquam
257 1419 392 1481 repetere
410 1426 462 1464 uec
481 1410 651 1478 cogitacioue
669 1426 721 1464 nec
738 1410 822 1464 verbo
841 1410 974 1464 necfacto
993 1409 1124 1479 deinceps
1145 1408 1302 1478 aliqualiter
1319 1408 1348 1460 in
1360 1423 1422 1475 gra.

139 1506 334 1561 anonumum
354 1512 531 1575 attemptare.
548 1507 619 1559 ltem
638 1506 704 1574 quia
723 1506 866 1576 operarius
885 1505 984 1573 dignus
1004 1511 1047 1558 est
1065 1504 1193 1559 mercede
1212 1519 1271 1570 sua,
1290 1503 1420 1572 promitto

139 1602 217 1655 rectori
236 1602 312 1656 scole
329 1599 586 1654 Lnthomericensis
605 1600 722 1669 ydoneo,
742 1607 772 1655 nt
784 1616 845 1654 meo
864 1617 928 1654 coro
947 1617 1007 1654 cum
1027 1600 1085 1654 suis
1110 1600 1262 1654 scolaribus
1281 1597 1422 1652 deseruiat

139 1693 157 1747 in
173 1696 256 1752 officio
274 1697 379 1762 diuino,
399 1702 448 1750 aut
473 1712 611 1764 expensas
624 1697 651 1749 in
664 1712 762 1751 mensa
779 1712 841 1751 mea
858 1696 991 1750 decenter
1002 1702 1050 1750 aut
1062 1694 1230 1764 stipendium
1249 1693 1422 1760 condignum,

140 1807 180 1858 quo
198 1807 331 1861 expensas
353 1791 457 1862 poterit
475 1791 540 1844 alibi
558 1791 715 1844 conuenire.
742 1791 812 1844 Item
830 1793 865 1845 ob
884 1791 1061 1847 dileccionem
1089 1791 1273 1860 predictorum
1290 1791 1423 1841 ‘meorum

142 1886 325 1952 pmocbialinm,
343 1892 372 1940 rt
391 1885 518 1955 ampliori
537 1885 637 1939 affectu
654 1886 787 1940 honorem
805 1889 936 1957 parochie
953 1904 1012 1954 sne,
1038 1903 1099 1940 mee
1118 1885 1242 1952 ecclesie,
1261 1883 1376 1952 diligant
1396 1889 1424 1936 et

143 1979 165 2032 in
181 1981 340 2035 ccasiombns
360 1981 507 2036 ecclesiam
526 1980 651 2035 Omnium
670 1983 831 2037 Sanctorum
845 1985 906 2054 plus
919 1985 1059 2050 decorent,
1079 1989 1106 2037 et
1118 1989 1149 2036 ut
1161 1981 1292 2035 derebus
1306 1979 1423 2033 ecclesie

143 2075 233 2142 plenam
260 2077 381 2131 habeant
411 2076 597 2143 securitatem,
627 2077 655 2131 In
682 2077 743 2131 iure
773 2079 933 2147 perficiendi
963 2085 1186 2147 campanatorem
1216 2092 1278 2129 mee
1307 2074 1423 2128 ecclesie

142 2168 250 2226 Omnium
266 2169 428 2226 &umorum
447 2171 520 2225 bona
537 2172 606 2240 ipsis
626 2174 787 2242 obtempero
810 2173 960 2228 voluntate.
995 2173 1065 2227 Item
1086 2179 1260 2227 sacramenta
1278 2170 1423 2224 ccclesias-

140 2265 185 2321 tica
202 2267 319 2320 ommbns
339 2267 409 2320 meis
438 2267 641 2335 parochialibus
659 2273 716 2322 tam
735 2267 867 2323 diuitibus
895 2285 977 2338 quam
996 2269 1166 2338 pauperibus
1190 2267 1361 2336 temporibus
1380 2280 1423 2318 re-

140 2360 234 2428 quinitis
259 2363 317 2416 sine
342 2362 504 2416 extorsione
531 2363 647 2431 pecunie
674 2364 804 2432 promitto
822 2370 878 2418 tam
898 2381 948 2433 per
970 2380 1015 2417 me
1033 2379 1114 2432 quam
1143 2379 1193 2433 per
1210 2378 1286 2416 meos
1304 2360 1420 2415 vicarios

138 2457 285 2526 ministrare,
314 2457 389 2527 quod
409 2457 490 2520 absit,
518 2458 628 2527 penitus
655 2458 723 2512 nihil
748 2475 797 2528 pro
822 2459 875 2512 hiis
900 2476 934 2512 ex
952 2460 1012 2512 inre
1033 2465 1169 2528 repetere,
1198 2457 1247 2511 sed
1274 2471 1423 2525 repensam

136 2552 243 2620 ipsorum
268 2554 391 2609 arbitriIs
415 2552 589 2608 comendare.
625 2554 693 2607 ltem
718 2553 826 2623 siquid
850 2555 1004 2623 questionis
1028 2561 1117 2608 ortum
1142 2553 1226 2608 luerit
1244 2553 1317 2606 iuter
1335 2551 1422 2603 ciuem

135 2648 241 2719 aliquem
260 2658 289 2704 et
305 2666 351 2702 me
370 2654 418 2703 ant
442 2648 516 2701 iuter
532 2649 692 2716 magistrum
716 2650 791 2703 scole
810 2664 860 2703 seu
878 2651 998 2706 scolares
1023 2667 1089 2705 snos
1107 2649 1231 2704 edurum
1251 2655 1278 2701 et
1296 2663 1348 2712 me,
1367 2662 1423 2700 ma-

133 2744 207 2811 gistro
218 2746 321 2799 cimam
334 2743 452 2798 defferre
470 2744 541 2810 volo,
560 2745 606 2813 qui
619 2743 727 2798 duobus
740 2745 846 2799 ciuibus
865 2745 1015 2815 assumptis
1033 2746 1125 2811 dehet,
1143 2745 1167 2798 si
1180 2744 1288 2813 poterit,
1307 2741 1424 2795 difinire.

134 2838 173 2895 Sin
189 2848 289 2906 antem,
316 2846 384 2893 tunc
408 2839 475 2892 iuris
495 2838 591 2893 ordine
616 2847 727 2895 seruato
749 2845 846 2895 contra
871 2840 1077 2909 impugnantem
1102 2856 1146 2893 ma
1165 2847 1213 2893 aut
1230 2840 1291 2893 iura
1309 2834 1424 2890 ecclesie

134 2952 184 2987 mee
201 2935 349 3005 procedam
369 2933 459 3004 gladio
480 2935 625 3003 spirituali.
660 2937 728 2988 Item
748 2935 772 2990 si
790 2941 905 3005 propter
923 2935 1096 2989 concordiam
1115 2951 1175 2987 cum
1194 2934 1261 2986 meis
1282 2931 1423 3000 parochia·

133 3029 195 3084 libus
218 3033 246 3084 in
266 3031 391 3085 articulis
416 3030 581 3099 supradictis
609 3030 708 3084 factam
737 3048 753 3085 a
778 3031 892 3100 prelatis
916 3031 984 3083 meis
1011 3029 1126 3099 prefatis
1154 3029 1269 3091 clunibus,
1296 3025 1424 3077 videlicet

131 3125 215 3191 jodici,
228 3127 333 3194 juratis
353 3141 404 3178 seu
422 3125 608 3178 communitati
626 3125 880 3179 Lnthomericensis
899 3125 1018 3179 ciuitatis
1038 3125 1178 3193 quitquam
1198 3120 1364 3189 urauaminis
1384 3120 1424 3171 in-

134 3223 271 3287 cumberet,
289 3224 370 3291 ipsos
384 3222 513 3289 promitto
533 3221 652 3273 eximere
671 3222 743 3274 etin
763 3223 864 3276 talibus
883 3221 1087 3288 grauaminibns
1107 3225 1280 3287 supportare.
1298 3216 1335 3268 Vt
1353 3230 1423 3267 corn·

135 3319 228 3384 posicio
247 3319 299 3371 snb
319 3315 526 3369 condicionibus
546 3318 697 3385 pretaxatis
722 3317 794 3369 inter
817 3333 861 3369 me
880 3325 907 3369 et
925 3332 1001 3369 meos
1027 3315 1198 3384 parochiales
1221 3329 1271 3381 per
1288 3311 1360 3363 viros
1379 3326 1424 3362 oe·

135 3414 261 3467 natabiles
298 3411 510 3466 comendatores
543 3410 578 3464 de
601 3411 763 3465 Plescouiez
800 3419 827 3464 et
854 3410 889 3463 de
915 3411 1063 3465 Viscouicz
1083 3427 1132 3479 per
1159 3426 1201 3462 mc
1229 3405 1425 3461 inuiolabiliter

129 3509 364 3583 perpetuaretur
382 3507 517 3575 pereipiat
535 3506 690 3570 soliditatis,
710 3514 866 3574 presentem
885 3506 990 3561 literam
1017 3506 1188 3575 appensione
1208 3504 1366 3571 sigillorum,
1386 3500 1424 3551 vi-

134 3601 226 3655 delicet
245 3619 304 3656 meo
324 3602 414 3669 sigillo
434 3607 461 3654 et
480 3602 568 3667 sigillo
588 3601 789 3654 nomenclatoris
811 3601 846 3653 de
863 3601 1025 3654 Plescowicz
1045 3617 1151 3653 necnon
1171 3598 1260 3665 sigillo
1280 3595 1424 3650 ceruendu-

136 3699 197 3750 toris
215 3697 249 3750 de
266 3698 417 3751 Viscowiez
435 3697 623 3763 consignatam
649 3695 713 3748 dedi
733 3696 881 3764 predictam
907 3696 1079 3750 concordiam
1102 3701 1289 3748 attestantem.
1325 3693 1423 3745 Actum

136 3806 159 3845 et
175 3793 267 3847 datum
288 3810 362 3847 anno
381 3792 485 3845 domini
501 3791 543 3842 ll‘l
560 3791 616 3845 00⁰
635 3791 767 3845 xcvsslc
787 3791 902 3848 (blindni
923 3792 989 3858 jsou
1008 3791 1058 3843 zcle
1077 3790 1268 3843 komendatoii
1291 3787 1359 3842 indu
1377 3787 1425 3840 Jo-

136 3888 312 3943 haunitalceho
331 3887 549 3940 vPloskoricielr
569 3904 585 3939 a
597 3887 765 3940 ndmecke'ho
784 3887 852 3940 icidu
870 3887 1026 3954 rytiislrcho
1040 3904 1055 3938 v
1068 3885 1269 3955 ByikovicIch).
1283 3914 1317 3924 -
1327 3883 1424 3948 llicke,

136 3982 219 4037 blittla
236 3986 253 4038 1
273 3983 380 4037 Gescla'
392 3983 419 4037 cl.
438 3982 472 4037 D.
492 3983 519 4035 in
537 3982 568 4039 Β.
587 3981 703 4037 XXVIII
723 3992 771 4037 str.
790 3989 840 4037 349
860 3999 877 4036 a
894 3987 953 4036 365.

719 4179 782 4258 Cis.
807 4196 836 4257 4.

510 4347 606 4422 1249,
631 4346 671 4411 11
696 4365 823 4432 srpna.
845 4346 878 4413 V
900 4346 1031 4416 Prone.

141 4503 213 4569 lirul
242 4504 357 4570 Iiiclnv
389 4507 425 4578 1,
452 4503 627 4586 producojc
647 4506 794 4569 mediana
819 4503 1077 4568 Litoone'r'ickdmu
1098 4502 1218 4569 Janona'
1239 4522 1321 4583 syna
1344 4501 1425 4563 Her·

142 4615 218 4682 beda
249 4618 407 4702 edant
448 4618 528 4683 door
557 4640 573 4684 a
606 4618 705 4683 ninid
731 4641 749 4682 c
778 4617 936 4684 Keblo'co'clo
964 4638 1004 4683 aa
1031 4622 1080 4683 'sto
1114 4615 1233 4692 iniicere,
1265 4603 1427 4698 piipojujc
