3150 5378
659 437 734 490 rure.
1313 436 1355 503 95

50 648 176 715 nitesto
208 647 343 713 minere
371 652 542 714 accusatus
571 646 671 715 tuerit
691 652 725 714 et
746 650 775 716 si
801 649 836 714 in
861 648 1000 714 uemmte
1027 646 1106 713 tacti
1136 646 1355 730 deprehensus

51 781 117 828 non
141 761 254 842 inerit,
277 760 414 828 ulterius
436 780 500 827 non
522 759 738 843 intestabitur,
761 763 826 829 nisi
849 760 1030 843 quodcum
1053 761 1277 842 septemviris
1300 779 1358 828 no·

50 878 189 943 minatis
218 877 386 943 innoxium
408 872 621 958 reprobabit
665 874 757 957 Itum,
780 875 973 958 quicumque
1001 874 1100 940 alium
1129 873 1171 939 ad
1196 873 1355 957 judicium

52 997 182 1073 septem
211 990 356 1056 virorum
385 990 558 1072 compellit,
587 993 678 1056 actor
706 1007 764 1072 per
796 1008 832 1054 se
865 987 985 1055 iurabit
1013 988 1173 1070 primitus,
1206 988 1291 1070 quod
1320 990 1356 1054 iu

51 1124 144 1170 reum
167 1104 334 1186 propriam
355 1122 421 1171 uon
442 1109 570 1170 exercet
590 1103 797 1169 voluntatem.
821 1101 912 1183 Item,
935 1101 963 1166 si
986 1101 1104 1182 aliquis
1126 1099 1160 1166 in
1183 1099 1355 1167 homicidio

53 1218 180 1300 ubsque
200 1217 381 1300 negatione
402 1217 622 1301 deprehensus
643 1216 751 1298 tuerit,
781 1215 970 1282 facultatum
999 1231 1131 1280 suanum
1154 1213 1258 1280 tercia
1279 1232 1354 1297 pers

54 1333 146 1400 uxori
171 1349 243 1412 sue,
264 1331 389 1414 relique
410 1330 474 1397 due
495 1334 604 1413 partes
626 1328 732 1414 judici
760 1325 969 1409 adherebunt,
1003 1345 1083 1408 quas
1112 1328 1184 1409 ipse
1212 1346 1276 1394 non
1305 1329 1355 1396 in·

55 1446 162 1525 tentet,
198 1462 368 1527 quousque
391 1444 508 1526 videat,
532 1447 561 1511 si
582 1444 624 1511 ad
646 1445 914 1528 composicionem
943 1442 1075 1525 dignam
1096 1459 1205 1508 secum
1228 1441 1356 1507 studeat

55 1565 86 1624 et
106 1557 245 1625 laboret.
290 1557 383 1639 Item,
405 1576 464 1641 pro
486 1559 572 1625 omni
602 1558 744 1624 uulnere
772 1575 886 1624 moneo
915 1557 984 1622 leso
1015 1555 1158 1637 quinque
1178 1555 1301 1620 talenta
1322 1560 1357 1621 ot

54 1675 117 1738 tris
134 1672 263 1739 talenta
282 1671 384 1755 iudici
407 1672 641 1754 persoluentur.
665 1672 758 1754 Item,
780 1689 839 1755 pro
862 1672 947 1738 omni
970 1670 1103 1737 vulnere
1124 1669 1264 1751 simplici
1286 1669 1354 1736 leso

55 1805 108 1851 sex
131 1784 259 1852 solidos
282 1789 315 1850 et
336 1783 505 1851 dimidium
526 1785 683 1851 talentum
700 1784 806 1869 judici
828 1790 862 1851 et
883 1785 1055 1867 vnicuique
1077 1788 1262 1851 senatorum
1276 1781 1355 1850 duo·

56 1899 159 1966 decim
183 1897 311 1964 denarii
334 1898 568 1981 persoluentur.
612 1897 702 1979 Item,
731 1915 789 1980 pro
819 1897 905 1964 omni
929 1898 1060 1980 querela
1089 1897 1160 1962 sine
1181 1895 1355 1962 homicidio

56 2017 87 2078 et
106 2013 246 2079 vulnere
267 2028 343 2077 reus
365 2029 402 2077 se
423 2009 547 2078 duobus
570 2010 683 2094 digitis
712 2010 911 2093 expurgabit
956 2010 1001 2076 Et
1030 2011 1059 2076 si
1088 2028 1164 2075 reus
1187 2009 1355 2076 conuictus

57 2125 162 2206 inerit,
186 2125 311 2207 hospiti
333 2124 386 2191 uel
407 2124 536 2206 hospite
550 2129 683 2207 manate
698 2125 904 2207 septuaginta
919 2123 1000 2189 duos
1015 2123 1175 2204 denarios,
1199 2123 1354 2190 seruienti

58 2239 104 2303 uel
125 2238 250 2304 ancille
270 2237 406 2319 triginta
428 2255 485 2303 sex
506 2237 667 2318 decanos,
685 2237 789 2321 judici
818 2254 895 2304 vero
924 2236 1093 2318 sexaginta
1122 2235 1273 2302 denarios
1303 2253 1356 2301 re·

58 2351 176 2417 tribuet
197 2356 233 2417 ot
254 2351 409 2417 exsoluet
452 2350 544 2432 Item,
567 2369 625 2434 pro
648 2351 734 2418 omni
758 2350 961 2417 contumacia
982 2352 1016 2416 in
1038 2349 1210 2432 presencia
1233 2349 1356 2432 judicis

60 2470 127 2530 ets
148 2471 247 2531 sexta
267 2464 351 2530 ieris
372 2468 446 2548 post
464 2464 634 2531 meridiem
656 2483 760 2547 usque
781 2464 823 2531 ad
846 2464 1067 2546 uespertinum
1088 2468 1215 2545 tempus
1230 2460 1357 2529 sabbati

61 2582 245 2660 perpetrata
266 2576 390 2643 soluoio
418 2575 610 2659 duplicetur.
656 2576 746 2658 item,
777 2579 806 2642 si
835 2577 909 2659 quis
938 2576 1037 2642 alium
1067 2577 1299 2643 contumaciter
1320 2577 1354 2644 in

61 2688 147 2756 domo
169 2707 234 2755 sua
256 2688 422 2771 quesierit,
444 2689 555 2755 decern
577 2688 698 2757 solidos
716 2688 820 2772 judici
842 2690 877 2755 in
899 2687 1029 2755 domum
1053 2694 1087 2755 et
1108 2695 1199 2755 extra
1213 2689 1353 2772 domum,

63 2803 321 2886 etseptuuaginta
351 2801 432 2868 duos
462 2802 613 2869 denarios
635 2804 669 2869 iu
692 2803 821 2870 domum
843 2807 876 2868 et
901 2807 992 2868 extra
1021 2803 1151 2869 domum
1179 2803 1352 2885 persoluet

63 2915 98 2981 lit
118 2918 148 2983 si
172 2916 216 2980 de
237 2914 297 2980 tali
318 2915 533 2997 inquisitione
554 2917 731 2998 negauerit,
755 2917 1014 2998 semeteeptimus
1041 2915 1239 2998 expurgabit.
1262 2916 1352 2997 Item,

63 3030 215 3095 aduersus
246 3029 445 3094 nominatum
471 3035 504 3094 et
525 3027 736 3111 approbatum
769 3031 873 3096 virum
906 3030 1014 3095 nullus
1044 3031 1163 3110 poterit
1192 3029 1225 3095 in
1255 3029 1355 3094 detri-

63 3150 198 3208 nentum
221 3142 353 3208 honoris
376 3144 428 3207 sui
448 3142 501 3208 uel
524 3144 667 3224 corporis
690 3142 875 3225 approbare.
899 3143 989 3223 Item,
1014 3143 1140 3223 quando
1158 3141 1259 3225 judex
1281 3161 1354 3223 pro-

63 3256 206 3322 uincialis
226 3254 351 3337 judicio
373 3255 525 3337 presidet,
559 3256 662 3337 primo
691 3256 866 3336 monachis,
900 3255 1017 3320 deinde
1039 3254 1165 3322 ciuibus
1183 3254 1352 3338 Judicabit.

64 3366 143 3450 llam,
184 3368 379 3450 quicumque
401 3368 550 3449 proprius
583 3368 720 3434 alieuius
754 3369 876 3435 domini
913 3369 1078 3434 ciuitatem
1112 3369 1352 3448 subintruuerit,

66 3481 210 3560 quamdiu
242 3482 275 3545 in
306 3481 438 3545 ciuitate
459 3498 589 3545 manere
611 3481 757 3561 voluerit,
791 3480 939 3546 dominus
970 3499 1048 3547 suus
1078 3481 1184 3563 ipsum
1213 3481 1255 3547 de
1280 3500 1354 3563 pro·

67 3596 193 3671 pnetote
214 3594 349 3659 minime
371 3591 545 3659 infestabit.
591 3593 680 3672 Item,
703 3593 897 3676 quicumque
922 3594 1089 3659 ciuitatem
1109 3612 1281 3660 mansurus
1302 3595 1353 3660 iu·

68 3707 201 3785 ereditur
222 3725 282 3788 per
305 3707 448 3787 spacium
470 3706 564 3771 vuius
585 3709 672 3788 anni,
702 3725 766 3772 uon
793 3709 856 3773 erit
877 3706 1079 3773 dominorum
1101 3708 1250 3773 seruitiis
1273 3707 1354 3774 obli·

10 3860 13 3897 :
69 3826 157 3897 uatus.
194 3820 287 3898 Item,
310 3821 502 3901 quicumque
524 3822 644 3887 ciuium
665 3821 806 3903 aliquem
829 3825 1014 3887 ermeneum
1043 3821 1181 3887 nobilem
1211 3821 1265 3886 uel
1291 3823 1353 3887 mi·

10 3932 12 3943 '
69 3932 256 3999 nimmialem
279 3950 337 3997 seu
359 3933 458 3998 aliurn
481 3935 710 4015 cuiuscumque
732 3935 930 4001 condicionis
946 3951 1145 4017 quocumque
1159 3934 1229 4001 loco
1244 3939 1352 4000 tamen

70 4060 161 4111 coram
186 4064 247 4110 suo
266 4045 376 4127 judice
399 4047 594 4126 conuenerit,
622 4046 740 4113 ibidem
772 4046 833 4113 sibi
862 4052 991 4113 tenetur
1018 4049 1230 4129 respondere3
1261 4053 1294 4113 et
1323 4050 1352 4115 si

70 4152 138 4222 torte
160 4159 269 4241 ipsum
292 4159 395 4223 ciuem
417 4160 650 4239 reconueuerit,
682 4161 745 4225 nisi
767 4159 850 4225 iorte
872 4160 1018 4240 voluerit,
1051 4179 1157 4226 coram
1176 4161 1287 4243 judice
1309 4162 1354 4226 ci·

71 4269 169 4336 utatis
192 4269 255 4336 sibi
278 4274 407 4336 tenetur
428 4272 646 4337 tantummodo
676 4274 881 4354 respondere,
910 4274 975 4340 nisi
1007 4274 1088 4339 forte
1110 4273 1151 4338 de
1173 4272 1352 4339 feodalibus

71 4376 150 4448 bouis
169 4384 370 4465 querimonia
391 4384 436 4450 eit
457 4391 576 4449 exorta.
599 4385 690 4466 Item,
715 4385 905 4468 ubicumque
928 4388 1010 4452 ciuis
1033 4386 1209 4452 debitorem
1230 4390 1352 4467 preter·

74 4509 153 4570 quum
182 4498 214 4560 in
245 4495 393 4577 ecclesia,
423 4496 537 4563 balneo
560 4504 593 4562 et
614 4497 748 4563 taberna
773 4500 969 4579 conuenerit,
1000 4499 1101 4582 judex
1131 4505 1259 4566 tenetur
1288 4500 1350 4566 eibi

10 4658 17 4689 =
78 4601 177 4672 ibidem
199 4628 256 4690 pro
279 4609 398 4675 debitis
416 4609 569 4677 iudicare.
592 4613 697 4692 ipsum
717 4610 960 4679 fideiussoribus
975 4613 1026 4678 uel
1043 4630 1242 4695 quocumque
1256 4614 1351 4679 modo
