3098 5392
676 485 751 539 rroo.
1274 485 1357 554 1021

54 693 165 770 stedelc,
188 695 251 779 aba
272 697 404 763 clamati
417 696 553 780 jedoola
574 714 618 759 aa
640 693 783 759 ocbrarra
804 695 890 760 mirra
916 695 1006 778 proti
1028 694 1180 761 ikddcrim
1201 694 1359 781 rcmsby'm

54 831 131 876 ase
152 810 302 876 scolenim
323 808 399 895 jabo
429 809 564 894 doplarlr'
592 808 678 874 rada
706 806 871 892 brajskou,
896 810 951 893 jer
980 809 1035 875 mci
1067 809 1241 875 oodrierrl
1272 810 1359 874 mira

545 920 705 990 remolito
721 922 876 1005 pebomc'.

157 1144 368 1212 wenceslaus
403 1135 457 1211 dei
491 1142 602 1227 gracia
629 1143 855 1209 Romanorum
883 1160 940 1209 rex
972 1161 1098 1224 semper
1129 1148 1286 1225 augustus
1324 1147 1358 1209 et

51 1259 188 1326 Boemie
203 1278 268 1324 rex.
293 1256 483 1339 Abbatibus,
499 1255 685 1340 abbatissis,
700 1256 887 1340 prepositis,
911 1256 1237 1337 commendatoribus,
1259 1255 1354 1321 baro·

51 1372 159 1453 nibus,
191 1369 363 1452 nobilibus,
387 1368 591 1451 officialibus,
622 1369 818 1453 burgrauiis,
850 1370 1040 1452 capitaneis,
1064 1370 1232 1451 militibus,
1253 1369 1354 1436 clien-

50 1484 149 1567 tibus,
173 1484 340 1568 magistris
363 1485 496 1564 ciuium,
520 1483 682 1550 iudicibus
706 1489 739 1548 et
762 1481 1046 1551 communitatibus
1071 1484 1251 1564 ciuitatum,
1286 1482 1356 1564 opi·

49 1598 175 1680 dorum,
210 1598 360 1665 villarum
394 1602 427 1664 et
448 1599 602 1679 locorum,
637 1615 761 1664 necnon
793 1598 957 1664 ruiuersis
994 1602 1028 1663 et
1060 1597 1209 1679 singulis,
1247 1597 1356 1662 cuius-

50 1730 177 1795 cunque
211 1716 326 1792 status,
360 1711 482 1794 gradus
517 1729 574 1777 seu
610 1710 810 1778 condicionis
844 1712 1020 1792 extiterint,
1056 1710 1180 1794 pridem
1216 1711 1250 1775 in
1285 1710 1353 1792 liga

48 1826 220 1891 districtus
244 1829 277 1890 et
298 1825 457 1892 territorii
473 1824 624 1892 Sacensis
647 1823 872 1907 existentibus,
896 1825 937 1890 ad
953 1844 1033 1908 quos
1051 1829 1219 1907 presentes
1235 1842 1349 1907 parue

53 1940 172 2019 norint,
207 1939 327 2022 quique
359 1956 432 2005 cum
454 1937 658 2020 presentibus
692 1937 814 2005 luerint
846 1939 1006 2022 requisiti,
1046 1936 1196 2005 fidelibus
1233 1938 1353 2004 nostris

48 2052 192 2133 dilectis,
216 2051 363 2134 graciam
384 2052 508 2134 regiam
525 2057 564 2119 at
586 2050 830 2118 omnebonum.
852 2052 981 2118 Fideles
1004 2052 1133 2118 dilectil
1157 2052 1257 2118 Plane
1279 2069 1354 2117 oon-

47 2165 255 2246 siderantas,
288 2166 418 2249 quantis
451 2164 564 2233 lideles
596 2165 700 2232 nostri
731 2166 895 2249 regnicole
925 2166 1094 2232 districtus
1128 2169 1162 2231 et
1195 2165 1353 2231 territorii

47 2279 203 2347 Sacensls
228 2297 285 2361 per
308 2279 432 2346 diuersi
454 2280 583 2363 generis
606 2279 769 2347 maleficos
799 2281 865 2347 sint
895 2278 1003 2347 allecti
1025 2279 1218 2363 dispendiis,
1253 2297 1354 2361 quan·

48 2399 151 2476 taque
173 2393 208 2459 in
230 2393 389 2476 personis,
421 2392 519 2460 rebus
544 2393 692 2461 elbonis
715 2393 860 2476 ipsorum
890 2393 931 2459 ab
961 2394 1043 2476 ipsis
1074 2393 1293 2460 sustinuerint
1322 2396 1355 2458 et

51 2506 194 2573 cottidie
217 2507 402 2573 sustineant
424 2506 628 2591 detrimenta,
651 2507 710 2574 bec
733 2509 861 2590 quidem
884 2526 943 2590 per
971 2508 1194 2575 tolleranciam
1214 2506 1355 2573 transire

50 2620 194 2703 amplius
217 2638 280 2685 non
303 2621 457 2703 valentes,
481 2620 523 2687 ad
545 2620 607 2687 hoc
629 2639 765 2705 quoque,
789 2627 824 2686 rt
845 2621 990 2687 vniuersi
1013 2625 1046 2687 et
1069 2622 1190 2705 singuli
1212 2620 1350 2704 predicti

49 2733 223 2800 districtus
253 2737 286 2799 et
314 2733 472 2801 territorii
504 2734 654 2801 Sacensis
683 2734 928 2815 inhabitatores,
962 2735 1067 2801 incole
1098 2741 1196 2818 atque
1219 2734 1353 2802 subditi,

47 2853 116 2913 tam
140 2847 266 2914 nobiles
287 2865 384 2932 quam
405 2844 575 2931 ignobiles,
606 2847 700 2913 diues
723 2852 756 2914 et
777 2866 910 2930 pauper,
940 2867 1020 2931 pace
1051 2852 1085 2915 at
1114 2849 1351 2930 tranquillitate

47 2963 152 3046 potiri
176 2980 211 3028 se
232 2962 396 3044 gaudeant
417 2966 451 3028 et
472 2962 506 3028 in
529 2979 643 3029 amane
672 2962 763 3044 pacis
787 2962 942 3029 delicioso
966 2963 1086 3029 solacio
1110 2963 1350 3046 conquiescant,

38 3075 200 3143 fidelitati
222 3081 330 3141 vestre
363 3076 488 3143 seriose
521 3077 717 3159 precipimus
752 3082 785 3142 et
814 3082 927 3143 tenore
960 3078 1164 3157 presencium
1197 3094 1349 3159 expresse

35 3190 235 3257 mandamus
259 3189 416 3270 volentes,
439 3194 599 3273 quatenus
623 3208 680 3255 vos
712 3196 825 3256 contra
855 3195 888 3256 et
917 3190 1075 3256 aduersus
1106 3190 1269 3271 predictos
1300 3189 1349 3255 di·

40 3304 136 3371 uersi
161 3302 293 3384 generis
314 3300 477 3368 maleficos
501 3306 534 3367 et
555 3303 712 3368 territorii
734 3303 838 3367 nostri
861 3303 1012 3369 Saccnsis
1044 3305 1214 3369 inuasores
1240 3308 1273 3368 et
1295 3302 1349 3367 de·

41 3420 232 3483 vastatores
265 3414 307 3481 de
340 3433 425 3481 nouo
456 3416 597 3483 inuicem
631 3416 732 3499 vnire,
774 3415 989 3498 confederare,
1027 3418 1189 3500 colligare,
1226 3418 1349 3484 eisdem

35 3529 246 3598 aduersariis
276 3533 310 3595 et
339 3529 491 3596 resistere
520 3534 554 3595 et
581 3530 664 3596 hanc
698 3531 923 3613 colliganoiem
941 3531 1035 3615 juxta
1057 3531 1293 3598 continenciam
1316 3538 1349 3598 et

34 3646 182 3713 formam
212 3643 381 3709 literarum
409 3647 593 3710 nostrarum
625 3642 716 3710 robis
750 3645 841 3726 prius
873 3645 1013 3727 desuper
1050 3646 1198 3712 datarum
1229 3646 1347 3728 sigillis

33 3757 163 3824 vestris
184 3756 314 3822 munire
346 3754 492 3823 debeatis
523 3763 556 3823 et
585 3758 689 3824 modis
724 3759 871 3825 omnibns
905 3758 1057 3826 roborare
1086 3760 1153 3826 illis
1187 3759 1348 3827 condicio-

32 3872 137 3939 nibus
164 3870 385 3953 interpositis:
415 3871 451 3936 in
474 3889 593 3952 casum,
629 3873 657 3938 si
691 3892 772 3938 nnus
804 3874 1064 3941 consiliariorum
1094 3874 1137 3939 ad
1167 3874 1346 3957 predictam

32 3986 196 4051 vnionem
219 3989 252 4050 et
273 3984 373 4066 ligem
396 3989 463 4051 tam
486 4003 525 4052 en
551 3987 725 4069 terrigenis
757 4006 854 4070 quam
884 4006 922 4054 ex
954 3989 1143 4055 ciuitatibus
1173 3988 1347 4071 deputatus

32 4100 111 4167 dies
136 4115 215 4163 suos
239 4096 406 4163 clauderet
435 4104 605 4180 extremos,
637 4099 721 4183 quod
752 4105 829 4165 tunc
859 4101 916 4165 alii
949 4102 1143 4183 superstites
1166 4103 1347 4171 consiliarii

36 4213 145 4280 alium
159 4218 162 4222 ’
177 4211 247 4277 loco
277 4209 423 4277 defuncti
454 4229 513 4294 per
542 4230 578 4278 se
611 4214 700 4295 ipsos
730 4214 851 4295 eligere
880 4232 944 4278 non
975 4215 1122 4297 debeant,
1157 4217 1222 4282 nisi
1249 4235 1347 4300 snper

30 4326 97 4394 hoc
134 4322 227 4404 prins
263 4327 409 4392 nostrum
443 4322 615 4392 habuerint
651 4344 843 4392 consensum
876 4326 999 4408 pariter
1032 4335 1066 4394 et
1098 4347 1277 4414 assensum,
1311 4333 1346 4398 in

29 4444 195 4508 euentum
218 4435 331 4518 eciam,
363 4454 426 4518 quo
457 4438 619 4521 quispiam
649 4457 688 4505 en
717 4441 890 4522 terrigenis
920 4443 1058 4524 predicti
1092 4445 1251 4513 territorii
1273 4467 1345 4531 pre

26 4556 139 4621 fatam
176 4549 286 4631 ligem,
318 4549 404 4616 sicut
437 4550 607 4634 prefertur,
639 4553 761 4618 intrare
793 4561 945 4620 renueret
975 4573 1033 4621 seu
1064 4562 1176 4623 eontra
1208 4559 1344 4627 eandem

26 4661 224 4734 temeritate
246 4662 379 4745 propria
401 4682 437 4730 se
459 4682 621 4747 opponere
643 4672 853 4749 presumeret,
884 4668 978 4753 hunc,
1010 4675 1182 4762 antequam
1204 4690 1263 4755 per
1285 4692 1343 4741 ros
