3098 5392
638 494 713 546 msa
1255 496 1320 563 503

113 699 318 782 mbergensis,
355 702 574 785 Buroharclus,
606 703 784 786 imperialis
808 702 897 770 curie
926 703 1089 786 magister,
1126 703 1320 787 Magdebur.

114 833 141 894 o,
176 815 384 897 burggrcuii3
419 815 593 884 Heinricus
631 818 671 884 de
697 816 886 897 Hoenstein,
919 814 1093 883 Heinricus
1124 815 1164 882 de
1200 818 1321 885 Suara·

146 927 311 994 lohannes
349 928 389 994 de
422 930 504 996 Retz
541 936 574 996 et
607 930 759 997 Albertus
789 930 829 995 do
858 930 987 1011 Anhalt,
1022 929 1164 1010 comites,
1198 935 1231 996 et
1262 930 1320 997 alii

137 1041 245 1121 plures
268 1041 371 1107 nostri
395 1047 427 1107 ot
449 1044 579 1125 imperii
606 1043 690 1109 sacri
720 1041 832 1109 fidelos
863 1042 982 1108 dilecti.
1027 1042 1234 1109 Presencium
1257 1043 1316 1109 sub

113 1153 197 1218 rialis
227 1155 411 1222 maiestatis
442 1161 552 1223 nostre
575 1156 682 1239 sigillo
705 1154 889 1223 testimonio
920 1156 1094 1222 literarum.
1140 1156 1260 1222 Datum
1285 1157 1319 1222 in

113 1265 202 1330 tanti
213 1286 298 1335 anno
315 1267 442 1334 domini
465 1270 637 1336 millesimo
660 1270 885 1337 trecentesimo
910 1269 1177 1352 quinquagesimo
1197 1269 1318 1352 quinto,

113 1378 262 1445 kalendas
286 1381 436 1463 Augusti,
468 1381 648 1450 indiccione
676 1389 799 1464 octaua,
829 1401 1002 1465 regnorum
1030 1387 1215 1450 nostrorum
1235 1401 1319 1450 anno

113 1510 239 1558 cnorum
264 1493 397 1576 decimo,
422 1495 556 1562 Boemie
578 1515 671 1576 nono,
695 1496 822 1578 imperii
845 1514 921 1563 voro
944 1496 1057 1577 primo.

126 1631 188 1715 [Na
210 1631 327 1716 rubu:]
350 1634 387 1700 R.
411 1634 594 1716 Volpertus.

245 1772 309 1856 [Na
332 1772 450 1857 ohbuz]
487 1775 549 1841 Per
571 1774 735 1842 dominum
758 1773 1057 1858 Luthomyslensem
1080 1772 1276 1856 episcopum,

518 1887 695 1970 imperialis
715 1887 789 1952 aule
804 1887 1041 1968 cancellarium,
1063 1888 1253 1970 Rudolphus

765 2000 806 2065 do
828 1999 1011 2083 Fridoberg.

133 2170 204 2241 Orig.
222 2186 298 2240 perg.
317 2188 332 2223 v
351 2171 464 2226 archivo
482 2189 515 2228 m.
530 2172 631 2226 Chobu.
651 2171 782 2227 Voslrovt
799 2172 880 2227 vellra
897 2171 979 2242 petet
995 2171 1121 2226 closislrt
1138 2176 1252 2228 utrisne
1265 2174 1318 2229 lezi

113 2266 181 2319 stint.
217 2267 262 2321 Na
279 2269 350 2322 rubu
368 2269 518 2336 majestatu
536 2270 626 2323 rukou
644 2287 659 2322 z
678 2269 766 2324 lronce
786 2268 850 2324 XIV
869 2270 945 2324 stol:
966 2268 1083 2336 „Kaiser
1100 2269 1183 2325 Karls
1202 2271 1258 2325 brif
1272 2271 1317 2326 cin

113 2368 183 2432 lunge
202 2365 271 2418 aller
295 2381 377 2419 vnser
394 2365 488 2444 britel
526 2366 657 2422 Vttmie
681 2366 793 2421 archivo
817 2366 904 2421 chous
929 2383 960 2421 se
984 2365 1069 2436 tesky
1086 2365 1202 2434 pieklsd
1221 2368 1317 2422 tohoto
1346 2414 1349 2424 .

113 2462 169 2514 tritu
187 2479 201 2513 z
221 2462 310 2516 konco
328 2460 378 2518 XV
397 2462 498 2516 stoletl.

584 2657 648 2739 Cis.
673 2674 745 2741 344.

372 2845 468 2924 1355,
490 2848 534 2916 23
558 2846 752 2915 cervonce.
779 2847 811 2915 V
833 2829 970 2915 licant.

113 3024 120 3053 ²
139 3020 238 3085 Karai
259 3022 281 3084 Ι
285 3020 314 3084 V
322 3023 486 3105 potoracp‘e
507 3042 524 3086 a
545 3021 625 3086 moci
644 3018 784 3086 cisar'ske'
805 3023 980 3086 substantioe
1005 3016 1185 3105 Cleosopm,
1208 3023 1240 3083 ie
1256 3021 1316 3097 Aa,

119 3119 294 3199 oli’cdcicc
322 3135 442 3217 aanojc'
470 3135 509 3199 ool
537 3139 638 3200 mata
660 3157 681 3199 o
703 3135 802 3200 coactu
833 3131 1006 3199 Cleostolco
1036 3134 1101 3218 opti
1129 3134 1317 3215 odoiaocuinp

124 3248 281 3329 olipa-ateio
302 3247 431 3331 lcrajinp
463 3245 599 3314 Cleoske'
621 3251 697 3332 jsoo
718 3249 895 3314 oscoboaeni
926 3249 965 3313 od
989 3247 1110 3313 odoini
1134 3247 1241 3312 obemce'
1260 3268 1314 3327 po-

148 3365 266 3427 Kromc'
287 3362 355 3427 colo
377 3366 525 3446 aaoazccje
546 3386 588 3437 se,
611 3364 645 3428 ie
665 3366 761 3429 orcisto
787 3359 868 3426 Cleo
890 3361 990 3443 aikdy
1011 3361 1130 3428 nebudc
1150 3366 1316 3426 costooeno

113 3475 273 3559 'alpoookolo‘
289 3477 394 3560 jinp‘m
416 3476 578 3558 aposooem
594 3476 633 3540 cci
648 3474 823 3541 lercilocstcc'
834 3475 891 3541 net
906 3473 1027 3555 koronp
1052 3453 1146 3539 &estes
1164 3471 1316 3538 ociciaeuo.

128 3652 166 3717 In
192 3653 323 3719 nomine
346 3657 456 3719 sancte
479 3658 512 3718 et
534 3652 703 3718 indiuiduo
725 3650 894 3717 Trinitatis
916 3650 1056 3716 feliciter
1084 3669 1184 3716 amen.
1215 3648 1317 3715 Kero-

113 3773 230 3848 uartus
255 3767 366 3832 diuina
388 3766 518 3832 fauente
550 3767 723 3832 clemencia
752 3766 967 3831 Romanorum
997 3766 1170 3846 imperator
1192 3781 1318 3845 semper

113 3886 178 3945 stus
202 3887 235 3945 et
257 3882 390 3947 Boemie
412 3899 476 3946 rex.
512 3880 631 3946 Notum
654 3881 800 3960 facimus,
835 3879 950 3960 quibus
981 3862 1146 3961 presentes
1177 3875 1318 3942 exhibite

113 4000 150 4073 nt,
175 3994 345 4059 uniuersis
370 3996 472 4060 Decet
495 3994 720 4059 excellenciam
743 3994 900 4074 principis
923 3993 1036 4058 horum
1058 3990 1316 4074 promocionibus

113 4106 357 4172 mmoditatibus
389 4109 563 4189 inuigilare
592 4108 775 4189 diligencia,
805 4108 859 4190 qui
883 4125 918 4171 se
940 4106 980 4171 ad
1003 4107 1118 4188 queuis
1142 4124 1201 4171 sua
1222 4105 1318 4170 bene-

113 4239 140 4285 a
163 4238 322 4303 exponere
344 4221 499 4301 periculis
522 4220 670 4286 intimide
693 4238 818 4302 semper
841 4225 873 4284 et
893 4219 1026 4284 ubilibet
1047 4239 1110 4285 non
1133 4218 1315 4286 formidant.

115 4335 219 4399 tenim
251 4352 288 4398 ex
311 4334 480 4414 premissis
511 4333 552 4398 ad
581 4332 725 4398 fidelium
758 4332 947 4398 dilectorum
981 4337 1164 4398 nostrorum
1197 4332 1317 4399 ciuium

113 4468 202 4515 >rum
225 4452 258 4512 et
279 4448 384 4513 tocius
408 4447 646 4513 communitatis
669 4446 825 4527 Egrensis
841 4445 938 4528 digne
953 4445 1137 4511 inducimur
1152 4451 1185 4511 et
1200 4446 1317 4512 obinde

130 4563 244 4644 gracia
266 4562 417 4644 prosequi
440 4562 587 4627 volumus
611 4561 754 4642 speciali,
782 4561 1006 4641 promittentes
1029 4560 1112 4626 bona
1135 4566 1168 4626 et
1190 4561 1317 4627 sincera

113 4697 131 4743 a
154 4675 220 4742 fide
243 4676 339 4757 Ascli,
363 4675 478 4742 Selben
502 4681 534 4741 et
556 4675 702 4741 Reduicz
726 4694 799 4741 cum
822 4675 958 4758 singulis
981 4693 1092 4741 eorum
1113 4674 1317 4755 vtilitatibus,
