3098 5392
683 480 687 491 .
739 440 814 493 rans.
1344 438 1410 507 dib

121 645 247 730 tatibus,
280 664 343 730 que
370 646 454 732 ipsis
475 664 496 713 a
518 648 735 718 serenissimis
760 648 979 719 Romanorum
1008 647 1257 734 imperatoribus
1287 665 1411 716 necnon

122 759 246 844 regibus
276 760 419 844 Boemie,
451 762 733 845 predecessoribus
765 765 887 831 nostris
916 762 1021 831 felicis
1052 761 1301 845 recordacionis,
1336 765 1413 829 sunt

121 888 270 940 concessa
302 891 361 940 seu
390 892 552 958 concesse,
575 895 639 961 que
666 875 910 945 racionabiliter
941 876 1162 945 demonstrare
1193 880 1355 959 poterunt,
1378 880 1412 942 et

120 985 233 1068 quibus
256 1004 278 1052 a
298 987 394 1072 longe
414 990 584 1058 retroactis
606 990 805 1075 temporibus
829 997 906 1058 sunt
927 988 1044 1075 ganisi,
1067 988 1231 1074 gaudeant
1244 995 1278 1056 et
1291 988 1326 1055 in
1339 1006 1412 1072 per·

118 1104 249 1180 petunm
281 1101 390 1185 quiete
420 1107 455 1170 et
481 1095 617 1187 pacifice
641 1104 858 1188 perfruantur,
889 1104 997 1173 omnia
1017 1104 1164 1189 ipsorum
1185 1100 1358 1188 priuilegia
1379 1106 1413 1169 et

117 1212 251 1296 litteras,
276 1215 335 1282 sub
357 1234 558 1302 quacumque
581 1219 794 1302 concepcione
823 1217 993 1287 verborum
1017 1218 1179 1287 confectas
1201 1222 1236 1285 et
1256 1214 1411 1298 conlecta,

119 1344 194 1409 quas
218 1331 336 1412 etque
357 1347 377 1394 a
399 1328 487 1396 diuis
512 1330 759 1414 imperatoribus
789 1332 1006 1400 Romanorum
1034 1349 1159 1398 necnon
1187 1327 1319 1415 reglbus
1348 1329 1412 1397 Bo·

119 1440 207 1521 cmie,
246 1443 505 1511 antecessoribus
538 1444 669 1527 nostris,
705 1444 826 1513 babent
858 1452 892 1514 et
925 1446 1159 1531 dignoscmtnr
1191 1442 1319 1526 babere,
1351 1440 1412 1509 sub

120 1554 264 1621 omnibus
294 1559 434 1640 punctis,
472 1558 627 1627 clausulis
662 1563 696 1627 et
727 1560 884 1643 articulis,
922 1558 1189 1645 quemadmodum
1220 1556 1257 1626 ln
1288 1553 1412 1624 eisdem

119 1666 218 1734 literis
243 1669 437 1753 continetur,
470 1670 668 1740 ratificamus
690 1679 724 1740 et
744 1671 969 1758 approbamus,
1002 1674 1147 1742 volentes
1170 1671 1243 1756 ipsa
1264 1674 1298 1737 et
1318 1670 1409 1754 ipsas

119 1787 184 1847 rata
206 1788 241 1848 et
263 1789 374 1866 mutas
395 1789 506 1853 tenere
528 1790 562 1852 et
582 1785 701 1854 babere
722 1804 761 1854 ac
782 1785 1014 1855 inuiolabiliter
1035 1785 1209 1867 obseruare
1230 1790 1265 1853 et
1285 1783 1410 1869 specia-

119 1894 196 1978 bter,
220 1896 308 1978 quod
329 1896 430 1964 iidem
450 1899 541 1965 ciues
557 1898 720 1983 Egrenses
743 1917 801 1967 seu
823 1906 1018 1968 mercatores
1034 1899 1202 1967 ciuitatem
1216 1898 1411 1982 Prsg'ensem

122 2026 186 2075 cum
209 2011 430 2078 mercimoniis
460 2011 604 2094 ipsorum
626 2012 724 2080 simul
746 2019 780 2080 et
801 2015 910 2081 omnia
930 2014 996 2081 alia
1017 2014 1088 2081 loca
1109 2013 1202 2096 regni
1224 2010 1357 2079 Boemie
1378 2014 1411 2076 et

119 2126 273 2190 omarum
306 2123 436 2193 domino
452 2176 484 2192 ..
508 2126 647 2210 genitori
680 2131 791 2194 nostro
821 2133 855 2194 et
883 2127 976 2196 nobis
1010 2126 1227 2195 subiectarum
1255 2123 1411 2192 liberast

120 2233 235 2319 ubsque
259 2236 425 2305 solucione
453 2238 595 2307 thelonei
626 2258 685 2307 seu
713 2241 824 2308 muthe
853 2247 886 2308 et
916 2238 1037 2326 absque
1066 2240 1153 2309 omni
1181 2236 1411 2324 impedimento

120 2350 235 2417 ciuium
265 2350 488 2435 Prsgensium,
521 2354 577 2437 qui
609 2372 668 2438 pro
698 2360 843 2439 tempore
871 2355 1001 2438 fuerint,
1032 2361 1066 2423 et
1094 2356 1232 2423 aliorum
1259 2370 1410 2439 quorum·

120 2479 237 2549 cunque
267 2464 443 2547 bominum,
472 2472 679 2549 paternorum
701 2474 734 2535 et
755 2474 938 2536 nostrorum
968 2468 1180 2550 subditorum,
1213 2467 1349 2535 visitare
1377 2472 1411 2534 ct

120 2573 321 2660 frequentare
334 2580 462 2661 possint
482 2584 516 2645 et
536 2580 675 2663 ualeant,
697 2587 795 2666 prout
815 2582 849 2647 in
872 2581 1027 2664 predictis
1046 2581 1228 2666 priuilegiis
1243 2585 1277 2648 et
1290 2580 1409 2647 litteris

120 2691 290 2758 eorundem
323 2692 445 2759 ciuium
476 2692 673 2776 Egrensium
709 2694 901 2777 continetur,
938 2713 1003 2761 non
1039 2692 1241 2762 obstantibus
1278 2691 1410 2779 quibus·

120 2821 248 2888 cnmquc
285 2805 417 2872 statutis
454 2805 672 2888 predictorum
705 2807 827 2874 ciuium
856 2806 1069 2891 Pragensium
1102 2811 1214 2875 contra
1242 2806 1409 2891 antiquam

120 2918 380 2986 consuetudinem
401 2919 435 2984 in
457 2919 672 3001 preludicium
698 2920 857 2987 dictorum
878 2920 1074 3005 Egrensium
1103 2920 1225 2987 ciuium
1254 2920 1295 2987 de
1323 2939 1408 2987 nouo

119 3049 168 3098 seu
191 3049 397 3117 quocumque
425 3033 520 3100 modo
550 3034 715 3116 confectis,
747 3054 819 3117 que,
848 3035 1061 3117 inquantum
1089 3032 1308 3102 commoditati
1336 3052 1409 3116 pre

118 3143 272 3213 dictorum
296 3146 417 3212 ciuium
430 3145 627 3229 Egrensium
644 3147 778 3215 obuiare
799 3147 960 3231 videntur,
982 3147 1185 3216 decernimus
1200 3148 1321 3215 nullius
1336 3164 1409 3215 esse

118 3259 236 3327 roboris
259 3259 313 3326 vel
333 3262 498 3343 momenti,
519 3260 636 3345 quibus
657 3261 788 3329 statutis
806 3260 1023 3346 Progensibus
1037 3264 1126 3346 ipaos
1141 3263 1231 3329 ciues
1244 3261 1408 3345 Egrenses

118 3373 243 3440 minime
265 3372 415 3441 volumus
438 3374 613 3442 subiacere.
638 3374 673 3442 Si
695 3394 771 3443 vero
794 3377 883 3443 ciues
906 3376 1086 3459 Pragenses
1109 3381 1220 3443 contra
1241 3380 1408 3459 presentes

118 3493 239 3554 nostras
261 3487 388 3554 litteras
411 3488 593 3572 sepedictus
616 3490 706 3557 ciues
727 3489 890 3573 Egrenses
922 3507 980 3555 seu
995 3494 1189 3556 mercatores
1211 3488 1408 3555 intransitu

118 3599 256 3683 ipsorum
277 3620 352 3669 cum
373 3603 591 3671 mercimoniis
619 3623 682 3671 non
713 3604 907 3685 destiterint,
940 3604 1026 3687 quod
1055 3622 1119 3671 non
1149 3602 1319 3683 credimus,
1349 3619 1407 3668 seu

117 3731 173 3781 non
194 3716 399 3782 cessauerint
420 3717 588 3800 impedire,
621 3723 738 3785 extunc
767 3718 849 3800 ipsis
879 3717 1007 3784 ciuibus
1029 3717 1230 3801 Egrensibus
1256 3714 1407 3782 duximus

117 3826 345 3914 indulgendum
373 3848 413 3896 ac
434 3832 516 3913 ipsis
544 3833 738 3899 auctoritate
766 3831 971 3914 presencium
1000 3830 1113 3898 domm
1143 3831 1278 3897 liberam
1306 3827 1408 3897 facul·

117 3945 219 4024 tatom,
242 3945 333 4025 ipsos
356 3944 445 4010 ciues
468 3944 646 4028 Pragenses
677 3962 800 4011 necnon
823 3963 876 4011 res
899 3949 933 4010 et
953 3943 1038 4010 bona
1059 3945 1204 4026 ipsorum
1224 3941 1406 4010 amesmndi

116 4062 145 4120 et
164 4055 345 4139 occupandi
367 4074 425 4138 per
445 4061 550 4123 totum
571 4075 706 4140 regnum
721 4057 854 4125 Boemie
875 4057 1044 4123 viceuersa
1071 4062 1137 4123 tam
1152 4057 1218 4137 diu,
1240 4073 1407 4139 quousque

115 4169 190 4252 ipsis
213 4168 343 4238 ciuibus
365 4169 565 4252 Egrensibus
587 4170 628 4236 de
650 4170 787 4252 damnis,
822 4171 852 4236 si
883 4188 945 4252 que
974 4187 1014 4236 ex
1036 4169 1264 4252 impedimento
1285 4168 1406 4235 ciuium

113 4282 323 4368 Prsgensium
335 4284 554 4366 predictorum
575 4286 787 4368 perceperint,
811 4283 910 4350 luerit
931 4282 1134 4368 integraliter
1148 4282 1359 4364 satisfactum,
1375 4287 1408 4349 et

113 4402 173 4465 tam
203 4398 272 4479 din,
306 4415 475 4481 quousque
506 4396 662 4481 sepedicti
696 4398 785 4465 ciues
815 4398 995 4481 Progenses
1025 4415 1061 4463 ee
1092 4396 1132 4463 ab
1168 4396 1407 4480 impedimentis

113 4512 352 4595 sepedictorum
394 4511 516 4577 ciuium
550 4510 745 4594 Egrensium
786 4509 973 4577 curauerint
1011 4508 1168 4576 cohibere.
1216 4509 1408 4578 Mandamus

113 4624 233 4709 igitur.
251 4676 259 4691 .
292 4625 506 4708 capitaneis.
524 4675 531 4690 .
563 4625 759 4705 camerariis,
776 4674 783 4689 .
801 4674 808 4688 .
840 4622 1088 4690 subcamerariis
1124 4624 1306 4707 ceterisque
1338 4620 1408 4690 offi-
