3098 5392
751 435 826 488 1160.
1358 441 1422 508 615

123 641 210 724 quod
247 642 370 709 eisdem
402 643 523 709 nostris
555 640 682 709 ciuibus
713 642 882 709 ciuitatum
904 643 1123 726 predictarum
1145 644 1219 710 aliis
1242 648 1363 716 nostris
1384 648 1423 716 li·

122 757 205 821 teris
229 756 380 821 similiter
402 754 552 822 duximus
575 754 798 836 intimandum,
820 761 979 839 quatenus
1002 775 1060 823 vos
1076 775 1148 823 cum
1163 756 1329 825 iuuamine
1350 779 1423 843 pre·

122 867 285 933 dictarum
317 869 417 934 trium
450 868 629 949 ciuitatum,
665 869 817 949 quociens
851 873 884 934 et
913 869 1041 953 quando
1063 870 1127 952 ipsi
1150 888 1208 951 per
1230 889 1287 937 vos
1310 877 1343 938 et
1364 893 1422 941 vos

122 981 295 1046 viceuersa
317 1000 375 1063 per
396 981 486 1063 ipsos
507 979 658 1063 requisiti
686 984 720 1045 et
739 980 855 1049 moniti
877 979 1016 1064 fueritis,
1039 982 1232 1049 unanimiter
1254 1002 1290 1050 se
1311 990 1423 1053 mutuo

123 1099 336 1177 cooperantes
366 1094 400 1161 in
429 1092 633 1161 districtibus
663 1097 696 1159 et
717 1093 875 1160 limitibus
897 1094 1116 1178 predictarum
1138 1096 1309 1164 ciuitatum
1330 1086 1432 1166 rudi-⁴

124 1226 265 1291 cumque
298 1225 408 1274 omnes
442 1208 644 1290 spoliatores,
677 1206 841 1290 profugos,
874 1207 962 1274 iures
997 1226 1056 1274 seu
1087 1208 1170 1275 alios
1204 1229 1421 1295 quoscumque

122 1321 217 1402 pacis
240 1319 422 1387 turbatores
454 1339 492 1387 ac
521 1320 730 1404 proscriptos,
764 1319 955 1405 vbicumque
984 1339 1040 1388 eos
1062 1321 1210 1406 indagari
1233 1329 1267 1390 et
1287 1325 1422 1392 inresti-

119 1452 201 1517 gare
223 1434 383 1516 poteritis,
406 1453 469 1500 non
492 1433 653 1517 parcendo
676 1452 786 1500 eorum
808 1433 904 1501 rebus
926 1438 960 1501 et
981 1436 1140 1518 personis,
1162 1436 1218 1521 qui
1244 1437 1421 1521 culpabiles

121 1547 251 1613 inuenti
281 1546 404 1613 fuerint
431 1553 465 1613 et
492 1566 628 1633 quorum
650 1551 727 1614 uota
749 1566 788 1614 ac
810 1548 953 1630 suspicio
975 1547 1105 1630 probari
1127 1550 1256 1632 poterit,
1279 1550 1320 1617 de
1342 1570 1421 1634 quo·

121 1679 197 1725 rum
228 1660 372 1726 reatibus
405 1680 444 1728 ac
477 1661 581 1744 culpis
614 1679 674 1727 uos
707 1679 862 1745 processu
883 1661 1038 1745 temporis
1060 1661 1234 1729 informare
1256 1664 1416 1748 poteritis,

124 1773 280 1855 quociens
319 1778 352 1838 et
384 1774 512 1858 quando
545 1775 635 1841 locus
665 1778 698 1839 et
726 1779 854 1857 tempus
878 1793 914 1840 se
935 1774 976 1840 ad
999 1775 1060 1841 boc
1082 1774 1245 1857 obtulerit,
1269 1776 1310 1842 de
1331 1783 1422 1860 pote·

124 1888 222 1953 statis
250 1893 360 1953 nostre
382 1885 594 1970 plenitudine,
628 1905 726 1969 quam
747 1886 952 1969 presentibus
976 1886 1067 1953 vobis
1090 1887 1214 1970 damus,
1238 1889 1324 1954 sicut
1345 1890 1420 1958 aliis

120 2001 216 2083 regni
249 2001 353 2066 nostri
387 2000 576 2068 ciuitatibus
608 1999 841 2083 indulgendum
873 2000 1035 2082 duximus,
1070 2001 1223 2084 prosequi
1257 2003 1421 2070 hostiliter

122 2114 281 2195 debeatis,
304 2113 414 2195 libere,
437 2114 527 2180 licite
549 2118 582 2178 et
596 2113 736 2195 impune,
752 2113 943 2195 postpositis
958 2118 1066 2179 tamen
1090 2114 1176 2180 omni
1199 2112 1283 2196 odio,
1306 2115 1422 2182 timore

120 2233 155 2294 et
186 2246 305 2308 amore,
337 2227 395 2293 sed
424 2227 515 2293 iuxta
543 2226 731 2310 qualitatem
759 2225 988 2292 demeritornm
1010 2227 1126 2293 talium
1147 2227 1312 2295 bominum
1333 2228 1422 2295 noci-

118 2360 246 2422 uorum,
282 2340 458 2407 secundum
491 2339 578 2422 quod
611 2344 720 2406 vestra
747 2338 883 2421 justicia
913 2338 1097 2422 dictauerit,
1130 2340 1294 2422 predictos
1327 2345 1419 2409 actus

121 2472 275 2520 exercere
297 2452 451 2519 debeatis.
474 2452 632 2519 Volumus
654 2457 762 2518 tamen
784 2456 818 2518 et
840 2469 992 2534 expresse
1013 2452 1183 2535 adicimus,
1205 2458 1243 2519 ut
1260 2455 1420 2536 premissa

118 2568 231 2633 omnia
261 2567 351 2632 iuxta
384 2567 556 2634 consilium
578 2564 750 2649 proborum
772 2566 924 2647 virorum,
948 2584 1029 2648 quos
1051 2566 1093 2632 ad
1115 2567 1175 2633 boc
1198 2568 1363 2651 elegeritis
1385 2574 1420 2635 et

118 2681 240 2763 quibus
272 2679 353 2747 fides
388 2680 536 2746 adhiberi
566 2680 694 2762 poterit,
729 2698 866 2764 quornm
888 2699 971 2745 unus
995 2679 1036 2746 de
1057 2680 1225 2763 provincia
1247 2681 1419 2766 Pylznensl

119 2813 195 2861 esse
230 2793 354 2875 debeat,
385 2794 413 2859 si
448 2793 567 2859 ibidem
599 2791 738 2859 malefici
767 2797 801 2858 et
823 2793 1014 2876 spoliatores
1048 2793 1263 2877 persequendi
1288 2793 1418 2878 fuerint,

118 2913 153 2972 et
187 2906 273 2972 alius
307 2906 341 2971 in
371 2905 538 2988 provincia
568 2905 789 2986 Pracbinenai,
820 2907 848 2971 si
878 2906 1028 2971 similiter
1050 2905 1084 2971 in
1107 2904 1219 2970 eadem
1252 2906 1420 2988 provincia

114 3018 306 3086 huiusmodi
337 3020 446 3086 nociui
475 3019 621 3085 homines
651 3020 846 3102 perscrutati
869 3018 999 3099 fuerint,
1024 3023 1060 3083 ut
1081 3019 1288 3100 premittitur,
1311 3018 1419 3088 facere

115 3140 150 3199 et
171 3151 286 3216 regere
301 3132 482 3199 omnimode
496 3131 661 3212 debeatis3
677 3131 795 3198 facturi
818 3133 853 3197 in
867 3132 1035 3215 premissis
1057 3132 1176 3213 taliter,
1201 3133 1286 3199 sicut
1307 3151 1419 3215 pacem

115 3246 257 3329 diligitis
279 3250 312 3312 et
335 3245 602 3329 quemadmodum
625 3262 730 3310 coram
753 3249 865 3309 nostra
878 3247 1059 3326 magestate
1079 3243 1171 3327 regia
1194 3243 1234 3311 de
1257 3245 1418 3312 sollicitu-

114 3360 193 3426 dine
215 3365 249 3426 et
270 3357 523 3442 promptitudine
544 3361 654 3423 vestra
676 3375 739 3421 non
761 3356 922 3422 immerito
944 3357 1114 3422 volueritis
1135 3357 1361 3425 commendari.

220 3529 311 3602 Kopie
329 3530 456 3600 vrnkop.
477 3528 835 3622 „Formulariuanohannis
854 3527 996 3584 Prnimda¹‘
1023 3545 1040 3583 v
1058 3528 1172 3583 archivu
1189 3526 1277 3599 kapit
1294 3527 1416 3585 Pratslrt

113 3627 187 3698 sign.
204 3627 225 3682 J
242 3634 277 3683 40
294 3643 332 3681 na
348 3627 366 3680 l.
385 3632 444 3682 338.
468 3657 502 3667 -
519 3624 649 3695 Ρο100101,
673 3624 748 3679 Uber
770 3622 984 3680 Formelbdcher
1006 3622 1042 3676 11.
1061 3629 1110 3679 atr.
1130 3630 1190 3679 121.
1213 3654 1247 3664 —
1272 3625 1346 3680 Sror.
1372 3626 1417 3679 tel

113 3725 137 3780 b
156 3729 208 3779 307
225 3726 285 3780 ceto
302 3722 410 3792 Sblrlry,
427 3721 471 3776 dle
490 3721 578 3777 ndhoi
590 3722 670 3775 mute
683 3736 713 3776 se
725 3720 840 3775 formula
859 3719 956 3775 tohoto
973 3720 1041 3775 listn
1058 3719 1124 3775 take
1142 3719 1178 3775 do
1197 3738 1219 3774 r.
1233 3725 1299 3775 1301
1312 3720 1415 3777 vloiiti.

678 3951 744 4035 Cis.
767 3968 841 4034 424.

397 4122 504 4204 418116,
526 4121 568 4190 27
589 4122 794 4209 liatopadu.
818 4122 851 4191 V
872 4120 1127 4190 Nonimbcrcc.

113 4301 212 4370 ctsar'
245 4299 346 4366 Karcl
377 4299 401 4364 I
404 4299 434 4363 V
458 4299 601 4381 00110010
632 4296 817 4379 rycbtdr'ctm
839 4294 1042 4361 0100101101
1062 4298 1142 4362 mest
1166 4292 1281 4379 Cbebu,
1303 4295 1411 4376 Loto,

114 4416 267 4490 Oatrova,
291 4413 436 4488 1101001,
460 4395 561 4487 Zetes,
585 4412 674 4475 Leuc
697 4432 718 4475 0
739 4408 888 4484 sconelo,
919 4409 979 4491 aly
1001 4409 1172 4476 1011110001
1193 4411 1262 4486 tim,
1284 4410 1412 4495 byooay

113 4529 239 4597 0000001
268 4526 357 4592 abobi
386 4524 520 4609 10000011
551 4544 569 4590 a
603 4521 707 4589 Cleon
729 4523 767 4588 do
790 4521 902 4605 Praby
923 4523 980 4588 neb
1001 4527 1070 4606 opdt
1089 4522 1182 4589 101110
1199 4545 1245 4606 po
1267 4523 1411 4590 0110101011

113 4643 202 4711 sem
227 4638 299 4726 jot
320 4641 421 4706 mesta
446 4638 507 4721 jar·
539 4659 562 4704 a
589 4635 782 4718 0001100.
805 4635 925 4712 1000,
948 4620 1079 4717 mooe,
1101 4635 1309 4713 1001010,
1331 4632 1410 4703 ooo·
