3098 5392
212 374 278 447 584
835 382 910 436 1863.

213 589 355 657 ditornm
376 595 559 658 nostrorum
574 592 775 673 singulorum
794 593 951 675 proiectu,
966 594 1107 660 utilitate
1129 598 1162 659 et
1184 592 1320 660 comodo
1344 593 1501 677 dignemur

210 705 378 771 intendere
398 712 430 771 et
448 706 552 787 adea,
576 724 639 788 que
660 706 803 787 ipsorum
823 711 1030 790 augmentum
1045 707 1219 790 aspiciunt,
1242 709 1373 773 attenta
1394 705 1503 772 solliei-

210 817 325 883 tudine
346 818 507 899 meditari,
529 818 658 885 illorum
680 823 789 885 tarum
812 818 975 902 profectus
990 824 1025 884 et
1039 818 1172 886 comoda
1199 819 1341 902 quodam
1362 818 1503 903 specialis

210 929 423 1013 benignitatis
444 930 557 998 fauore
579 932 815 1016 prosequimur,
839 950 919 1015 quos
942 933 1141 999 diuturnitas
1164 932 1397 1017 obsequiorum
1416 933 1504 1000 stin

209 1047 366 1111 temerate
398 1043 476 1111 fidei
506 1047 692 1113 constancia
722 1048 923 1130 argumentis
946 1045 1138 1114 clarioribus
1160 1045 1372 1114 manifestius
1393 1064 1505 1113 reeom-

210 1158 380 1238 mendaut;
414 1157 524 1224 habito
555 1158 656 1242 igitur
686 1164 837 1242 respectu
859 1159 901 1225 ad
923 1164 1016 1242 grata
1037 1157 1206 1225 fidelitatis
1228 1163 1262 1225 et
1285 1159 1505 1243 obsequiorum

213 1270 331 1352 studia,
365 1289 490 1338 necnon
522 1271 680 1338 indefessi
701 1271 823 1339 laboris
844 1272 1142 1354 promptitudinem,
1165 1272 1284 1354 quibus
1305 1273 1505 1340 maiestatem

210 1390 354 1451 nostram
376 1389 409 1451 et
431 1385 518 1452 clare
533 1387 686 1454 memorie
705 1390 928 1453 antecessores
952 1391 1091 1467 nostros,
1114 1384 1249 1452 Boemie
1270 1404 1379 1470 reges,
1401 1385 1504 1453 diierti

210 1497 304 1564 nobis
339 1499 428 1565 ciues
451 1504 485 1565 et
506 1499 612 1566 incole
633 1500 778 1567 ciuitatis
809 1504 920 1567 nostre
941 1498 1133 1581 Pilsneusis,
1154 1497 1268 1566 fideles
1289 1499 1408 1583 nostri,
1429 1503 1507 1565 acte

213 1631 275 1677 nus
309 1612 508 1679 honorarunt
540 1619 574 1680 et
606 1614 743 1680 adaucto
765 1612 843 1680 fidei
865 1618 898 1680 et
920 1613 1092 1696 probitatis
1113 1614 1229 1680 merito
1252 1631 1319 1680 non
1342 1612 1508 1680 ooesabunt

213 1725 345 1791 inantea
367 1727 572 1809 prestanoius
594 1726 762 1808 bonorare,
785 1726 868 1809 ipsis
890 1726 997 1793 animo
1014 1726 1283 1808 deliberaturos
1296 1744 1359 1809 per
1375 1743 1507 1793 errorem

215 1844 272 1904 aut
285 1838 477 1921 improuide,
500 1840 558 1905 sed
581 1857 619 1905 ex
643 1843 731 1906 certa
752 1845 864 1906 nostra
887 1841 1038 1922 sciencia,
1054 1839 1248 1907 auctoritate
1261 1839 1358 1923 regia
1372 1838 1505 1916 Boemie,

213 1951 454 2036 infrascriptam
475 1954 618 2036 graciam
640 1953 865 2022 fauorabiliter
887 1953 1038 2020 duximus
1053 1952 1244 2035 faciendam,
1261 1951 1416 2019 videlicet
1429 1949 1507 2035 quod

214 2066 352 2147 singulis
374 2066 469 2132 anuis
491 2067 526 2132 in
549 2067 683 2133 ciuitate
705 2067 870 2134 Pilsnensi
891 2067 1039 2151 predicta
1058 2067 1197 2133 annuale
1210 2065 1317 2134 iorum
1341 2066 1414 2132 siue
1434 2082 1507 2131 uun·

213 2178 293 2248 dine
314 2197 373 2260 per
394 2178 476 2245 duas
499 2181 697 2262 septimanas
720 2182 900 2262 continuas,
924 2181 1049 2247 scilicet
1071 2186 1143 2248 octo
1159 2178 1274 2246 diebus
1296 2185 1375 2247 ante
1395 2179 1506 2246 festum

217 2292 322 2358 sancti
345 2291 565 2360 Bartholomei
587 2295 726 2377 apostoli
748 2299 782 2360 et
803 2298 874 2362 octo
897 2293 1011 2361 diebus
1033 2298 1108 2378 post
1129 2293 1216 2360 idem
1236 2292 1360 2360 festum
1382 2293 1507 2359 dmatu·

214 2421 298 2487 rum,
328 2407 566 2489 imperpetuum
589 2407 710 2490 haberi,
735 2407 841 2474 teneri
863 2411 896 2473 et
924 2407 996 2473 sine
1018 2408 1105 2473 omni
1126 2406 1360 2489 impedimento
1382 2404 1507 2490 pacifice

217 2518 373 2586 celebrari
387 2519 533 2600 debebit;
550 2523 694 2588 volentes
709 2541 748 2589 ac
764 2541 802 2588 ex
818 2521 975 2604 singulari
992 2521 1101 2603 gracia
1116 2520 1312 2587 auctoritate
1325 2521 1421 2605 regia
1433 2520 1507 2585 Boe

213 2633 277 2698 mle
299 2631 446 2714 predicta
469 2640 659 2717 statuentes,
683 2636 768 2719 quod
791 2636 935 2701 uniuersi
959 2638 992 2701 et
1014 2634 1134 2716 singuli
1150 2634 1241 2701 ciues
1264 2638 1507 2713 etmereatores

216 2765 328 2813 eorum
349 2749 567 2830 mercimonia,
601 2768 664 2834 que
698 2769 770 2817 cum
802 2751 877 2815 ulna
911 2754 944 2815 et
965 2748 1048 2815 libra
1070 2747 1264 2829 venduntur,
1288 2751 1324 2814 et
1344 2747 1506 2831 presertim

213 2858 334 2926 ferrum
351 2865 383 2926 et
398 2879 538 2944 coreum,
561 2880 601 2927 er
623 2868 691 2930 toto
714 2867 771 2928 aut
792 2882 850 2945 per
866 2867 974 2945 partes
998 2880 1055 2927 seu
1077 2861 1197 2944 pecias,
1221 2861 1257 2926 iu
1279 2859 1369 2929 dicto
1384 2857 1506 2926 annuali

213 2973 282 3040 foro
305 2974 445 3041 vendere
467 2981 501 3042 et
521 2976 623 3043 libere
646 2995 752 3043 emere
780 2977 910 3042 valeant
932 2995 989 3058 pro
1011 2976 1157 3057 ipsorum
1178 2973 1272 3041 libito
1295 2968 1504 3053 voluntatisl)

214 3085 370 3154 Volumus
392 3089 536 3172 insuper,
560 3094 595 3154 vt
616 3090 755 3155 annuale
776 3088 881 3155 iorum
907 3088 1089 3170 predictum
1110 3085 1276 3153 uniuersis
1297 3085 1503 3160 libertatibus,

213 3201 343 3284 graciis,
366 3203 608 3284 emunitatibus,
627 3204 754 3288 juribus
778 3208 811 3269 et
832 3202 966 3268 indultis
988 3219 1047 3285 per
1068 3201 1176 3267 omnia
1198 3199 1271 3266 siue
1291 3199 1501 3268 diminuciom

216 3314 360 3396 qualibet
393 3317 543 3398 gaudeat,
577 3316 693 3399 quibus
727 3320 835 3382 cetera
868 3314 939 3381 fora
972 3314 1126 3381 annualia
1158 3313 1193 3378 in
1222 3312 1302 3379 aliis
1328 3309 1502 3381 ciuitatibus

215 3429 336 3494 nostris
359 3430 597 3513 reguiBoemie
620 3430 797 3496 existencia
819 3429 971 3495 fruuntur
993 3446 1051 3494 san
1069 3424 1312 3511 quomodolibet
1334 3426 1500 3510 pociuntur.

215 3540 401 3608 Inhibeutes
424 3544 587 3610 uniuersis
610 3541 730 3609 nostris
752 3540 912 3622 fidelibus,
936 3559 977 3607 ue
999 3541 1119 3606 dictam
1141 3543 1288 3605 nostram
1302 3538 1445 3622 graciam
1457 3553 1501 3601 su·

214 3654 313 3720 deant
353 3656 592 3739 quomodolibet
629 3656 806 3740 iufringere
843 3674 901 3722 seu
938 3654 1124 3736 aliqualiter
1151 3650 1362 3735 perturbnr03
1393 3650 1422 3718 si
1442 3645 1500 3733 quis

214 3776 323 3838 autem
356 3771 500 3853 ipsorum
535 3770 731 3837 contrarium
762 3773 954 3851 attemptare
981 3765 1224 3849 presumpserit,
1250 3765 1497 3849 indignacionem

215 3892 360 3952 nostram
392 3891 425 3951 et
455 3904 571 3968 penam
595 3890 723 3951 centum
746 3902 926 3949 marcarum
949 3882 1021 3947 auri
1044 3880 1126 3963 puri,
1149 3896 1286 3963 quamam
1308 3877 1500 3945 medietatem

217 4019 342 4066 camere
363 3999 465 4082 regali
488 3999 631 4079 Boemie,
654 3996 820 4063 residuam
842 4014 918 4062 vero
941 4000 1065 4076 partem
1089 3992 1176 4058 dicte
1197 3990 1364 4057 Pilsuensi
1391 3982 1501 4057 rimati

215 4112 371 4195 applicari
405 4112 578 4178 statuimus
614 4110 725 4192 tocies,
762 4110 894 4193 quocies
928 4106 1162 4174 contrafactum
1197 4102 1308 4186 fuerit,
1333 4122 1370 4172 se
1391 4097 1503 4171 nouerit

215 4224 484 4292 irremissibiliter
507 4226 720 4292 incursurum.
757 4221 966 4289 Preseuoium
989 4220 1049 4286 sub
1070 4224 1181 4286 nostre
1202 4217 1387 4285 maiestatis
1410 4211 1503 4299 sigillo

214 4340 401 4405 testimonio
423 4340 599 4405 literarum.
639 4340 762 4403 Datum
784 4338 888 4419 Prage
910 4353 994 4400 auno
1016 4332 1139 4400 domiui
1159 4331 1335 4399 millesimo
1358 4333 1504 4398 merente

216 4452 296 4518 simo
330 4453 530 4535 sexagesimo
564 4453 676 4532 tercio,
699 4450 881 4518 indiccione
903 4450 1016 4531 prima,
1050 4445 1198 4513 kalendis
1221 4444 1315 4527 Maii,
1346 4458 1507 4529 regnorum

215 4570 398 4632 nostrorum
420 4586 504 4633 auno
528 4567 652 4633 decimo
676 4571 800 4645 octauo,
824 4562 953 4646 imperii
976 4579 1052 4627 vero
1075 4579 1168 4627 nouo.
