3098 5392
220 445 285 512 562
819 448 894 500 ssao.

323 669 448 724 Pametni
466 669 552 724 knihu
571 686 605 722 m.
625 669 727 724 Kolina
750 688 765 723 n
785 688 805 724 r.
827 676 890 726 11501
918 672 964 739 (Α)
988 688 1026 726 na
1042 672 1060 726 l.
1078 676 1145 726 sec.
1163 687 1199 727 aa
1215 671 1357 743 napiscm:
1385 667 1484 737 ,Kdobs

222 766 274 821 mel
288 766 357 834 jslnd
370 765 470 835 jistoty
487 781 524 820 na
542 765 678 820 Kolinske
703 782 720 820 s
744 783 760 818 v
779 781 841 821 roco
861 765 920 835 jicb
938 767 1081 835 neuksizsl,
1105 773 1135 838 ty
1158 768 1239 822 unic
1263 767 1331 835 meji
1355 765 1448 837 piijiti‘
1461 794 1485 803 -

221 863 274 917 Dle
293 862 359 931 orig.
378 862 496 931 registra
513 861 601 916 cisaie
620 860 706 916 liarla
723 861 762 915 IV
781 860 885 932 Glafsy,
904 860 1108 917 Anecdotorum
1129 861 1255 918 collectio
1275 863 1323 934 (B)
1339 861 1377 917 N·
1390 861 1487 916 11le

222 959 362 1028 napiscm:
385 957 572 1027 ,Privilegium
592 974 643 1027 pro
662 958 774 1013 ciuitste
788 958 946 1013 Coloniensi
959 958 1154 1030 snperAlbim,
1172 958 1248 1030 qnod
1259 959 1357 1015 literae
1369 956 1486 1025 etidcjos-
1537 986 1539 991 ·

222 1054 312 1109 sorice
330 1053 480 1118 cautiones,
507 1053 560 1108 nisi
583 1054 657 1109 intra
680 1070 782 1109 annum
808 1061 836 1109 et
860 1053 932 1108 diem
950 1070 968 1110 a
984 1055 1058 1111 iacta
1080 1055 1301 1126 proclamacions
1324 1054 1488 1127 producente,

221 1151 294 1205 cives
312 1166 368 1205 non
386 1149 530 1219 obligent.“
550 1181 584 1192 -
603 1151 749 1218 Varianty:
772 1154 791 1216 ¹)
810 1149 956 1205 fecerimus
969 1151 999 1205 B.
1023 1182 1053 1193 -
1072 1151 1093 1220 ¹)
1110 1151 1315 1207 babeantnrA.
1332 1182 1368 1193 -
1382 1152 1402 1221 ’1
1416 1149 1488 1205 &tm

221 1264 238 1300 s
254 1246 286 1301 B.
304 1276 339 1287 -
357 1247 378 1315 ⁴)
396 1245 515 1301 debeant
532 1248 565 1300 A.

794 1431 857 1515 Cis.
881 1448 955 1516 389.

614 1629 711 1709 13111,
734 1630 756 1697 8
777 1630 929 1698 derina.
950 1631 984 1701 V
1000 1630 1131 1701 Prono.

225 1808 321 1879 Cisal
345 1813 442 1879 Karai
463 1812 518 1878 IV
535 1816 700 1897 potoresp'e
714 1813 840 1881 Petroot'
861 1835 882 1878 a
903 1813 1022 1880 Jcaoos'
1043 1813 1323 1900 mowotcrmgiot
1345 1836 1366 1880 c
1386 1808 1491 1897 jiere-

405 1927 509 1993 ds‘cdm
531 1926 586 1993 list
607 1926 696 1994 areb
717 1929 807 1995 Jana
829 1948 874 1994 tac
894 1925 1091 2011 rpchtdistoi
1108 1930 1211 1994 miste
1233 1928 1342 1994 Hand.

329 2110 468 2177 Karolus
494 2117 627 2192 quartus
651 2110 763 2177 diuina
781 2111 911 2178 lauente
926 2112 1100 2177 clemencia
1114 2111 1336 2180 Romanorum
1348 2113 1496 2195 imperetur

228 2240 355 2305 semper
377 2229 534 2305 augustus
558 2229 590 2288 ct
611 2224 744 2290 Boemie
765 2242 831 2289 ren.
877 2224 997 2290 Notum
1025 2224 1162 2290 facimus
1184 2229 1299 2292 tenore
1320 2224 1500 2308 presencium

225 2336 396 2416 uniuersis,
431 2335 525 2417 quod,
549 2337 628 2417 quia
657 2356 716 2419 pro
745 2343 838 2420 parte
860 2335 1003 2404 fidelium
1033 2337 1126 2404 nobis
1157 2336 1352 2406 dilectorum
1375 2337 1501 2405 Peme

226 2447 248 2514 J
250 2449 385 2514 ohannis
409 2450 567 2516 dictorum
588 2449 787 2534 Leymuater
809 2456 919 2517 nostre
942 2450 1109 2517 serenitati
1131 2451 1301 2519 humiliter
1318 2453 1424 2519 extitit
1441 2467 1501 2531 sup

226 2562 389 2645 plicatum,
412 2569 570 2646 quatenus
594 2562 675 2645 ipsis
698 2569 731 2629 et
752 2563 925 2629 heredibus
956 2564 1099 2646 ipsorum
1130 2563 1294 2644 quoddam
1315 2562 1503 2649 priuilegium

228 2677 313 2741 clare
328 2677 482 2742 memorie
505 2677 703 2742 serenissimi
719 2677 886 2759 principis,
911 2677 1032 2743 domini
1054 2675 1223 2757 iohannis,
1240 2678 1377 2745 condam
1390 2675 1503 2744 Boemio

225 2789 313 2871 regis
335 2788 482 2869 illustris,
507 2789 608 2871 patris
631 2789 734 2853 nostri
758 2789 929 2869 carissimi,
952 2789 992 2854 de
1014 2789 1126 2854 innata
1147 2788 1242 2855 nobis
1264 2790 1399 2872 pietatis
1412 2787 1503 2872 gracia

227 2902 415 2984 approbare,
439 2903 603 2982 innouare,
626 2900 791 2967 ratificare·
815 2907 848 2966 et
877 2899 1065 2967 confirmare
1094 2901 1275 2984 graciosius
1307 2903 1502 2987 dignaremur,

229 3016 320 3081 cuius
343 3016 508 3098 priuilegii
532 3021 623 3081 tenor
646 3034 703 3098 per
726 3016 833 3081 omnia
848 3015 994 3095 seqnitur
1009 3015 1043 3080 in
1059 3015 1118 3081 hec
1134 3014 1247 3080 verba:
1270 3014 1343 3083 Nos
1357 3015 1502 3083 Johmne

227 3133 286 3193 etc.
323 3127 513 3210 (Nasleduje
535 3130 630 3192 zneni
653 3129 731 3193 listn
753 3128 843 3192 lirdle
866 3126 949 3192 Jcna
972 3127 1001 3192 d.
1026 3125 1286 3193 vLucemburku
1309 3129 1354 3195 26
1375 3128 1503 3213 prosince

230 3241 313 3305 1327
343 3240 367 3306 i.
395 3242 480 3324 150),
513 3260 571 3306 nos
597 3260 671 3306 vero
695 3241 935 3307 considerantes
967 3241 1086 3307 dictam
1117 3240 1394 3323 supplicacionem
1420 3242 1504 3309 rocio

226 3355 366 3421 nabilem
388 3357 526 3421 existere
549 3361 581 3421 et
603 3355 708 3421 eidem
730 3355 930 3438 benignitate
952 3356 1048 3422 solita
1070 3371 1212 3421 annuere
1239 3357 1421 3438 cupientes,
1447 3371 1504 3438 pre

226 3469 303 3534 fatis
318 3468 414 3535 Petro
429 3474 461 3534 et
476 3468 617 3533 Johanni
640 3474 673 3534 et
695 3487 806 3534 eorum
828 3469 1008 3547 heredibus,
1032 3469 1138 3534 animo
1158 3466 1349 3551 deliberato,
1370 3488 1411 3536 ex
1430 3470 1502 3536 cetis

229 3581 369 3647 sciencia
399 3586 432 3646 et
462 3581 502 3646 de
531 3587 640 3646 nostre
663 3581 866 3647 celsitudinis
898 3582 1006 3663 gracia
1037 3579 1181 3662 speciali,
1210 3582 1305 3664 regia
1334 3581 1506 3649 auctoritato

228 3694 361 3761 Boemie
391 3696 645 3776 suprascriptum
675 3695 884 3776 priuilegium
914 3694 948 3759 in
979 3692 1125 3759 omnibus
1156 3693 1225 3761 suis
1252 3694 1419 3777 clausulis,
1448 3710 1506 3761 sm·

228 3808 354 3888 tenciis,
387 3810 515 3890 punctis
539 3813 572 3873 et
593 3807 750 3887 articulis,
782 3812 877 3889 prout
907 3808 947 3871 de
977 3806 1075 3872 uerbo
1097 3806 1139 3872 ad
1161 3806 1296 3874 verbum
1319 3814 1507 3892 expressam

233 3923 391 4003 superius,
426 3922 648 4004 approbamus,
683 3923 886 4000 inuouemus,
917 3920 1114 3986 ratificamus
1149 3925 1182 3986 et
1215 3922 1380 4004 presentis
1412 3916 1508 4002 scripti

230 4036 409 4116 patrocinio
439 4034 671 4114 confirmanius,
702 4036 910 4100 decernentes
941 4052 1102 4116 expresse,
1136 4035 1221 4117 quod
1247 4034 1373 4102 dictum
1394 4032 1509 4120 priuile

230 4149 318 4229 giurn
341 4153 375 4213 et
397 4149 503 4214 omnia
525 4169 563 4213 sc
586 4149 714 4230 singule
735 4148 769 4214 in
793 4167 830 4214 eo
861 4152 1010 4213 contenta
1039 4147 1164 4214 roboris
1194 4154 1354 4231 perpetue
1383 4149 1511 4217 obunco

230 4261 367 4325 debeant
389 4259 580 4327 firmitatem.
606 4262 813 4327 Presencium
836 4260 895 4326 sub
918 4259 1079 4343 imperiali
1094 4265 1205 4327 nostre
1218 4261 1405 4331 maiestatis
1419 4260 1511 4345 sigillo

231 4375 416 4439 testimonio
438 4375 611 4440 literarum.
659 4375 778 4438 Datum
801 4374 904 4454 Prage
934 4392 1018 4438 anno
1048 4373 1170 4439 domini
1199 4373 1377 4443 millesimo
1405 4382 1514 4442 11111111·

231 4485 345 4549 tesimo
370 4487 578 4568 sexagesimo,
606 4484 787 4550 indiccione
809 4485 910 4549 tercia
926 4485 1058 4563 decima,
1084 4489 1173 4551 sexto
1195 4484 1271 4552 idus
1288 4486 1394 4570 Junii,
1415 4505 1515 4572 regno

231 4616 301 4659 rum
325 4602 505 4662 nostrorum
529 4617 612 4663 anno
637 4603 751 4679 qirarto
769 4598 901 4677 decimo,
926 4597 1053 4679 imperii
1075 4616 1151 4663 vero
1173 4604 1275 4666 sexto.
