3098 5392
596 471 671 520 rraa.
1227 471 1291 538 285

10 681 117 745 reione
138 679 246 744 berne
267 678 386 760 regalis
410 697 473 744 non
499 696 613 760 parum
643 679 833 744 contrariari
863 679 1081 761 perhibentur,
1112 680 1291 746 honorabili

10 795 56 859 iro
79 792 232 875 Nycolao
248 791 289 856 de
303 791 445 872 Brunna,
470 791 661 857 cancellario
677 796 797 871 nostro,
821 791 1081 856 commiseramus
1097 791 1292 875 diligencius

10 906 227 988 ognoscenda.
250 904 326 988 Ipse
346 923 486 986 namque
508 905 700 971 examinatis
722 904 847 987 prelato
865 923 962 970 cause
984 906 1108 972 meritis
1132 923 1170 973 aa
1192 907 1294 989 priui-

10 1021 152 1103 cgiorum
174 1018 321 1102 ipsorum
348 1024 461 1085 tenore
488 1019 581 1100 lecto,
616 1019 797 1084 auscultato
828 1018 978 1084 striccius
1009 1024 1042 1084 et
1070 1021 1221 1102 perlecto,
1252 1019 1292 1085 de

10 1141 119 1199 natura
149 1151 212 1198 sua
241 1132 477 1199 deliberacione
505 1133 735 1215 pronuntiauit
756 1151 794 1198 ac
816 1130 997 1198 deffinitiue
1029 1133 1213 1215 prolocutus
1243 1138 1294 1200 est

10 1266 100 1313 uram
121 1247 221 1312 nobis
244 1252 282 1312 et
299 1247 388 1312 curio
416 1251 528 1312 nostre
542 1246 739 1329 proceribus,
762 1246 882 1312 dictam
904 1246 1070 1312 ciuitatem
1092 1247 1293 1313 Lutbomeri·

10 1380 122 1427 :ensem
154 1359 248 1425 robis
278 1364 311 1424 et
340 1365 447 1425 vestro
476 1360 671 1425 monasterio
702 1359 827 1440 debere,
858 1359 962 1425 teneri
992 1365 1025 1424 et
1053 1359 1294 1425 racionabiliter

10 1475 131 1557 ibligan'
168 1477 352 1556 presentem
383 1473 517 1539 bernam
546 1478 579 1539 et
606 1475 688 1539 alias
719 1476 843 1556 regales
873 1473 990 1539 bemas
1021 1473 1062 1538 de
1091 1472 1238 1538 omnibus
1261 1477 1295 1538 et

10 1589 132 1671 singulis
166 1586 270 1668 bonis,
302 1587 561 1668 possessionibus
592 1593 625 1653 et
654 1587 786 1670 prediis,
817 1606 879 1670 qne
900 1606 920 1652 a
942 1586 1028 1653 dicto
1056 1592 1163 1652 vestro
1185 1604 1294 1652 mona-

11 1703 96 1768 sterio
119 1705 244 1779 tenent,
267 1700 436 1783 possident
463 1700 701 1782 quomodolibet
723 1705 757 1766 et
777 1700 904 1780 habent,
936 1699 1013 1764 dare
1040 1706 1073 1766 et
1101 1700 1294 1781 persoluere,

11 1816 100 1881 eidem
121 1814 321 1880 monasterio
338 1813 504 1879 dmntarat
526 1818 559 1878 ot
580 1832 644 1879 non
664 1813 724 1879 alii
748 1814 869 1879 homini
894 1814 944 1879 vel
966 1832 1111 1894 persone.
1135 1812 1203 1879 Nos
1218 1831 1293 1878 vero

12 1929 144 1993 eiusdem
167 1926 353 1992 cancellarii
375 1927 477 1992 nostri
499 1926 802 2009 pronunciacionem
828 1931 938 2009 vtpote
967 1928 1095 2007 iustam,
1125 1945 1240 2008 equam
1262 1931 1296 1991 et

13 2042 120 2107 racioni
157 2058 330 2106 consonam
362 2038 586 2121 approbamus,
620 2036 827 2119 ratificamus,
862 2037 1081 2120 gratificamus
1116 2044 1148 2104 et
1182 2037 1294 2104 confir·

13 2173 132 2234 narnus,
157 2172 195 2218 ac
217 2158 332 2232 ratam,
355 2158 487 2234 gratam,
510 2150 635 2218 firmam
657 2156 690 2216 et
711 2152 930 2218 inviolabilem
954 2153 1100 2218 volumus
1123 2152 1294 2235 irrefraga-

15 2264 108 2332 biliter
130 2272 287 2348 perpetuo
310 2284 514 2348 permanere;
549 2265 756 2347 diffinientes,
780 2266 976 2332 sanctientes
999 2271 1032 2331 et
1053 2270 1163 2332 nostro
1186 2265 1295 2331 decer-

16 2387 113 2445 nentes
136 2379 276 2459 decreto‚
309 2379 394 2460 quod
416 2379 533 2461 prefati
551 2431 582 2444 ..
607 2381 696 2445 ciues
718 2378 1019 2444 huthomericenses
1043 2379 1146 2444 dictas
1169 2383 1293 2444 vestras

19 2493 224 2569 possessiones
248 2497 281 2557 et
304 2492 416 2573 predia
448 2491 651 2573 possidentes
682 2496 864 2574 presentem
898 2496 930 2555 et
952 2492 1033 2557 alias
1062 2491 1178 2556 bernas
1209 2491 1295 2557 dicto

20 2611 109 2671 retro
141 2607 337 2672 monasterio
370 2611 403 2670 et
432 2606 523 2671 vobis
556 2605 694 2671 debeant
723 2612 756 2670 et
785 2610 955 2671 teneantur
985 2604 1024 2670 de
1054 2611 1160 2670 cetero
1193 2606 1296 2670 exsul·
1394 2608 1397 2613 ’

24 2735 84 2783 nere
97 2726 126 2784 et
142 2720 219 2785 dare
234 2721 321 2785 omni
337 2720 539 2801 ereepcionis
556 2725 588 2785 et
604 2719 825 2784 cauillocionis
842 2718 1006 2784 obstaculo
1022 2720 1152 2799 penitus
1171 2719 1296 2800 procul-

26 2833 110 2907 notis,
131 2834 321 2898 mandantes
344 2833 479 2915 prefatis
496 2885 527 2897 ..
553 2832 688 2913 ciuibus,
720 2839 877 2914 quatenus
909 2832 1130 2897 huiuscemodi
1153 2838 1295 2896 nostram

28 2942 224 3012 ‹lefinicionem
247 2952 345 3028 atque
368 2948 633 3027 constitucionem
661 2945 891 3009 inviolabiliter
911 2944 1048 3010 debeant
1070 2951 1102 3008 et
1126 2950 1296 3009 teneantur

31 3055 268 3141 irrrl'ragabiliter
292 3060 472 3139 obseruare,
496 3059 754 3139 indignacionem
774 3064 916 3122 nost-ram
931 3064 964 3122 et
979 3075 1088 3138 penas,
1113 3062 1295 3138 pronastro

32 3178 97 3235 notu
117 3174 316 3256 infligendas,
340 3174 368 3237 si
392 3179 502 3238 contra
524 3178 715 3253 attemptare
738 3172 1001 3253 presumpserint,
1029 3171 1297 3235 irremissibiliter

34 3278 171 3352 incursuri.
218 3287 254 3350 ln
284 3305 418 3368 qnorum
449 3286 590 3350 omnium
620 3285 840 3350 testimonium
873 3290 969 3366 atque
1002 3285 1100 3349 robur
1128 3288 1296 3364 presentes

34 3390 128 3463 litteras
160 3398 321 3465 conscribi
355 3404 387 3463 et
420 3400 522 3464 nostri
556 3398 656 3479 sigilli
692 3397 869 3478 patrocinio
904 3397 1059 3461 iussimus
1093 3395 1292 3461 communiri.

37 3503 123 3575 butum
151 3532 233 3577 anno
265 3512 387 3576 domini
417 3511 588 3575 millesimo
618 3511 843 3575 trecentesimo
873 3511 1038 3575 tricesimo
1068 3515 1191 3592 quarto,
1216 3510 1297 3575 feria

38 3621 119 3695 quinm
138 3626 190 3690 die
208 3625 317 3689 xviii
333 3625 452 3688 mensis
468 3624 558 3705 blaii,
582 3623 768 3688 indictionis
786 3623 934 3703 secundo,
959 3624 992 3688 in
1009 3628 1113 3688 castro
1129 3624 1293 3704 Pragcnsi.

109 3796 175 3864 Orig.
194 3813 270 3866 perg.
291 3813 306 3847 r
325 3799 372 3848 eis.
392 3795 553 3849 universitni
571 3795 710 3849 knihovnb
728 3811 744 3846 v
762 3796 854 3848 Praze.
891 3794 925 3847 Se
944 3795 1081 3848 sekretenr
1099 3795 1297 3848 morkrabdeim
1328 3853 1333 3862 ,

34 3898 57 3936 Μ
69 3906 130 3961 perg.
148 3893 275 3962 prouilru
292 3892 464 3960 zareieny'm,
484 3909 519 3945 na
532 3894 608 3945 nimi
627 3891 669 3945 dte
690 3908 720 3945 se
738 3891 868 3960 legenda:
890 3891 1105 3956 ,†SlG1bLUM
1117 3921 1121 3930 ·
1133 3889 1286 3944 arboni·

33 3978 238 4042 tltlbolfflh'll'l
250 4018 255 4029 ·
266 3987 372 4042 Ith'GlS
383 4018 388 4028 ·
399 3987 590 4054 abablius.
615 3989 658 4042 Na
676 3989 746 4041 rnbu
766 3989 860 4056 listiny
878 3989 968 4041 rnlrou
986 3987 1049 4042 xiv
1069 3987 1175 4041 stolati:
1203 3987 1296 4054 ,Quod

29 4077 83 4134 dues
104 4083 358 4138 Luthomericenses
382 4084 494 4137 bernam
519 4083 629 4137 solnant
653 4083 768 4138 ecclesie
793 4083 995 4137 Dokzanensi.“
1025 4115 1059 4122 -
1078 4082 1177 4151 Chytil,
1203 4080 1297 4137 Codex

26 4173 141 4235 horariae
158 4181 219 4236 VIL
239 4186 286 4235 str.
299 4186 339 4233 11.
357 4211 393 4220 —
410 4179 511 4247 Emler,
528 4180 648 4249 Regesta
666 4180 711 4232 1v.
731 4179 752 4233 b.
773 4186 813 4234 48.
837 4209 867 4217 -
886 4179 954 4233 liral
971 4180 1033 4245 Jan,
1052 4179 1196 4248 potrrzuje
1214 4180 1296 4232 lislam

22 4272 160 4330 dolhaze
178 4282 210 4328 2!
231 4277 325 4328 blezna
346 4279 410 4326 1321!
438 4274 562 4329 kltiteru
587 4274 740 4328 Oseclrdmu
761 4275 826 4340 jebo
851 4275 1002 4344 privilegia,
1029 4275 1163 4344 upravnje
1186 4276 1230 4329 tei
1248 4292 1296 4344 po-

19 4372 207 4440 ntrylrlfiitera
215 4371 282 4426 toho
293 4372 312 4424 lr
322 4372 440 4425 mistdm
450 4370 635 4440 kralorskym,
648 4370 752 4424 zvlaitd
762 4371 980 4425 hLitomdlictlnr
991 4371 1119 4437 ablostu,
1131 4388 1147 4425 a
1157 4371 1213 4425 sico
1222 4376 1297 4426 usta·

14 4470 115 4538 nomje:
135 4469 287 4538 „Volumus
306 4467 393 4521 eciam
413 4477 441 4520 et
457 4467 581 4536 plenarie
603 4466 780 4533 admittimus,
806 4467 881 4520 utin
901 4466 1031 4535 predictis
1050 4468 1130 4521 bonis
1149 4467 1227 4533 fabri,
1252 4465 1296 4523 su'-

11 4573 85 4632 rores,
111 4572 243 4632 sartores,
269 4564 392 4634 pistores
418 4570 445 4616 et
468 4564 581 4617 taberne
609 4562 703 4616 haberi
730 4562 846 4631 possint,
875 4562 1028 4631 ubicumque
1053 4563 1133 4618 dictis
1158 4565 1250 4619 abbati
1270 4572 1297 4618 et

10 4664 149 4718 concentui
168 4661 307 4716 ridebitur
317 4658 458 4730 expedire,
478 4666 505 4713 et
520 4658 593 4728 quod
612 4658 737 4712 homines
756 4656 913 4714 recedentes
933 4657 966 4711 de
985 4658 1183 4716 hereditatibus
1204 4676 1296 4713 mona-
