3098 5392
701 456 777 508 1401.
1321 457 1386 523 953

105 666 244 741 otarunt,
280 667 377 744 prout
400 662 433 727 in
456 662 632 729 autenticis
656 664 776 730 litteris
799 681 896 746 super
918 662 1104 729 huiusmodi
1126 665 1289 731 erectione
1315 685 1389 732 con-

105 776 188 856 ectiS,
226 789 362 857 quarum
395 781 540 843 tenorem
574 776 780 859 presentibus
815 777 928 843 haberi
957 777 1106 844 volumus
1135 796 1193 859 pro
1223 796 1386 862 expresso,

109 889 207 952 icitur
230 889 358 971 plenius
384 889 552 972 contineri,
580 891 731 974 quodque
752 890 879 973 prefata
902 891 1026 972 capella
1048 895 1122 972 post
1144 891 1248 972 ipsius
1272 893 1387 959 erecti·

104 1021 178 1067 nem
201 1008 234 1067 et
249 1003 452 1071 dotacionem
468 1003 656 1071 huiusmodi
677 1008 804 1071 rectore
825 1004 930 1071 caruit
953 1008 986 1070 et
1007 1008 1098 1071 caret
1119 1005 1160 1069 de
1182 1006 1325 1087 presenti
1354 1011 1388 1070 et

107 1115 204 1182 ebitis
227 1122 399 1199 propterea
420 1118 456 1183 in
472 1116 595 1184 diuinis
618 1116 809 1184 destituitur
831 1118 1005 1202 obsequiis,
1027 1115 1172 1185 fidelium
1194 1117 1236 1184 ad
1253 1117 1388 1184 eandem

105 1230 242 1310 apellem
275 1230 509 1299 confluencium
537 1232 676 1314 tepescit
703 1231 848 1313 deuocio,
884 1236 918 1296 et
947 1231 1013 1296 alia
1043 1229 1160 1296 exinde
1186 1231 1389 1297 incommoda

105 1350 162 1408 unt
192 1349 365 1410 consecuta
399 1349 432 1410 et
464 1345 617 1426 consequi
648 1362 746 1428 posse
774 1342 999 1411 formidantur.
1045 1342 1127 1410 Cum
1149 1348 1268 1426 autem,
1304 1345 1390 1411 sicut

105 1456 201 1522 adem
233 1457 354 1539 peticio
386 1458 611 1541 subiungebat,
641 1459 728 1541 apud
757 1457 893 1525 eandem
923 1459 1090 1541 capellam,
1123 1458 1218 1541 longe
1252 1477 1272 1523 a
1302 1457 1389 1524 dicta

105 1570 284 1635 arrochiali
319 1571 457 1636 ecclesia
488 1571 671 1652 distantem,
701 1572 908 1654 quamplures
931 1571 1103 1655 utriusque
1125 1590 1221 1638 sexus
1244 1572 1390 1638 homines

105 1684 236 1750 abitent
266 1690 299 1749 et
321 1685 488 1751 resideant
518 1691 550 1750 et
572 1685 606 1750 iu
629 1684 773 1751 futurum
796 1691 928 1752 auctore
959 1686 1090 1754 domino
1112 1687 1222 1769 plures
1245 1685 1391 1753 residere

106 1803 120 1862 t
155 1797 302 1863 habitare
335 1797 558 1864 verisimiliter
592 1803 772 1881 sperentur,
807 1817 943 1881 quorum
976 1800 1069 1882 pueri
1103 1817 1162 1881 pro
1195 1799 1391 1882 baptismate

106 1909 307 1993 uscipiendo,
331 1916 365 1977 et
387 1911 617 1978 decedencium
639 1911 761 1979 ibidem
781 1930 839 1995 pro
854 1919 999 1996 tempore
1015 1931 1150 1996 corpora
1165 1914 1389 1980 ecclesiastice

106 2027 256 2108 epulture
288 2025 447 2092 tradenda
476 2031 608 2110 propter
638 2025 823 2092 huiusmodi
854 2025 1048 2093 distauciam
1078 2032 1112 2091 et
1140 2026 1391 2094 inundacionem

105 2159 265 2221 quarum,
300 2141 472 2223 presertim
502 2140 643 2224 hyemali
672 2145 817 2222 tempore
846 2138 1042 2226 plus[quam]
1073 2140 1169 2206 solite
1203 2158 1391 2208 excrescen-

108 2256 185 2335 ium,
220 2254 262 2321 ad
291 2255 396 2336 ipsam
425 2254 661 2338 parrochialem
695 2254 865 2321 ecclesiam
889 2256 1055 2322 commode
1077 2252 1196 2320 deterri
1219 2260 1390 2338 nequeant,

105 2388 148 2434 »ro
179 2375 272 2450 parte
302 2369 462 2436 dictorum
491 2366 615 2449 decani,
651 2367 796 2450 capituli,
826 2369 962 2435 rectoris
997 2373 1030 2434 et
1059 2368 1271 2450 opidanorum
1296 2368 1390 2436 nobis

105 2482 156 2547 uit
177 2482 344 2548 humiliter
366 2481 593 2565 supplicatum,
619 2485 656 2547 ut
677 2481 874 2563 fundacioni,
901 2482 1150 2563 coustruccioni,
1173 2483 1335 2549 ereccioui
1359 2487 1391 2549 et

105 2596 255 2662 lotacioni
278 2597 464 2664 huiusmodi
487 2597 585 2663 robur
599 2596 778 2679 apostolice
792 2594 1051 2663 confirmacionis
1066 2596 1218 2662 addicere
1233 2596 1390 2679 ipsisque,

105 2709 178 2791 quod
208 2710 243 2775 iu
266 2710 354 2777 dicta
384 2711 509 2792 capella
538 2709 644 2775 sontes
675 2710 801 2792 erigere
829 2709 1039 2792 baptismales
1070 2715 1104 2776 et
1125 2710 1160 2775 iu
1182 2710 1249 2776 illis
1271 2728 1390 2793 pueros

105 2823 279 2888 uniusmodi
302 2824 492 2890 stallorum
516 2840 617 2906 prope
639 2824 745 2905 ipsam
765 2823 922 2904 capellam
946 2823 1215 2891 commorancium
1238 2840 1297 2905 pro
1311 2829 1392 2889 tem·

105 2955 170 3002 »ore
192 2943 362 3004 nascentes
385 2937 545 3019 baptizari
568 2935 684 3017 lacere,
716 2954 754 3002 ac
776 2936 957 3019 predictum
981 2937 1177 3003 cimiterium
1199 2955 1257 3019 pro
1279 2937 1392 3002 huius·

105 3051 179 3116 nodi
204 3051 370 3132 sepultura
394 3051 560 3118 hominum
582 3049 800 3132 predictorum
824 3054 857 3116 et
878 3051 1015 3117 aliorum
1039 3049 1159 3117 ibidem
1183 3050 1315 3131 sepeliri
1333 3051 1390 3116 eli·

105 3165 242 3244 gencium
266 3164 422 3246 deputare
443 3164 545 3231 libere
568 3170 602 3230 et
625 3164 716 3230 licite
738 3163 877 3244 valeant,
897 3164 1066 3230 licenciam
1083 3162 1258 3230 concedere
1274 3165 1393 3245 ipsam·

105 3295 158 3359 que
181 3278 336 3360 capellam
367 3278 453 3344 dicte
475 3277 670 3360 parrochiali
694 3277 832 3343 ecclesie
862 3277 999 3359 eiusque
1019 3276 1138 3343 rectori
1168 3295 1225 3359 pro
1248 3282 1393 3360 tempore

105 3391 248 3456 existenti
271 3409 329 3473 pro
352 3397 508 3473 perpetuo
532 3391 635 3473 unire,
659 3395 834 3456 annectere
855 3394 889 3456 et
911 3391 1118 3473 incorporare
1138 3391 1179 3456 de
1193 3391 1393 3473 benignitate

105 3505 272 3586 spostolica
302 3505 517 3587 dignaremur.
565 3505 632 3570 Nos
662 3505 764 3587 igitur
798 3504 984 3570 huiusmodi
1017 3504 1312 3586 supplicacionibus
1343 3505 1392 3570 in·

105 3619 208 3683 :linati
230 3616 467 3699 fundacionem,
501 3619 787 3698 coustruccionem,
819 3618 1018 3685 erectionem
1041 3624 1073 3684 et
1096 3618 1299 3684 dotationem
1320 3636 1392 3698 pre-

105 3731 211 3812 lictas,
235 3737 268 3797 et
289 3750 478 3816 quecunque
502 3733 580 3799 inde
602 3737 725 3813 secuta,
748 3736 819 3797 rata
841 3731 995 3797 habentes
1013 3739 1045 3796 et
1060 3736 1161 3814 grata,
1181 3712 1238 3796 illa
1252 3731 1391 3796 auctori·

105 3849 164 3909 ate
199 3846 378 3927 apostolica
411 3865 451 3911 ex
482 3852 569 3912 certa
600 3847 741 3913 sciencia
773 3843 997 3912 confirmamus
1027 3849 1060 3911 et
1088 3845 1250 3927 presentis
1279 3843 1393 3925 scripti

105 3959 277 4027 latrocinio
312 3959 554 4041 communimus,
590 3962 776 4042 supplentes
808 3978 918 4027 omnes
949 3958 1105 4039 delectus,
1137 3959 1166 4023 si
1198 3959 1253 4041 qui
1283 3957 1393 4024 forsan

107 4074 333 4138 nteruenerint
363 4075 397 4138 in
427 4074 568 4154 eisdem;
599 4075 746 4156 ipsisque
777 4075 908 4155 decano,
944 4075 1095 4155 capitulo,
1124 4072 1243 4139 rectori
1273 4075 1306 4138 et
1324 4071 1394 4153 opi·

105 4186 202 4267 lanis,
234 4186 331 4251 utin
364 4186 437 4268 ipsa
470 4187 593 4268 capella
624 4184 729 4253 fontes
752 4186 962 4269 baptismales
995 4204 1054 4268 pro
1076 4183 1261 4251 huiusmodi
1283 4185 1394 4267 pueris

105 4299 300 4382 rapt-isandis
325 4299 405 4381 erigi
430 4305 462 4364 et
484 4315 601 4381 pueros
625 4300 713 4381 ipsos
736 4300 817 4365 inibi
832 4300 990 4382 baptisari
1005 4299 1121 4380 lacere,
1141 4317 1179 4364 ac
1195 4298 1390 4364 cimiterium

106 4413 277 4479 ›redictum
308 4432 366 4494 pro
389 4413 574 4478 huiusmodi
598 4412 785 4494 corporibus
809 4412 1004 4496 sepeliendis
1028 4413 1194 4494 deputare,
1224 4413 1394 4493 ipsamque

105 4526 253 4608 :spellam
284 4525 358 4591 aliis
388 4525 645 4608 parrochialibus
676 4526 827 4608 insigniis
858 4527 1010 4593 decorare
1043 4526 1144 4592 libere
1173 4532 1206 4592 et
1228 4525 1318 4592 licito
1340 4544 1394 4592 va·

106 4644 196 4719 eant,
220 4640 414 4705 auctoritate
436 4639 582 4721 predicta
604 4646 717 4705 tenore
740 4642 941 4721 presencium
965 4640 1006 4707 de
1022 4640 1155 4724 speciali
1171 4639 1282 4722 gracia
1296 4639 1391 4705 licen·
