3098 5392
204 423 268 519 710
799 452 875 506 rora.

199 649 347 729 sanemus
370 662 452 744 ipsis
475 667 509 728 et
530 662 677 746 opidanis
708 680 820 730 eorum
843 662 878 729 in
899 661 1104 747 Wytinguon
1126 666 1159 727 et
1180 659 1215 727 in
1237 659 1377 743 swano,
1407 658 1485 745 quod

200 776 299 843 semel
332 774 499 842 dumtaxat
528 775 562 841 in
592 775 772 858 septimana
806 775 936 858 opidani
968 776 1001 843 in
1031 775 1236 861 Wytinguon
1273 776 1355 843 duos
1386 793 1492 842 currus

200 890 279 956 salis
309 894 342 955 et
370 909 434 957 non
456 889 567 973 plures
597 888 639 956 de
667 889 787 957 Libora
820 890 953 957 ciuitate
987 891 1041 957 via
1074 890 1198 957 directa
1231 907 1345 956 versus
1377 888 1495 956 dictum

202 1003 334 1087 opidum
344 1003 551 1089 wiringum,
575 1003 632 1072 sed
655 1010 689 1071 et
709 1005 759 1072 illi
781 1003 822 1072 de
844 1005 972 1073 Suenoz
995 1025 1091 1072 vnum
1115 1024 1244 1072 currum
1267 1004 1357 1085 salis,
1381 1009 1415 1070 et
1436 1022 1496 1070 non

204 1117 325 1201 plures,
348 1117 383 1184 in
406 1117 587 1201 septimana
610 1116 650 1183 de
665 1117 784 1184 Libera
805 1118 940 1186 ciuitate
954 1118 1100 1202 predicta
1113 1135 1228 1185 versus
1244 1117 1352 1201 ipsum
1368 1115 1499 1201 opidum

204 1228 334 1299 Swencn
356 1231 483 1315 possint
515 1230 677 1298 adducere
698 1236 731 1297 et
752 1230 872 1298 ibidem
894 1230 1050 1312 vendere;
1081 1250 1142 1298 nac
1162 1230 1274 1298 licebit
1296 1230 1422 1297 eisdem
1444 1248 1500 1313 per

201 1344 299 1410 aliam
328 1343 415 1410 viam
444 1343 597 1425 transire,
630 1359 735 1425 noque
764 1343 805 1409 de
837 1344 906 1411 sale
931 1343 978 1410 sio
999 1342 1140 1411 adducto
1162 1344 1204 1410 ad
1225 1344 1292 1410 alia
1313 1343 1388 1410 loca
1408 1342 1501 1427 quid·

204 1474 301 1539 quam
323 1456 491 1525 abducere.
514 1456 559 1523 Et
580 1458 614 1523 in
639 1475 760 1539 casum,
782 1475 845 1541 quo
867 1475 961 1524 secus
984 1455 1136 1538 facerent
1166 1456 1292 1524 licitum
1320 1458 1385 1523 erit
1408 1456 1499 1524 robis

203 1574 271 1637 tam
295 1571 344 1637 sal
366 1588 424 1654 per
445 1571 543 1637 aliam
574 1571 659 1637 viam
689 1568 863 1636 adductum
885 1575 919 1636 at
940 1571 1024 1636 vltra
1045 1575 1112 1637 tres
1135 1589 1250 1637 currus
1270 1569 1439 1654 predictos
1461 1570 1502 1636 ad

202 1683 300 1767 opida
321 1683 516 1766 huiusmodi,
540 1688 575 1749 vt
597 1683 805 1767 premittitur,
828 1688 1032 1767 apportatum
1066 1702 1139 1750 cnm
1161 1684 1236 1751 aliis
1258 1683 1358 1750 rebus
1382 1679 1512 1751 ibidem

204 1796 349 1864 inuentis
381 1799 527 1880 recipere
559 1816 598 1864 ac
631 1798 733 1865 eciam
765 1803 936 1880 arrestum,
969 1802 1066 1880 prout
1098 1798 1195 1865 dietis
1228 1798 1270 1865 de
1302 1798 1503 1881 Rosemberg

205 1909 318 1976 literas
341 1908 381 1976 de
403 1909 464 1976 hoo
486 1910 677 1992 scripsimus
700 1911 866 1994 speciales.
894 1910 993 1977 Vobis
1017 1911 1217 1995 iniungimus
1239 1917 1274 1978 et
1294 1912 1503 1995 presentibus

203 2023 326 2090 seriose
340 2023 541 2105 mandamus,
564 2028 723 2107 quatenus
739 2025 964 2092 inconcussam
976 2023 1216 2091 ordinacionem
1231 2022 1380 2090 debeatis
1391 2024 1504 2091 huius·

205 2136 292 2202 modi
316 2135 488 2203 obseruare
510 2141 544 2202 et
566 2137 795 2204 nichilominus
810 2139 918 2205 omnia
939 2137 1006 2203 alia
1027 2137 1113 2204 inter
1126 2137 1232 2205 dictos
1247 2137 1288 2204 de
1301 2135 1503 2220 Rosemberg

206 2266 244 2316 ac
269 2266 381 2316 eorum
402 2249 549 2317 homines
573 2250 614 2317 ab
636 2269 700 2318 vna
722 2257 823 2336 porto,
846 2270 970 2318 necnon
992 2270 1049 2318 vos
1072 2250 1113 2317 ab
1134 2251 1200 2317 alia
1214 2252 1382 2317 vertenaia
1401 2269 1504 2334 voque

204 2361 247 2428 ad
268 2362 387 2430 festum
409 2363 593 2430 natiuitatis
617 2362 739 2431 christi
761 2365 906 2449 proximo
932 2383 1017 2431 nuno
1046 2364 1191 2431 futurum
1219 2369 1331 2432 tenere
1365 2363 1503 2447 pacifice

205 2476 240 2542 in
262 2494 429 2560 suspenso,
452 2496 512 2544 nec
533 2482 641 2560 preter
663 2496 711 2559 ea,
736 2497 799 2562 que
822 2478 972 2562 superius
996 2477 1190 2558 dictasunt
1221 2478 1365 2561 aliquam
1396 2476 1505 2544 facere

205 2590 393 2673 nouitatem,
420 2595 517 2674 prout
541 2595 684 2658 nostram
713 2590 973 2673 indignacionem
1003 2590 1171 2657 volueritis
1202 2590 1335 2656 euitare.
1383 2590 1507 2656 Datum

213 2700 317 2786 Prage
350 2704 404 2770 die
435 2702 525 2770 XXV
550 2703 641 2783 Maii,
672 2723 845 2787 regnorum
874 2710 1056 2772 nostrorum
1089 2722 1174 2769 anuo
1206 2701 1338 2785 XXXII,
1375 2704 1506 2787 imperii

214 2834 291 2883 vero
314 2816 467 2883 vicesimo
490 2822 614 2898 quomo.

704 2922 767 2987 Per
789 2922 953 2988 dominum
967 2922 1163 3005 Pragonsem
1178 2921 1461 3006 archiepiscopum

879 3035 919 3100 de
941 3035 1106 3103 Poznania
1128 3035 1292 3101 Nicolaus.

311 3205 383 3279 Orig.
407 3223 482 3278 perg.
507 3208 652 3264 varchirn
677 3224 711 3261 m.
736 3206 894 3275 Buddjovie.
929 3206 973 3262 Na
996 3207 1067 3262 rubu
1089 3206 1242 3279 piitisknut
1259 3206 1388 3278 clsaisky
1407 3210 1504 3263 sehet

212 3321 229 3360 a
246 3307 468 3375 poznamenano:
498 3303 590 3371 „Quod
609 3309 716 3359 tantum
735 3320 804 3359 nnus
829 3319 924 3358 currus
944 3303 1010 3358 salis
1028 3304 1058 3358 in
1075 3304 1147 3359 Swin
1165 3308 1193 3357 et
1211 3302 1266 3358 duo
1285 3303 1313 3357 in
1330 3303 1461 3360 ‘I'nzebon
1480 3314 1507 3359 et

209 3418 265 3457 non
283 3402 377 3471 plures
396 3400 562 3457 ebdomatim
587 3399 649 3455 duci
670 3400 771 3455 debent
789 3399 828 3452 Νο
845 3404 902 3454 25.“
939 3397 1054 3468 Novejsr
1071 3399 1162 3454 rnlrou
1179 3399 1329 3470 piipsano:
1361 3401 1422 3466 „Ad
1440 3401 1508 3456 fasc.

213 3497 254 3552 111
271 3497 310 3552 Ν0
326 3497 395 3568 Dap.
415 3502 472 3552 w

752 3691 782 3758 n
806 3691 861 3758 cs.
885 3691 959 3759 sae.

587 3845 684 3927 1378,
706 3846 749 3913 as
771 3847 925 3916 avesna.
946 3847 980 3916 v
996 3845 1127 3917 ursae.

452 3981 549 4088 osup
564 4003 710 4089 paupe
726 4002 862 4090 penae
877 4003 1147 4090 praenotasse
1169 4003 1256 4071 omo.

314 4178 413 4245 Xarel
436 4177 539 4262 dtvrty
562 4179 666 4247 aboit
694 4181 816 4249 milosti
839 4165 974 4268 nrmsny‘
997 4182 1083 4249 cinai
1105 4182 1187 4266 vidy
1208 4184 1420 4251 ronmnoiitel
1439 4185 1508 4252 iiie

211 4277 359 4375 adosrp
381 4292 460 4357 kral.
506 4292 670 4377 Rycbtaii
701 4293 889 4362 kondeluom
920 4295 932 4361 i
960 4294 1010 4361 vil
1032 4295 1103 4362 obci
1125 4297 1229 4362 mesta
1251 4295 1374 4363 nadebo
1398 4298 1509 4365 Bude-

206 4406 304 4488 jovio,
327 4405 460 4488 verny'm
482 4406 588 4472 nadim
610 4408 729 4491 mily‘m‚
752 4409 863 4474 milost
883 4408 956 4474 nati
978 4427 998 4473 a
1020 4408 1138 4476 vdecko
1161 4407 1269 4475 dobrd.
1293 4407 1396 4476 Vernl
1417 4412 1507 4477 mill!

212 4518 381 4584 Pondvadi
403 4519 560 4586 ksualnd
582 4523 707 4589 iadosti
730 4522 911 4607 uroneny'ch
933 4523 1196 4607 zRonmberglra,
1226 4523 1369 4608 vernyob
1392 4525 1509 4592 uabich

209 4633 338 4716 milich,
357 4632 443 4715 jsme
464 4633 621 4717 dopustili
641 4637 655 4702 i
673 4635 758 4720 josto
781 4636 902 4720 piejem
924 4637 985 4719 jim
1001 4654 1021 4702 a
1035 4636 1216 4720 poddanym
1234 4637 1304 4719 jich
1325 4637 1506 4707 v'lieboni
