3150 5378
144 373 208 440 120
765 373 841 431 ml.

141 577 242 633 kwrou
267 595 302 636 za
327 580 363 633 ub
388 577 456 648 pied
484 578 588 633 mssem
614 577 677 633 sedl
701 595 720 633 a
744 578 908 644 ,Ekbsrdus
932 578 1062 650 magister
1085 578 1187 634 urburs
1209 584 1237 634 ct
1255 584 1371 635 moneta
1388 595 1440 649 per

140 674 306 741 Boemsnfl,
324 675 450 746 proviniv
467 691 499 730 se
515 674 774 744 protilrrrili,vzdal
792 690 822 729 se
841 677 923 730 lietera
940 678 967 731 d
984 676 1096 730 oum
1112 675 1247 730 auam
1264 679 1336 729 1892
1352 675 1439 731 richo

139 774 226 842 prava
243 771 394 841 kmlynum
413 787 431 824 u
448 769 551 825 Kollna
568 770 673 825 lellcim
693 770 862 838 (molendina
886 787 971 842 super
988 771 1103 826 Aibeam
1120 769 1234 827 fluuium
1253 777 1282 826 et
1300 772 1354 828 sub
1373 773 1439 826 ciui·

139 872 197 921 iste
227 866 342 922 Colonia
370 867 435 935 sita)
465 882 502 923 ns
532 867 669 936 prospbch
701 866 825 922 lrlaitera
853 867 1031 923 Sedleelutbo.
1061 867 1173 937 (Emicat,
1202 867 1327 936 Rogata
1357 868 1392 923 IL
1416 868 1438 923 i„

140 966 208 1016 raso
226 978 244 1017 a
262 964 349 1030 rom.)

725 1147 790 1232 bn.
813 1165 865 1232 oa.

634 1317 747 1409 [Pleu
769 1337 801 1388 r·
823 1317 935 1410 luas]

138 1473 222 1540 Krril
251 1473 364 1542 Viduo
387 1474 427 1539 II
442 1475 619 1559 osuoboaojs
647 1479 791 1561 millonp
812 1473 984 1544 chtooski
1012 1496 1058 1542 aa
1085 1474 1145 1543 dcl
1162 1474 1227 1543 zara
1247 1475 1290 1542 od
1304 1477 1441 1560 plaocrrs'

246 1588 291 1656 ccl
311 1588 460 1656 asmicto
480 1589 584 1675 sopri,
601 1591 765 1672 poaivodb
781 1591 932 1673 pociorem
952 1587 1079 1675 cclkp'cb
1100 1587 1177 1656 sios
1196 1590 1328 1672 crispili.

241 1746 451 1814 Wencezlaus
473 1748 526 1814 dei
549 1749 658 1831 gracia
680 1768 737 1815 rex
755 1749 889 1817 Boemie
903 1754 937 1815 et
949 1748 1093 1815 marchio
1115 1747 1272 1815 Morauie.
1295 1749 1437 1816 Dilectia

135 1859 285 1926 fidelibus
316 1861 397 1942 suis,
429 1863 590 1928 uniuersis
621 1863 831 1930 theloneariis
853 1881 913 1946 per
933 1862 1102 1929 districtus
1125 1863 1177 1928 srri
1202 1861 1340 1928 dominii
1363 1883 1438 1930 cou-

136 1973 271 2052 stitutis,
294 1977 405 2038 tenore
426 1975 631 2056 presencium
647 1973 866 2058 perspecturis
881 1976 1023 2058 graciam
1039 1993 1130 2041 suam
1146 1980 1178 2040 et
1193 1994 1288 2041 omne
1304 1975 1435 2043 bonum.

134 2084 304 2150 Suadente
326 2105 390 2151 non
415 2087 560 2169 segniter
581 2088 636 2168 pie
658 2086 751 2154 nobis
774 2088 985 2153 humanitatis
1007 2086 1114 2153 officio
1130 2086 1277 2154 subditos
1295 2095 1437 2170 nostros,

135 2217 216 2282 quoa
239 2199 421 2266 amaritudo
444 2200 570 2267 sinistri
593 2220 688 2267 casus
711 2199 836 2282 afflixit,
859 2202 966 2268 animo
990 2202 1104 2268 libenti
1124 2201 1245 2284 regalis
1265 2202 1437 2284 opulaneie

139 2308 303 2395 suffragiis
326 2313 536 2378 consolamur.
571 2314 783 2396 Quapropter,
807 2333 879 2380 eum
902 2315 991 2379 ciues
1014 2314 1054 2380 de
1077 2313 1237 2394 Glatouia,
1260 2315 1318 2396 qui
1340 2334 1437 2398 geue

134 2425 248 2490 raliter
270 2426 448 2492 exustionis
471 2426 562 2492 clade
583 2427 775 2494 lacrimabili
795 2433 872 2494 sunt
886 2428 1053 2509 destructi,
1076 2433 1187 2494 nostre
1208 2425 1436 2495 munificencia

135 2537 272 2603 velimus
295 2536 459 2621 suffragiis
481 2541 621 2606 releuari
643 2545 677 2607 et
698 2539 834 2607 ubilibet
855 2559 913 2623 per
934 2546 1038 2607 terras
1068 2545 1196 2608 nostras
1217 2559 1238 2605 a
1260 2541 1437 2608 cuiuslibet

134 2652 306 2718 exaccione
334 2652 474 2719 thelonei
505 2672 562 2736 per
592 2653 728 2720 duorum
761 2672 918 2720 annorum
948 2655 1094 2736 spacium
1115 2672 1135 2718 a
1157 2653 1234 2720 data
1261 2673 1436 2721 numeran-

134 2765 248 2832 dorum
276 2767 479 2849 presencium
512 2766 663 2833 duximus
693 2766 887 2834 eximendos.
933 2766 1125 2833 Mandamus
1152 2766 1255 2847 robis,
1289 2771 1326 2833 rt
1356 2774 1434 2848 etc.;

134 2883 171 2943 ut
192 2896 292 2962 supra
312 2880 347 2945 in
369 2880 482 2962 primis
498 2879 683 2962 patentibus
698 2879 817 2946 litteris
833 2898 891 2961 pro
907 2878 1155 2946 Coloniensibus
1170 2878 1277 2945 iactis.
1302 2879 1435 2947 Similes

132 2991 211 3058 fient
232 3012 291 3074 pro
312 2993 577 3077 Znoymensibus,
601 2994 666 3059 nisi
684 2993 771 3077 quod
785 3012 848 3058 non
863 2991 920 3058 fiet
934 2993 1058 3058 mencio
1075 2993 1115 3058 da
1129 2993 1288 3059 incendio.
1316 2994 1435 3060 Actum

133 3111 166 3171 et
188 3105 298 3173 datum
321 3111 380 3174 eto.

237 3257 398 3324 Zdenlrouis
415 3259 450 3315 dc
467 3260 597 3327 Trebecz,
623 3257 708 3314 Liber
726 3259 940 3316 amissionibus
958 3259 1041 3329 regiis
1060 3260 1095 3316 ab
1114 3276 1139 3314 s.
1158 3264 1226 3317 1290
1244 3260 1267 3315 i.
1284 3264 1337 3318 ²42
1356 3246 1434 3317 ch·

133 3355 210 3412 altem
229 3372 354 3412 museum
372 3373 406 3411 zu
424 3357 563 3426 nipiscm:
597 3357 827 3420 „instrumentum
845 3356 1024 3413 immunitatis
1045 3355 1118 3411 faeta
1136 3355 1244 3413 cimona
1262 3356 1380 3421 alicuius
1398 3359 1433 3412 ci-

132 3451 227 3508 uitatis
246 3451 355 3508 afflictis
374 3451 480 3506 sinistri
498 3466 579 3506 casus
597 3451 780 3507 amaritudine
789 3450 944 3506 dolorosa“.
963 3482 996 3491 —
1020 3451 1123 3519 Emlcr,
1141 3451 1263 3520 Regesta
1274 3452 1309 3506 ll.
1322 3452 1344 3507 i.
1357 3459 1434 3508 240⁷.

710 3714 775 3799 Cla.
799 3735 850 3801 59.

637 3886 748 3976 {Pseu
771 3907 802 3958 r.
825 3886 938 3978 moa]

131 4041 217 4112 mal
246 4045 359 4113 Vcioloo
382 4045 418 4112 ΙΙ
435 4047 622 4130 astoaovaje
649 4069 695 4112 no
724 4046 833 4112 icidost
862 4046 1018 4131 rpcbtcir'e,
1043 4045 1235 4132 priseiny'cb
1258 4046 1272 4112 i
1293 4050 1346 4114 cs't
1365 4049 1433 4114 obes

131 4163 233 4226 adala
247 4162 364 4237 Moatra,
387 4159 448 4242 obp
470 4159 602 4245 tp‘demat
621 4160 673 4225 trb
694 4182 712 4225 o
729 4158 919 4226 Gbomritocri
937 4160 1061 4244 ositcrp'
1078 4160 1172 4226 misto
1180 4160 1319 4244 pauor
1329 4160 1431 4229 hado

381 4273 442 4355 opi,
464 4273 505 4355 by
525 4273 681 4355 mopadal
703 4294 747 4340 aa
768 4273 820 4357 tp'i
842 4273 912 4348 dea,
926 4272 1006 4357 jabo
1027 4274 1172 4339 aMostt.

235 4427 443 4497 wenceslaus
478 4431 531 4496 dei
567 4432 676 4513 gracia
699 4436 769 4513 etc,
802 4432 968 4497 venientes
999 4432 1040 4497 ad
1066 4436 1209 4497 nostram
1231 4435 1433 4515 presenciam

132 4538 296 4612 Jobaunea
318 4544 424 4611 dictus
446 4544 628 4628 Episcopus
652 4550 685 4610 et
707 4597 739 4611 ..
764 4546 852 4612 ciues
876 4546 916 4611 da
931 4547 1043 4626 Ponte,
1065 4554 1303 4629 proposuerunt
1325 4568 1434 4617 coram
