3150 5378
734 393 810 444 mes.
987 348 990 353 ⁵
1388 402 1431 468 49

132 597 284 663 ἑαιείυίηι
313 619 335 662 a
363 619 398 665 so
417 597 592 676 educebam,
624 601 659 666 de
691 599 819 667 drbilele'
850 601 900 666 vsi
932 601 1014 684 maji
1032 622 1050 666 v
1065 604 1119 667 das
1149 600 1244 685 vallo
1272 608 1434 688 oypraoc'ti
1500 582 1505 590 ι

133 710 298 795 eaquae
320 714 408 780 mode
429 713 469 778 do
484 714 567 795 pole,
582 715 693 797 jsoucc
703 712 800 798 jiaok
822 713 862 779 od
877 714 1009 796 placeat
1026 712 1127 779 droht
1140 716 1224 782 acela
1246 719 1430 788 oswdoseoi.

235 887 273 953 In
306 888 436 953 nomine
464 888 585 955 domini
615 907 717 954 amen.
762 889 830 955 Nus
861 890 963 956 Zmilo
993 889 1034 954 de
1062 889 1319 974 Luehtcnburch,
1352 894 1431 964 baro

134 1000 269 1065 illustris
298 1001 387 1083 regis
418 1001 558 1084 Boemie,
594 1004 741 1070 omuibus
771 1007 937 1086 presentes
959 1003 1154 1084 inspecturis
1189 1005 1325 1072 salutem
1358 1027 1434 1087 cum¹

135 1112 334 1194 plenitudine
356 1114 460 1179 omnis
481 1115 566 1180 boui.
608 1116 816 1184 Preseutibus
842 1115 1037 1199 profitemur,
1067 1117 1152 1201 quod
1181 1118 1297 1184 merita
1318 1121 1428 1188 dilecti

136 1225 222 1291 nobis
256 1225 429 1292 Wernheri
463 1226 541 1293 dicti
575 1227 728 1310 Piscator,
757 1229 879 1313 judicis
913 1229 1015 1295 nostri
1049 1229 1083 1295 iu
1115 1230 1232 1309 Broda,
1270 1235 1303 1296 et
1335 1239 1428 1315 grata

136 1339 344 1404 seruiciorum
366 1357 498 1404 suorum
519 1339 682 1422 impendia
708 1341 886 1425 graciosius
916 1342 1088 1422 intuentes,
1120 1341 1182 1406 sibi
1212 1346 1246 1407 et
1275 1344 1426 1412 Gutliebe

137 1452 216 1517 nori
248 1471 310 1517 suc
339 1471 378 1518 ac
404 1470 514 1518 eorum
535 1453 707 1520 heredibus
733 1455 852 1535 villam,
882 1472 944 1537 que
972 1454 1092 1519 dicitur
1114 1453 1321 1535 Metelloaue,
1352 1477 1424 1523 cum

136 1566 214 1645 agris
238 1565 403 1632 vniuersis
426 1569 459 1629 et
480 1567 627 1633 omnibus
656 1568 698 1633 ad
720 1568 839 1634 dictam
862 1568 971 1633 villam
993 1567 1213 1650 spectantibus
1236 1569 1329 1650 pleno
1348 1571 1422 1652 jure

137 1676 247 1761 absque
269 1677 376 1743 omnis
399 1696 514 1744 census
537 1678 701 1745 solucione
723 1679 951 1762 possidendam
973 1680 1006 1745 in
1029 1683 1220 1762 perpetuum
1241 1699 1280 1746 ex
1302 1683 1421 1748 delibe-

137 1792 257 1857 racione
290 1796 419 1856 matura
451 1793 644 1858 contulimus
678 1793 738 1858 sub
770 1794 830 1859 hae
862 1792 974 1873 forma,
1012 1797 1047 1859 vt
1078 1793 1331 1876 quandocunque
1364 1814 1422 1861 seu

136 1905 384 1987 quociescunque
413 1904 489 1970 belli
514 1904 607 1971 nobis
630 1905 817 1972 discrimine
844 1905 1040 1984 imminente,
1071 1904 1178 1972 dictus
1199 1904 1423 1990 W[ernherus]

138 2019 278 2083 seueius
302 2017 437 2083 heredes
459 2018 609 2084 dedicta
641 2019 719 2085 villa
744 2029 820 2085 cum
845 2037 983 2101 persona
1012 2037 1075 2085 vna
1103 2017 1137 2083 in
1167 2018 1265 2084 armis
1294 2020 1421 2086 leuibus

139 2127 162 2193 in
182 2131 403 2213 expeditionis
426 2134 606 2199 subsidium
628 2133 720 2200 uobis
747 2135 884 2201 debeant
901 2134 1075 2199 deseruire.
1120 2131 1186 2197 Eos
1215 2152 1349 2216 quoque,
1379 2136 1421 2201 ad

139 2259 204 2322 quos
237 2244 327 2309 dicta
361 2244 439 2310 villa
479 2264 537 2312 seu
576 2246 781 2313 successione
818 2246 1013 2313 hereditaria
1049 2263 1107 2310 seu
1137 2246 1325 2312 venditione
1362 2267 1420 2313 seu

139 2357 390 2440 qualitercunque
412 2358 606 2439 deuoluitur,
636 2359 815 2441 prescripta
837 2358 978 2441 gaudere
1000 2358 1146 2423 volumus
1168 2356 1326 2438 libertate,
1345 2359 1420 2440 jure

139 2477 233 2536 umbo
263 2471 358 2536 nobis
388 2472 615 2540 nichilominus
640 2478 816 2554 reseruata,
839 2477 875 2537 vt
895 2470 1048 2539 uidelicet
1068 2472 1109 2537 de
1132 2489 1209 2552 sepe
1231 2468 1319 2535 dicta
1341 2471 1419 2537 villa

139 2599 260 2660 persona
283 2603 355 2664 vna,
377 2585 642 2667 quemadmodum
667 2586 860 2667 premissum
886 2590 945 2665 est,
975 2583 1068 2650 nobis
1098 2583 1246 2666 exigente
1276 2589 1418 2666 tempore

140 2692 311 2762 destinetur.
344 2697 380 2762 ln
403 2697 495 2764 cuius
516 2699 564 2763 rei
588 2698 788 2765 euideuciam
810 2701 844 2763 et
865 2697 1022 2763 cautelam
1050 2696 1225 2779 pleniorem
1251 2701 1416 2777 presentes

85 2778 88 2877 i
141 2805 195 2873 lui
215 2809 352 2875 lecimus
374 2810 497 2875 eisdem
519 2809 620 2892 sigilli
641 2811 743 2876 nostri
774 2811 940 2876 karactere
969 2808 1185 2890 consignatas,
1217 2828 1289 2874 cum
1317 2828 1416 2875 anuo·

85 2906 88 2927 '
141 2923 247 2987 ucione
268 2923 411 3002 testium,
445 2924 500 3006 qui
529 2925 714 3004 intererant
746 2923 1008 3005 subscriptorum,
1039 2922 1093 3003 qui
1124 2925 1199 2986 suut
1228 2921 1291 2986 hii:
1327 2922 1413 3003 Oto,

85 3020 89 3133 l
141 3028 315 3115 termasius
339 3041 448 3101 noster
471 3036 504 3100 in
526 3035 780 3115 Luchtenburch‚
803 3035 953 3115 Jacobus,
980 3033 1162 3113 Heinricus‚
1193 3032 1339 3116 Styslaus
1363 3054 1413 3099 ca·
1497 3047 1502 3055 ·

85 3138 89 3199 l
143 3147 240 3222 pellani
285 3148 405 3227 nostri,
447 3153 478 3212 ct
521 3149 673 3231 aliiquam
709 3149 826 3230 plures.
872 3148 988 3212 Actum
1021 3147 1055 3211 iu
1089 3145 1294 3211 Sunrirburch
1328 3166 1412 3212 auno

143 3255 241 3325 lumini
264 3258 465 3324 slcctxvt
495 3261 612 3325 Datum
633 3260 752 3325 ibidem
775 3279 832 3342 per
853 3278 966 3324 manus
998 3259 1135 3338 (leniaci,
1158 3260 1275 3325 notarii
1299 3260 1410 3340 nostri,

145 3380 235 3450 quarto
259 3392 360 3439 nouas
385 3374 569 3439 Decembris
596 3394 678 3439 anno
701 3374 891 3439 indiccionie
914 3378 1036 3441 octauo.

224 3544 294 3614 Kop.
314 3544 517 3614 vdiplomataii
536 3529 663 3600 (terreno
686 3561 782 3601 musea
805 3545 850 3599 dle
867 3546 981 3616 piepiau
998 3545 1126 3600 Pelzlora
1143 3546 1236 3613 zorig.
1256 3543 1409 3597 udindndho

145 3648 234 3705 spreto
254 3639 468 3710 spoznamkou:
490 3640 625 3709 „Sigillum
636 3640 761 3696 Smilouis
775 3639 934 3710 integrunt
953 3671 987 3682 -
1004 3641 1105 3708 Emler,
1122 3641 1243 3710 Regesta
1255 3640 1287 3693 ll
1306 3639 1327 3694 d.
1350 3645 1408 3694 503.

696 3906 758 3989 C'ls.
791 3924 839 3988 16.

472 4076 570 4156 1265,
592 4077 635 4146 30
657 4080 843 4164 prosince.
877 4079 910 4147 V
924 4075 1054 4147 Prone.

85 4240 87 4245 '
138 4228 200 4299 tra
221 4235 366 4317 l’r'empsl
390 4233 512 4300 Otakar
533 4237 575 4299 Η.
599 4235 685 4301 aava
705 4238 881 4303 ηιὲἒίαηᾱνη
904 4218 1068 4320 letalem
1080 4234 1194 4317 prdoo,
1219 4233 1283 4316 obp
1304 4233 1408 4315 schyti

132 4346 306 4419 potaboedm'
322 4348 405 4430 pr'ed
426 4348 504 4413 suad
527 4347 668 4433 Hadshy'
695 4349 752 4415 ani
780 4348 867 4433 loterp'
890 4349 973 4433 jobd,
1000 4348 1096 4432 ny'brs
1117 4349 1178 4430 obp
1201 4367 1300 4429 peace
1323 4348 1406 4430 pr'ed

136 4461 205 4541 adm
226 4459 393 4546 maestum
415 4461 557 4528 sacuam
578 4462 767 4544 odpoca'deti,
796 4463 881 4546 lecop
903 4464 954 4548 tyb
975 4463 1098 4544 odepr'cl
1119 4463 1230 4527 strand
1249 4460 1406 4542 depromeret

136 4564 169 4631 lc
182 4573 293 4652 preca.
317 4574 414 4642 Kru'li
434 4573 602 4657 cybraouje
624 4597 657 4641 se
672 4576 730 4657 pr's'
750 4581 813 4641 lom
829 4577 941 4658 prdco,
963 4578 996 4644 ie
1017 4578 1104 4642 msa
1124 4576 1242 4658 eystett
1259 4574 1406 4655 adstupee

1230 4692 1246 4739 4
