3098 5392
688 452 762 522 loca.
1307 453 1370 517 591

74 662 187 727 studia
222 680 344 727 necnon
380 661 537 727 indefessi
565 659 685 726 laboris
715 658 1012 742 promptitudinem,
1033 658 1149 741 quibus
1172 660 1375 727 maiestatem

73 781 219 841 nostram
242 781 275 840 et
298 776 385 840 clare
406 774 560 840 memorie
582 777 804 840 antecessores
826 777 965 852 nostros,
989 772 1122 838 Boemie
1143 790 1246 855 reges,
1262 774 1373 840 dilecti

72 889 169 956 nobis
194 890 282 954 ciues
306 893 339 954 et
360 888 465 954 incole
482 887 627 953 ciuitatis
642 893 753 953 nostre
767 887 967 966 Taustensis,
983 885 1095 952 fideles
1111 886 1224 967 nostri,
1240 892 1373 952 actenus

71 1002 281 1081 honorarunt,
317 1006 349 1067 et
383 1000 520 1066 adaucto
541 997 618 1066 tidei
641 1005 674 1065 et
695 1000 866 1083 probitatis
895 999 1012 1066 merito
1042 1019 1106 1066 non
1130 999 1302 1067 cessabunt
1323 1000 1373 1065 in·

72 1120 172 1181 autea
193 1113 397 1197 prestancius
412 1112 580 1194 bonorare,
596 1130 720 1179 necnon
740 1112 782 1178 ad
797 1113 975 1195 supplicem
990 1113 1162 1195 peticionis
1177 1114 1372 1179 instanciam

72 1228 195 1294 nobilis
218 1227 366 1293 Jesconis
389 1225 480 1308 lura,
504 1225 672 1293 castellani
696 1222 965 1306 Crakouiensis,²)
996 1223 1100 1292 fidelis
1123 1227 1226 1292 nostri
1248 1225 1371 1309 dilecti,

73 1342 157 1424 ipsis
180 1341 287 1408 animo
311 1340 499 1420 deliberato,
522 1359 586 1406 non
608 1357 667 1422 per
689 1357 830 1406 errorem
852 1343 910 1404 aut
931 1339 1123 1421 improuide,
1148 1339 1206 1405 sed
1229 1358 1268 1405 ex
1284 1345 1373 1407 certa

73 1460 187 1520 nostra
220 1454 371 1535 sciencia,
403 1454 596 1520 auctoritate
617 1453 709 1536 regia
730 1453 873 1534 Boemie,
896 1452 1137 1535 infrascriptam
1159 1453 1304 1535 graciam
1325 1452 1374 1519 la-

73 1567 266 1633 uorabiliter
297 1568 447 1633 duximus
478 1566 668 1648 faciendam,
701 1566 863 1647 videlicet,
886 1565 972 1649 quod
994 1566 1132 1649 singulis
1155 1567 1249 1632 annis
1271 1567 1306 1632 in
1328 1568 1374 1634 ci·

73 1683 179 1747 uitate
208 1683 329 1747 Tausta
362 1681 508 1762 predicta
541 1681 680 1746 annuale
702 1680 807 1746 forum
830 1680 902 1746 siue
924 1680 1067 1746 nundine
1090 1699 1148 1764 per
1170 1680 1251 1747 duas
1274 1682 1373 1763 septi·

70 1812 187 1860 manas
210 1793 390 1875 continuas,
421 1793 547 1860 scilicet
572 1792 787 1860 inchoandum
810 1793 949 1860 infesto
973 1798 1084 1860 sancte
1107 1794 1287 1875 Trinitatis,
1311 1794 1371 1859 im-

71 1912 268 1990 perpetuum
291 1905 482 1971 duraturum
504 1905 625 1986 haberi,
648 1907 752 1971 teneri
776 1911 809 1971 et
830 1907 902 1972 sine
925 1906 1011 1973 omni
1033 1906 1263 1989 impedimento
1285 1906 1374 1990 paci·

71 2019 135 2086 fice
170 2017 325 2084 celebrari
361 2019 500 2086 debebit.
533 2021 672 2102 Insuper
697 2020 901 2086 concedimus
925 2020 1021 2086 dictis
1045 2019 1171 2086 ciuibus
1194 2020 1229 2085 in
1251 2021 1373 2087 Tausta

71 2132 270 2199 auctoritate
292 2132 447 2213 predicta,
471 2137 506 2198 vt
528 2134 592 2216 ipsi
615 2133 753 2215 singulis
777 2132 892 2199 diebus
906 2132 1089 2200 forensibus
1106 2133 1373 2216 septimanaiibus

62 2245 229 2312 animalia
252 2263 369 2327 magna
390 2250 424 2310 et
445 2264 556 2327 parua,
580 2245 732 2311 videlicet
753 2263 870 2327 pecora
893 2250 926 2311 et
947 2246 1097 2327 pecudes,
1122 2264 1222 2328 equos
1246 2252 1278 2312 et
1300 2266 1373 2330 spa·

72 2355 206 2441 dones¹l
242 2358 343 2424 libere
376 2363 409 2424 at
441 2359 531 2424 licite
564 2377 670 2425 emere
699 2363 756 2423 aut
778 2358 918 2425 vendere
938 2364 1095 2442 petuntur
1117 2360 1208 2425 iuxta
1228 2360 1373 2442 ipsorum

69 2471 312 2554 beneplacitum
342 2472 537 2551 voluntatis3
570 2472 713 2538 volentes
744 2491 782 2538 ac
805 2491 844 2537 ex
867 2473 1024 2555 singulari
1048 2473 1158 2556 gracia
1179 2473 1373 2539 auctoritate

70 2585 167 2667 regia
196 2584 328 2650 Boemie
356 2585 502 2667 predicta
535 2590 723 2666 statuentes,
753 2584 839 2669 quod
861 2585 1007 2651 uniuersi
1029 2591 1063 2651 et
1084 2585 1205 2668 singuli
1227 2587 1317 2652 ciues
1340 2591 1374 2652 et

71 2704 270 2766 mercatores
301 2716 412 2764 eorum
441 2698 658 2779 mercimonia,
689 2717 751 2780 que
774 2718 846 2765 cum
868 2700 943 2765 vlna
965 2705 998 2765 et
1019 2700 1102 2766 libra
1123 2699 1317 2782 venduntur,
1340 2705 1373 2766 et

71 2815 247 2895 presertim
269 2812 389 2877 terrum
423 2819 457 2878 et
490 2830 628 2893 coreum,
661 2831 700 2878 ex
722 2817 790 2879 toto
819 2818 877 2878 aut
898 2831 957 2896 per
978 2819 1087 2896 partes
1110 2831 1169 2878 seu
1191 2814 1311 2896 pecias,
1336 2814 1370 2878 in

72 2928 162 2992 (licto
186 2926 318 2990 annuali
342 2926 413 2990 foro
429 2925 568 2991 vendere
583 2931 615 2990 et
629 2925 731 2991 libere
754 2944 859 2991 emere
882 2926 1012 2992 valeant
1032 2945 1090 3008 pro
1113 2927 1257 3009 ipsorum
1277 2926 1372 2994 libito

72 3035 291 3119 voluntatis.³)
318 3037 473 3104 Volumus
497 3039 639 3120 insuper,
663 3044 697 3103 vt
719 3039 858 3104 annuale
880 3038 985 3105 iorum
1008 3040 1188 3121 predictum
1210 3040 1372 3107 vniuersis

71 3150 289 3231 libertatibus
311 3152 441 3233 graciis,
465 3151 705 3231 emunitatibus,
725 3151 854 3234 juribus
878 3157 911 3216 et
932 3152 1068 3218 indultis
1091 3171 1149 3235 per
1171 3154 1279 3218 omnia
1301 3155 1373 3220 sine

73 3265 297 3329 diminucione
332 3264 475 3344 qualibet
507 3265 655 3346 gaudeat,
690 3264 807 3346 quibus
843 3271 949 3331 cetera
982 3266 1051 3332 tora
1082 3268 1211 3333 annalia
1241 3268 1274 3332 in
1298 3268 1372 3334 aliis

74 3378 199 3444 nostris
224 3377 412 3443 ciuitatibus
434 3379 527 3460 regni
550 3378 683 3444 Boemie
705 3380 882 3445 existencia
897 3380 1048 3445 fruuntur
1064 3400 1122 3446 seu
1135 3381 1373 3464 quomodolibet

71 3493 261 3574 pociuntur,
293 3490 474 3557 inhibentes
506 3492 666 3558 uniuersis
701 3493 820 3558 nostris
843 3491 1003 3574 fidelibus,
1026 3513 1066 3559 ne
1088 3494 1208 3561 dictam
1230 3496 1373 3577 graciam

71 3609 222 3671 nostram
254 3604 396 3670 audeant
425 3604 664 3687 quomodolibet
686 3606 863 3688 infringere
886 3625 943 3673 seu
965 3608 1150 3691 aliqualiter
1173 3608 1370 3691 perturbare.

69 3719 106 3785 Si
131 3719 206 3799 quis
229 3723 337 3783 autem
361 3719 505 3801 ipsorum
529 3720 725 3785 contrarium
748 3725 939 3802 attemptare
963 3721 1205 3803 presumpserit,
1222 3721 1371 3804 indigna·

70 3832 200 3898 cionem
236 3836 379 3897 nostram
412 3837 444 3896 et
474 3850 589 3913 penam
621 3838 749 3898 centum
777 3852 957 3898 marcarum
980 3835 1053 3915 puri
1076 3834 1212 3916 argenti,
1236 3853 1372 3916 quarum

67 3943 282 4011 medietatem
303 3962 430 4010 camere
452 3945 554 4027 regali
577 3946 719 4026 Boemie,
742 3945 906 4011 residuam
928 3964 1004 4012 vero
1026 3953 1151 4030 partem
1170 3948 1256 4014 dicte
1270 3948 1372 4014 Taus-

66 4057 160 4124 tensi
185 4057 312 4122 ciuitati
335 4058 492 4140 applicari
517 4060 688 4124 statuimus
711 4061 846 4140 tociens,
869 4061 1022 4141 quociens
1047 4061 1279 4127 contrafactum
1304 4062 1373 4129 lue·

64 4172 125 4252 rit,
152 4189 187 4236 se
209 4172 338 4236 nouerit
360 4173 629 4239 irremissibiliter
651 4174 863 4238 incursurum.
888 4173 1095 4240 Presencium
1118 4175 1178 4241 sub
1192 4175 1371 4258 imperialis

66 4288 188 4351 nostre
209 4284 391 4350 maiestatis
416 4285 523 4368 sigillo
546 4286 731 4352 testimonio
754 4288 929 4353 literarum.
953 4289 1072 4355 Datum
1095 4290 1201 4371 Brega
1216 4309 1300 4358 anno
1315 4290 1371 4358 do·

64 4398 155 4466 mini
179 4397 350 4464 millesimo
373 4399 599 4464 trecentesimo
623 4400 822 4481 sexagesimo
845 4402 957 4481 tercio,
980 4402 1163 4469 indiccione
1180 4403 1295 4486 prima,
1310 4402 1372 4471 IX⁰

63 4510 230 4579 kalendas
255 4511 414 4591 Octobris,
438 4530 610 4593 regnorum
633 4518 814 4580 nostrorum
837 4533 921 4581 anuo
945 4515 1069 4582 decimo
1093 4522 1218 4600 octauo,
1241 4518 1369 4601 imperii
