3098 5392
187 455 252 523 790
585 511 587 515 ,
803 457 878 508 raar.

184 663 285 718 lovstri
311 643 475 714 fieskthoa
502 659 645 713 vlrtertm
672 660 789 714 mdstdm
812 660 993 730 kralovslrym
1017 660 1158 730 naiizuje:
1184 667 1340 729 „quatenus
1365 658 1401 714 ad
1427 674 1484 730 prs-

185 756 287 811 dictum
305 755 509 824 Sigismundum
528 760 557 809 et
573 755 714 811 neminem
732 756 815 811 alium
834 756 868 811 de
886 763 977 811 cetero
995 762 1152 828 respectum
1170 756 1283 822 habere,
1296 755 1406 824 sibique
1418 762 1483 809 tam·

186 869 267 921 quam
287 851 491 906 subcamerario
509 859 608 907 nostro
620 852 649 907 in
663 853 789 908 omnibus
804 858 831 906 et
843 853 968 922 singulis,
987 869 1040 922 que
1053 852 1088 907 ad
1101 851 1203 907 dictum
1216 858 1346 922 spectant
1358 850 1486 916 officium,

185 964 241 1003 non
261 947 377 1003 attentis
395 948 510 1002 aliorum
530 964 756 1018 quorumcunque
776 948 914 1004 mandatis
932 964 1032 1020 parcre
1052 954 1080 1004 et
1092 948 1204 1004 obedire
1216 947 1268 1003 sub
1280 946 1379 1002 fauore
1390 954 1484 1001 nostro

184 1043 261 1112 regio
279 1043 391 1098 realiter
408 1042 558 1099 debeatis.“
579 1044 744 1115 (Palackiu.
755 1045 826 1100 m.H
844 1045 1179 1114 str.12⁷.)—Pobatlrcm
1197 1061 1219 1098 r.
1235 1050 1302 1099 ¹393
1321 1042 1485 1114 podliomoii

186 1138 285 1193 Huller
302 1138 358 1193 dan
371 1138 431 1208 jest
449 1139 654 1211 arcibiskupem
678 1139 779 1195 ianem
797 1158 812 1193 z
830 1139 976 1195 Jendteina
1000 1140 1036 1195 do
1061 1140 1157 1212 irlatby
1175 1139 1299 1209 (Tomclr,
1318 1138 1434 1209 deepis
1453 1155 1485 1191 m.

185 1234 277 1306 Prahy
295 1234 335 1289 111
352 1242 401 1290 str.
420 1237 495 1303 370);
524 1235 687 1291 nasledlrem
713 1237 780 1291 toho
804 1236 875 1304 kral,
902 1237 953 1304 jak
978 1253 1009 1291 se
1026 1236 1087 1303 ndi,
1111 1236 1194 1291 uznal
1212 1236 1357 1307 zspotiobi
1375 1233 1484 1289 nai-lditi

186 1331 228 1385 kr.
247 1331 374 1397 mestum,
393 1331 446 1402 aby
464 1327 510 1385 mn
529 1333 633 1401 opdtnd
657 1332 750 1387 uiinili
769 1332 884 1402 piisahu
903 1333 1032 1387 vernosti.
1061 1334 1101 1386 Ve
1120 1332 1263 1388 formuldii
1280 1331 1357 1386 lana
1374 1330 1484 1398 Piide

186 1426 339 1497 orgulio
357 1428 428 1481 nal.
447 1433 496 1482 341
517 1445 533 1481 v
551 1428 663 1482 archiva
690 1429 816 1499 kapitoly
833 1429 955 1483 Prsiske
983 1428 1131 1484 zachoralo
1159 1443 1189 1484 so
1208 1428 1298 1499 aspoir
1325 1429 1409 1482 aneni
1427 1429 1484 1480 luta

189 1525 228 1574 lcr.
252 1523 366 1575 Variana
384 1523 428 1575 IV
442 1525 467 1579 d
487 1543 523 1575 no
540 1508 652 1577 biraco
670 1529 705 1577 20
722 1527 800 1578 lecim
819 1528 887 1577 1393
898 1525 1062 1579 ndkteremu
1080 1525 1178 1591 meatu,
1197 1525 1333 1578 elsteram
1347 1523 1483 1591 nsi-isuje:

107 1644 111 1653 ·
187 1624 341 1687 ,qnatenus
359 1616 433 1672 fideli
451 1626 547 1674 nostro
565 1619 666 1673 dilecto
685 1619 859 1689 sigismundo
878 1618 973 1686 Huler,
998 1620 1076 1690 regni
1092 1619 1204 1674 Boemie
1223 1620 1441 1686 subcamerario‚
1458 1620 1484 1672 in

188 1729 286 1768 manus
304 1713 415 1768 Andree
434 1713 500 1769 dicti
519 1715 636 1784 Clamor,
661 1715 846 1786 protonotarii
870 1731 977 1770 camere
995 1723 1090 1771 nostre
1111 1715 1222 1785 regalis,
1242 1716 1340 1783 jurare
1359 1715 1484 1770 obedien·

186 1810 265 1878 ciam,
282 1809 441 1865 fidelitatem
460 1815 489 1864 et
508 1811 564 1865 alia
581 1812 654 1867 circa
670 1810 722 1866 hoc
740 1812 900 1867 necessaria
917 1827 993 1865 more
1016 1813 1130 1868 aliarum
1144 1812 1286 1866 ciuitatum
1307 1812 1389 1881 regni
1401 1809 1485 1866 nostri

187 1904 274 1960 modis
294 1906 420 1961 omnibus
439 1905 572 1974 debeatis,
597 1907 701 1960 nullam
719 1906 748 1960 in
768 1923 800 1961 eo
819 1906 1011 1961 difficultatem
1035 1907 1147 1977 penitus
1170 1906 1323 1963 facientes·
1348 1907 1484 1975 (Palackp

187 2002 401 2057 Formelbucher
417 2003 501 2057 IIstr.
521 2009 590 2069 129).
602 2002 741 2058 -Poknd
762 2019 792 2057 se
810 2003 871 2072 tiis
893 2008 982 2069 prava
1002 2005 1222 2070 Norimbersilbo‚
1236 2004 1305 2072 jimt
1325 2003 1371 2059 dle
1390 2005 1484 2060 srmhn

186 2099 320 2167 poloiene
338 2099 432 2169 listiny
450 2101 539 2155 mdsto
558 2100 680 2154 Pradslre
698 2100 707 2152 i
722 2100 785 2168 jina
803 2102 891 2154 mista
910 2117 940 2154 se
959 2101 1131 2170 spravovala,
1150 2101 1267 2168 objeren
1285 2101 1334 2170 byl
1352 2100 1484 2168 rnovdJ'ii

187 2192 258 2248 dobd
276 2211 302 2264 p.
322 2195 491 2250 archivaicm
509 2196 771 2265 mistodrlitelskym
790 2196 928 2266 Kopplem
953 2199 1088 2266 zajimary
1113 2195 1224 2263 dolrlad,
1249 2199 1281 2251 dc
1300 2196 1381 2252 Stare
1399 2201 1483 2252 nesto

187 2289 250 2358 bylo
269 2290 312 2359 pii
330 2290 455 2346 zaloleni
474 2293 548 2346 suem
565 2294 644 2346 tfmto
664 2295 775 2362 privem
794 2290 913 2347 nadano.
932 2293 994 2347 Jest
1011 2300 1039 2347 to
1053 2294 1233 2346 liutbaldus
1245 2296 1271 2346 d.
1284 2313 1321 2345 m
1335 2293 1485 2347 Kiisoklal

188 2391 222 2438 18
239 2387 312 2453 iijna
330 2390 407 2454 1315,
421 2387 505 2455 jehoi
523 2386 649 2455 vidimus,
667 2389 806 2457 poveieny
824 2387 964 2458 veiejntm
983 2388 1107 2442 notaiem
1125 2386 1318 2456 Kryitoforem
1329 2387 1482 2443 Herfurtem

187 2480 301 2534 vPraze
320 2488 353 2535 23
372 2484 459 2536 rinora
478 2489 554 2549 1612,
572 2483 659 2538 chora
677 2499 708 2538 se
726 2502 741 2537 v
760 2500 782 2537 c.
800 2485 842 2537 lrr.
861 2484 973 2539 archivu
992 2483 1253 2540 mistodriitelskem
1266 2501 1282 2536 v
1294 2484 1385 2540 Ptase
1397 2500 1414 2538 a
1423 2484 1483 2553 jenl

186 2578 233 2630 ani
248 2577 340 2631 talrto:
371 2576 531 2643 ,iohannes
559 2577 603 2633 dei
629 2579 718 2648 gratia
734 2579 883 2634 Bohemiae
912 2585 940 2634 et
964 2580 1095 2635 Poloniae
1113 2596 1164 2634 rox
1182 2596 1214 2634 ac
1231 2579 1481 2650 Lucembnrgensis

187 2688 287 2727 comes.
305 2671 438 2729 Omnibus
451 2675 480 2728 in
493 2682 665 2745 perpetuum.
684 2675 762 2743 Quia,
775 2693 847 2745 quae
860 2681 989 2746 aguntur,
1002 2676 1036 2730 de
1052 2676 1124 2731 facili
1139 2676 1173 2730 ab
1186 2676 1329 2731 hominnm
1341 2677 1484 2732 elabuntur

187 2769 327 2839 memoria,
345 2770 442 2824 sinon
466 2778 656 2841 perornantur
680 2772 839 2826 testimonio
860 2771 1068 2843 scripturarum,
1096 2777 1246 2843 eapropter
1270 2772 1342 2827 scire
1361 2773 1482 2827 volumus

187 2874 242 2920 tam
256 2867 411 2935 praesentis
426 2868 525 2923 aetatis
546 2868 671 2923 homines
690 2885 773 2937 quam
792 2869 909 2936 futurae,
928 2867 1002 2938 quod
1020 2883 1072 2922 nos
1091 2875 1281 2938 proponentes
1300 2868 1482 2924 conditionem

187 2962 269 3015 castri
288 2963 376 3017 nostri
395 2962 580 3019 Chrsiwoclad
599 2964 660 3019 siue
678 2964 802 3034 Burglini
821 2965 911 3019 facere
930 2965 1078 3032 meliorem,
1096 2964 1190 3019 uillam
1209 2970 1335 3019 nostram
1353 2965 1434 3020 Lubn
1452 2963 1481 3018 ad

187 3056 259 3110 idem
278 3064 398 3112 castrum
417 3067 597 3129 spectantem,
617 3062 681 3115 olim
700 3060 878 3130 perfidelem
896 3068 1023 3116 nostrum
1041 3060 1218 3114 Wilhelmum
1236 3060 1272 3115 de
1290 3061 1413 3117 Waldelr
1428 3062 1483 3115 inre

186 3152 346 3209 theutonico
367 3156 521 3225 expositam
541 3163 569 3210 et
586 3158 712 3224 locatam,
731 3159 780 3213 sed
799 3159 920 3212 nondum
939 3160 1010 3213 bene
1028 3157 1218 3225 inhabitatam,
1236 3157 1272 3211 de
1291 3158 1385 3213 dilecti
1407 3159 1482 3214 nobis

187 3247 205 3301 J
208 3249 322 3315 anussii,
342 3265 423 3319 quem
438 3251 559 3318 jndicem
579 3252 668 3322 ipsius
680 3254 761 3307 villae
773 3253 969 3308 hereditarium
984 3269 1046 3308 esse
1059 3253 1192 3320 volumus,
1209 3253 1350 3309 industria
1361 3255 1482 3310 fiduciam

187 3345 354 3415 singularem
373 3347 518 3413 habentes,
545 3349 598 3403 sibi
617 3349 690 3403 dicto
709 3350 768 3403 iure
792 3350 953 3405 theutonico
973 3350 1062 3404 villam
1087 3351 1177 3420 ipsam
1195 3350 1410 3418 informandam,
1432 3367 1482 3405 me

186 3443 316 3510 tiendum,
345 3445 539 3513 exponendam
559 3446 745 3500 commisimus
774 3462 824 3501 seu
850 3448 1044 3501 committimus
1069 3454 1097 3500 et
1119 3446 1264 3501 locandam
1294 3448 1345 3502 rub
1373 3449 1483 3510 iuribus,

186 3539 401 3605 conditionibus,
420 3541 510 3610 pactis
530 3549 559 3595 et
571 3542 682 3596 statutis
702 3542 865 3611 subscriptis
880 3551 907 3596 et
919 3544 970 3597 sub
991 3551 1065 3597 certo
1078 3558 1170 3597 annuo
1183 3558 1270 3597 censu
1289 3544 1407 3612 geminis
1421 3550 1482 3597 tem·

186 3635 299 3705 poribus
319 3636 384 3690 anni
404 3635 509 3690 sinsin
529 3636 636 3691 duobus
655 3637 790 3704 terminis,
809 3637 935 3693 infestis
955 3637 1084 3692 uidelicet
1101 3639 1244 3692 beatorum
1264 3638 1337 3693 Galli
1356 3645 1386 3694 et
1403 3639 1480 3694 Geor·

186 3731 231 3799 gii,
251 3732 329 3787 nobis
352 3732 433 3787 annis
453 3733 568 3801 singulis
587 3733 764 3802 assignando.
785 3733 950 3790 Ordinamus
969 3735 1071 3803 itaque,
1089 3733 1273 3804 disponimus,
1293 3735 1440 3791 statuimus
1459 3744 1482 3788 et

184 3827 268 3883 huius
292 3828 429 3898 priuilegii
453 3835 550 3884 tenore
575 3831 721 3899 sancimus,
746 3838 776 3884 ut
801 3838 856 3885 tam
880 3831 946 3886 villa
970 3832 1040 3900 ipsa,
1059 3847 1141 3901 quam
1167 3846 1265 3887 omnes
1282 3830 1480 3887 inhabitatores

185 3924 266 3978 villae
284 3925 382 3994 ipsius,
401 3933 546 3994 presentes
559 3933 587 3981 et
599 3927 692 3994 futuri,
710 3928 770 3981 iure
788 3928 909 3982 ciuitatis
928 3926 1187 3996 Nuremburgensis,
1205 3944 1260 3996 quio
1279 3927 1372 3983 Maior
1389 3928 1482 3984 ciuitas

185 4026 282 4074 nostra
298 4020 446 4090 Pragensis
466 4022 589 4091 aprima
615 4024 658 4076 sui
676 4023 837 4077 fundatione
856 4022 927 4077 freta
946 4030 989 4077 est
1008 4029 1035 4077 et
1054 4023 1164 4089 fruitur,
1182 4023 1391 4094 inperpetuum
1408 4041 1482 4094 regu·

186 4114 245 4182 lari,
271 4115 324 4169 frui
344 4116 465 4171 debeant
484 4125 512 4171 et
535 4119 664 4186 gaudere.
700 4119 880 4189 Disponimus
909 4119 991 4173 etiam
1017 4128 1046 4173 et
1069 4118 1239 4186 ordinamus,
1266 4127 1297 4173 nt
1314 4121 1433 4189 quilibet
1448 4121 1482 4175 la·

186 4227 263 4277 neus,
282 4212 328 4279 qui
348 4212 437 4266 dictae
456 4215 537 4268 villae
556 4216 738 4284 pertinendus
761 4222 936 4271 mensuratus
954 4217 1037 4270 fuerit
1055 4216 1116 4270 siue
1134 4232 1256 4283 mensus,
1285 4217 1324 4272 sic
1344 4219 1483 4289 spaciosus

186 4322 248 4359 esse
266 4307 373 4375 debeat,
394 4310 467 4378 quod
487 4328 586 4381 capere
605 4313 695 4381 possit
720 4319 748 4366 et
765 4313 858 4382 capiat
885 4312 1021 4366 seminum
1049 4313 1137 4367 omnis
1165 4312 1244 4382 grani
1271 4319 1329 4369 tam
1353 4313 1485 4384 hyemalia

185 4419 266 4471 quam
286 4404 429 4460 aestiualis
448 4409 624 4478 septuaginta
642 4408 711 4462 duas
731 4424 875 4462 mensuras
899 4425 1059 4479 pragenses.
1096 4407 1247 4465 statuimus
1265 4427 1388 4481 quoque,
1405 4416 1437 4466 ut
1452 4410 1485 4464 de

184 4499 307 4568 quolibet
323 4502 404 4557 laneo
430 4503 545 4572 singulis
572 4504 651 4560 annis
670 4505 698 4558 in
716 4504 789 4560 festo
815 4504 889 4559 beati
907 4505 1018 4574 Georgii
1043 4521 1114 4560 unus
1133 4505 1204 4562 ferto
1225 4513 1254 4562 et
1275 4507 1305 4562 in
1322 4507 1398 4565 festo
1414 4508 1486 4565 beati

184 4593 256 4649 Galli
273 4596 402 4653 residuus
420 4598 490 4654 ferto
510 4599 615 4668 argenti
635 4601 680 4653 uel
689 4617 848 4668 grossorum
866 4600 1041 4654 denariorum
1058 4602 1244 4671 pragensium,
1263 4610 1385 4673 quatuor
1402 4604 1486 4660 decim
