3098 5392
131 452 196 518 552
757 452 831 504 raca.

129 660 311 742 lantgreuii,
335 658 446 725 etalii
469 661 685 743 quamplures
708 662 810 728 nostri
834 666 867 726 et
890 659 1019 743 imperii
1046 660 1132 726 socri
1163 661 1340 745 principes,
1370 680 1420 728 no

128 775 210 842 biles
233 778 265 839 et
286 771 405 839 fideles.
451 772 663 841 Presencium
694 774 754 841 sub
781 774 960 857 imperialis
984 774 1167 842 maiestatis
1190 781 1302 843 nostre
1325 775 1425 858 sigillo

128 887 318 954 testimonio
342 886 531 953 litterarum.
576 888 696 954 Datum
718 887 822 971 Prage
852 906 936 955 anno
963 888 1086 956 domini
1106 888 1284 957 millesimo
1305 893 1425 955 trecen·

129 1001 244 1068 tesimo
276 999 542 1082 quinquagesimo
573 1019 666 1083 nono,
697 1001 879 1068 indiccione
914 1001 1116 1084 duodecima,
1151 999 1247 1068 VIII⁰
1276 1002 1426 1068 kalendas

129 1114 219 1195 iulii,
243 1132 419 1196 regnorum
442 1119 626 1181 nostrorum
648 1134 732 1182 anno
755 1118 857 1185 tercio
880 1118 1014 1199 decimo,
1041 1117 1171 1200 imperii
1204 1136 1282 1185 vero
1311 1118 1425 1201 quinto.

233 1270 296 1354 [Na
318 1270 435 1354 rubu:]
458 1271 495 1337 R.
520 1272 692 1338 Milionius.

392 1409 456 1495 [Ne
479 1410 596 1496 ohbu:]
641 1413 703 1478 Per
726 1413 891 1480 dominum
914 1466 946 1479 ..
970 1414 1176 1482 Mindansem
1198 1415 1389 1498 episcopum

795 1526 950 1594 Nicolaus
974 1527 1014 1593 de
1038 1525 1220 1595 chremser.

232 1696 305 1767 0rlg.
322 1712 399 1768 perg.
418 1715 434 1752 r
454 1698 566 1754 archivo
584 1714 619 1752 m.
637 1698 735 1754 Perna.
753 1729 787 1740 -
804 1699 887 1755 Pedet
905 1699 1039 1767 oisaislro,
1061 1699 1107 1767 jer
1126 1714 1163 1754 na
1181 1697 1329 1754 hedveone
1349 1697 1421 1753 illle

131 1791 194 1864 byla
212 1792 356 1862 condiente,
376 1794 407 1861 je
431 1796 552 1848 utriena.
580 1824 613 1834 -
640 1794 843 1863 Peaeum-Klett,
867 1793 1094 1850 Urlrundenbnch
1118 1793 1169 1848 der
1186 1794 1285 1851 stacte
1303 1793 1420 1849 Irreaden

131 1889 188 1945 und
205 1890 289 1945 Pirna
307 1895 355 1946 str.
374 1896 433 1944 361.

703 2049 767 2133 da.
792 2066 864 2133 ere.

505 2239 603 2320 1359,
626 2239 669 2306 24
692 2241 842 2309 derrna.
867 2239 902 2309 V
923 2239 1054 2310 Prone.

134 2413 227 2482 Uisur'
249 2415 349 2480 Karel
369 2415 392 2479 Ι
395 2414 424 2478 V
449 2414 592 2498 aurianae
623 2413 767 2497 rychtcir'i
794 2417 896 2481 mesto
921 2415 1038 2491 Perae,
1072 2413 1134 2497 uby
1161 2413 1229 2481 odei
1250 2410 1420 2496 ipoddoui

132 2526 448 2604 lenocinatorem
472 2527 624 2610 aureoajt
650 2530 828 2594 medianum
861 2526 959 2609 dluloy
982 2526 1107 2610 pleta‘tc’,
1141 2525 1316 2592 aobaooool
1337 2548 1357 2590 a
1376 2545 1420 2588 ro-

241 2640 338 2727 ty'lcol,
354 2639 488 2725 julcmcle
502 2643 538 2723 je
558 2641 711 2707 oodoodu
732 2642 833 2707 soudu
855 2640 945 2707 suedo
967 2638 1140 2707 merstem
1163 2640 1321 2723 dopadne.

235 2817 377 2883 Korolus
400 2823 533 2900 quartus
556 2817 669 2882 diuina
688 2817 818 2884 fauente
834 2817 1007 2884 clemencia
1022 2817 1241 2883 Romanorum
1260 2814 1424 2898 imperator

132 2949 258 3012 semper
280 2935 437 3012 augustus
460 2937 493 2995 et
514 2930 647 2997 Boemie
668 2949 733 2995 rex.
766 2929 870 2996 Fideli
894 2949 952 2997 suo
975 2930 1104 3011 dilecto,
1127 2929 1231 2997 iudici
1255 2929 1290 2995 in
1314 2929 1421 3012 Pyrno,

132 3045 187 3126 qui
203 3063 288 3110 nunc
302 3049 353 3109 est
375 3049 407 3109 et
429 3044 485 3126 qui
507 3044 608 3110 fuerit
621 3063 679 3126 pro
695 3049 848 3126 tempore,
872 3043 1014 3126 graciam
1035 3047 1175 3109 suamet
1191 3061 1288 3108 omne
1302 3041 1420 3108 bonum.

134 3156 319 3239 Cupientes,
350 3162 384 3222 vt
414 3158 503 3223 cinea
531 3157 676 3223 ciuitatis
700 3162 810 3222 nostre
831 3157 1017 3240 Pymensia
1046 3154 1159 3222 fideles
1180 3157 1289 3223 nostri
1311 3153 1423 3229 dilecti,

133 3270 314 3337 debitorum
337 3289 468 3337 suorum
490 3270 688 3335 solucionem
704 3287 723 3333 a
739 3267 911 3348 nobilibus,
932 3267 1118 3348 baronibus,
1141 3266 1312 3348 militibus,
1335 3266 1424 3332 olien-

132 3383 219 3449 tibus
242 3388 275 3449 et
295 3383 411 3449 incolis
433 3388 518 3447 terre
541 3382 671 3448 facilius
705 3385 927 3463 assequantur,
957 3387 1012 3446 tue
1041 3379 1193 3446 fidelitati
1225 3379 1423 3447 concedimus

133 3496 279 3579 graciose
300 3501 412 3561 tenore
434 3495 636 3577 presencium
659 3499 692 3559 et
713 3494 871 3575 fouemus,
902 3498 938 3558 vt
959 3493 1152 3576 quicumque
1174 3493 1322 3575 ipsorum
1344 3489 1423 3558 nobi·

133 3611 221 3690 lium,
243 3609 408 3689 baronum,
431 3609 590 3688 militum,'
605 3608 759 3674 clientum
781 3613 814 3672 et
836 3606 1014 3672 incolarum
1036 3625 1095 3688 pro
1111 3605 1259 3688 negociis
1275 3612 1309 3672 et
1323 3624 1423 3673 necee-

134 3724 284 3790 sitotibus
315 3724 384 3788 suis
417 3721 526 3788 debita
555 3722 588 3786 in
619 3721 691 3803 ipsa
722 3721 855 3787 ciuitate
885 3721 1103 3787 contraxerint
1129 3724 1162 3785 et
1184 3719 1300 3786 eadem
1326 3720 1424 3787 debita

134 3836 346 3904 creditoribus
370 3837 449 3916 suis,
473 3835 606 3901 ciuibus
630 3841 662 3900 et
685 3832 1040 3917 incolisPymensibus,
1060 3833 1094 3898 in
1123 3833 1274 3901 terminis
1305 3832 1349 3900 ad
1374 3831 1425 3900 eol·

134 3950 273 4016 ruendum
304 3950 479 4031 assumptis
515 3967 580 4013 non
604 3947 820 4029 persoluerint
849 3965 908 4012 nec
930 3947 1012 4011 alias
1039 3963 1111 4011 cum
1134 3945 1216 4028 ipsis
1247 3946 1289 4013 de
1319 3945 1428 4013 debitis

134 4063 318 4130 huiusmodi
341 4064 527 4129 curauerint
551 4061 755 4142 concordare,
782 4066 819 4126 tu
842 4059 962 4142 elapsis
986 4059 1188 4126 solucionum
1208 4060 1361 4127 terminis
1382 4076 1427 4125 res

136 4195 354 4259 quascumque
376 4182 409 4241 et
431 4176 577 4242 subditos
594 4194 651 4241 seu
666 4176 805 4241 rusticos
821 4173 995 4240 eorundem
1011 4172 1096 4239 inira
1110 4173 1232 4239 limites
1250 4178 1283 4240 et
1299 4172 1429 4241 circum·

134 4291 292 4356 feroncius
326 4308 488 4356 murorum
523 4307 580 4354 seu
615 4286 728 4353 iudicii
763 4286 887 4369 prefate
920 4285 1065 4353 ciuitatis
1095 4285 1248 4365 inuentae
1282 4287 1357 4353 siue
1387 4285 1432 4351 in·

136 4408 250 4468 uentos
273 4403 465 4469 auctoritate
487 4401 578 4481 regia
602 4418 767 4482 occuparo,
792 4398 937 4465 detinere
960 4416 1018 4464 seu
1040 4403 1202 4465 arrestata
1218 4398 1311 4465 licite
1326 4400 1431 4466 valeas

137 4522 169 4581 et
190 4516 330 4597 impune,
354 4515 454 4581 donec
476 4534 533 4596 per
557 4514 740 4580 detentores
764 4531 821 4578 aeu
843 4517 1023 4579 retentores
1046 4512 1234 4579 huiusmodi
1253 4511 1436 4580 debitorum

137 4629 263 4695 ciuibus
286 4629 367 4710 ipsis
394 4634 471 4710 puta
502 4627 714 4694 creditoribus
745 4626 854 4693 debita
885 4646 943 4692 sua
974 4625 1177 4708 integraliter
1208 4626 1437 4709 persoluentur
