3098 5392
139 462 204 527 314
766 456 841 508 raas.

244 670 408 734 ,lotrannes
442 667 496 733 dei
529 668 638 750 gracia
668 667 800 734 Boemie
832 682 888 729 rex
922 683 960 731 ac
991 662 1280 743 Lucemburgensis
1314 684 1436 732 comes.

142 783 308 849 liidelibus
339 781 459 847 uostris
491 781 651 847 dilectis.
676 833 682 846 .
707 780 807 847 iudici
830 784 864 846 et
886 831 917 844 ..
943 778 1079 845 consilio
1111 778 1252 844 ciuitatis
1284 779 1439 845 Sacensis

145 897 288 978 graciam
311 895 435 978 regiam
458 914 529 961 cum
552 896 664 960 salute.
701 893 874 976 Cupientes
898 893 1064 958 ciuitatem
1086 896 1225 957 vestram
1247 893 1282 957 in
1304 893 1439 959 iusticie

143 1027 227 1090 equa
243 1010 336 1074 lance
351 1009 515 1091 perpendi,
540 1015 697 1090 quatenus
712 1009 792 1074 iuris
808 1006 920 1072 ordine
935 1011 967 1070 et
982 1006 1137 1087 equitatis
1151 1007 1280 1071 tramite
1295 1008 1438 1090 cognitis

143 1127 232 1188 recte
255 1124 391 1190 valeatis
414 1124 524 1190 sinere
554 1143 624 1189 cum
654 1122 767 1199 salute,
798 1119 945 1183 volumus
968 1124 1001 1184 et
1023 1118 1115 1184 robis
1147 1118 1355 1185 conferrimus
1379 1140 1435 1203 po-

144 1241 296 1303 testatem
319 1238 535 1320 decernentes,
566 1241 720 1320 quatenus
751 1233 884 1314 possitis
907 1238 941 1297 et
962 1234 1138 1298 teneamini
1162 1251 1269 1300 rerum
1291 1236 1437 1300 omnium

147 1354 309 1420 renalium
342 1354 375 1419 in
410 1358 515 1419 restra
548 1351 678 1416 ciuitate
710 1366 770 1412 vsu
800 1346 1098 1428 consumendarum,
1134 1365 1197 1429 que
1225 1348 1260 1412 in
1281 1349 1435 1429 pondere,

151 1486 283 1535 numero
305 1469 355 1535 rel
377 1485 525 1534 mensura
548 1464 733 1540 consistunt,
764 1460 997 1527 discrecionem
1020 1467 1053 1526 ct
1075 1461 1292 1527 inuentarium
1315 1462 1436 1527 habere

154 1582 326 1665 provisuri,
347 1579 431 1664 quod
454 1578 628 1659 rbicunque
648 1591 700 1638 res
719 1577 785 1637 tam
807 1574 841 1637 in
864 1592 973 1655 grana
996 1573 1111 1654 farina,
1133 1575 1319 1657 potulentis,
1341 1595 1434 1642 escu-

149 1698 246 1763 lentis
276 1702 331 1762 ont
361 1696 394 1761 in
423 1690 536 1775 pannis
564 1692 597 1752 et
624 1685 720 1751 rebus
750 1686 824 1750 aliis
855 1688 974 1752 iustam
1004 1706 1197 1769 mensuram,
1227 1688 1352 1770 pondus
1377 1695 1433 1753 aut

150 1829 314 1879 numerum
336 1827 397 1875 non
420 1801 593 1879 habuerint,
617 1816 670 1863 eos
694 1800 856 1880 corrigere
877 1805 910 1865 et
931 1800 1103 1866 emendare
1124 1802 1258 1883 possitis
1279 1803 1434 1884 ipsasque

150 1927 191 1995 ad
213 1929 331 1993 iustum
353 1918 484 2004 pondus,
516 1930 681 1978 numerum
704 1918 737 1977 et
757 1932 941 1978 mensuram
973 1914 1129 1981 reducere
1162 1917 1291 1997 curetis,
1325 1916 1430 1981 delin-

147 2048 278 2128 quentes
309 2030 450 2118 malicita
478 2027 584 2093 debita
613 2026 748 2107 proinde
770 2028 981 2109 percellendo.
1028 2027 1151 2095 Harum
1177 2031 1262 2094 serie
1284 2033 1317 2094 et
1338 2033 1432 2094 testi-

146 2157 250 2223 monio
273 2151 455 2217 litterarum.
479 2141 596 2205 Datum
619 2138 722 2221 Ptoge
744 2139 826 2204 feria
848 2145 938 2205 sexta
961 2141 995 2205 in
1019 2142 1132 2223 vigilia
1152 2142 1240 2209 beati
1255 2142 1323 2208 Viti
1347 2162 1431 2208 anno

150 2268 266 2336 drantini
290 2259 455 2329 millesimo
477 2252 702 2317 trecentesimo
725 2252 888 2317 tricesimo
912 2257 1010 2318 sexto.

247 2416 337 2473 linita
353 2409 473 2482 pamdtnt
490 2406 579 2459 mesta
596 2391 680 2460 Zatce
697 2423 712 2457 n
731 2422 751 2458 r.
769 2412 835 2459 1383
854 2422 890 2459 na
901 2405 918 2459 1,
932 2408 973 2460 8d
991 2423 1024 2460 za
1043 2408 1181 2476 napisem:
1202 2406 1363 2474 „Johnnnes
1382 2427 1430 2464 rer

143 2523 265 2576 munerat
282 2509 393 2566 iudicem
412 2510 439 2557 ct
456 2501 583 2555 consules
602 2501 721 2555 ciuitatis
734 2501 869 2567 Senensis,
889 2500 961 2568 qnod
979 2503 1008 2555 in
1026 2501 1159 2572 pondere,
1176 2520 1291 2559 numero
1310 2513 1339 2558 et
1357 2522 1430 2559 men-

142 2632 206 2673 sura
223 2621 249 2665 ot
267 2604 369 2662 crunctis
395 2598 492 2654 ceteris
511 2597 615 2652 ciuitati
633 2597 751 2652 debcant
768 2597 939 2666 prouidere.“
959 2628 993 2637 -
1011 2597 1113 2666 Emler,
1131 2599 1252 2669 Regesta
1269 2602 1314 2655 1v.
1333 2602 1356 2656 d.
1370 2608 1429 2657 304.

143 2746 174 2755 .-
192 2704 367 2769 Schiesiupor,
385 2692 608 2749 Urkundenbuch
626 2692 675 2746 der
692 2694 729 2747 st.
748 2693 817 2748 Saaz
836 2695 857 2748 d.
877 2700 917 2748 60.

696 2923 758 3007 Cis.
790 2943 861 3008 193.

467 3190 470 3197 Ι
505 3094 600 3176 1336,
626 3093 670 3162 15
694 3098 843 3166 dervna.
868 3098 899 3166 V
920 3098 1051 3169 Prone.

143 3266 222 3340 Μ
242 3262 317 3332 ,lom
350 3251 479 3318 cor'tdio
508 3252 658 3335 cybirdnt
684 3254 830 3320 obecne‘ho
859 3257 988 3339 acpdtc
1016 3280 1051 3323 ce
1072 3257 1214 3335 mdstccd,
1241 3259 1425 3341 ponoenas-o

138 3376 309 3453 wdecim
331 3372 431 3432 mista
454 3369 560 3433 Mostac
582 3368 649 3434 trist
679 3389 696 3434 c
719 3370 862 3437 ddcdoda
883 3371 985 3438 todoto
1003 3393 1047 3455 po
1068 3374 1150 3456 dtpr'r'
1170 3373 1244 3450 leta,
1266 3394 1313 3456 po
1335 3373 1425 3440 ictcrd

252 3506 285 3555 aa
305 3481 449 3549 cavardi
470 3482 619 3566 urditp'ma'
640 3483 754 3566 odnosy
769 3486 962 3571 pendidiy'mi
977 3507 1088 3569 poncoc
1108 3509 1163 3553 mu
1184 3487 1305 3552 dicati.

234 3644 299 3715 Nos
322 3640 485 3706 iohannes
508 3642 560 3706 dei
583 3643 693 3725 gracia
711 3644 844 3710 Boemie
865 3663 921 3710 rex
943 3645 1283 3728 acLucembnrgensis
1307 3664 1423 3724 comes,

134 3764 177 3843 aad
198 3758 417 3829 rutuersorum
440 3755 591 3819 noticiam
612 3755 798 3821 deducimus
818 3776 876 3839 per
898 3764 1074 3840 presentes,
1096 3758 1190 3841 quod,
1214 3758 1291 3840 quia
1313 3759 1424 3825 dilecti

134 3876 225 3955 potis
247 3870 335 3939 ciues
359 3868 502 3932 ciuitatis
525 3868 695 3933 Pontensis
719 3869 825 3951 pridie
848 3875 968 3935 certam
990 3890 1146 3938 summam
1168 3872 1305 3954 pecunie
1327 3891 1423 3955 super

133 3995 268 4086 witern
302 4000 404 4046 annos
438 3988 513 4047 ante
546 3983 786 4049 institucionem
821 3985 980 4066 generalis
1015 3985 1134 4066 vngelti
1168 4004 1226 4067 per
1266 4005 1325 4052 nos
1358 3989 1430 4053 iam

133 4096 272 4183 portitat-i
297 4093 434 4159 subsidii
465 4097 594 4162 nomine
624 4097 701 4161 dare
732 4102 763 4162 et
793 4099 943 4163 exciuere
967 4098 1216 4180 spoponderunt,
1246 4119 1307 4166 nos
1331 4101 1427 4183 ipsis,

133 4224 169 4295 so
188 4231 250 4287 arao
274 4208 390 4274 obinde
413 4209 552 4291 dampna
582 4210 748 4276 incurrant
770 4213 892 4293 grauia
924 4213 1007 4278 hanc
1038 4213 1085 4278 eis
1108 4213 1249 4295 graciam
1272 4212 1421 4280 demimus

130 4322 317 4413 tmuium,
341 4322 388 4386 ita
404 4325 563 4404 videlicet,
588 4326 672 4408 quod
696 4326 736 4390 de
759 4326 897 4408 vngelto,
921 4331 956 4390 vt
977 4325 1184 4408 premittitur,
1207 4346 1354 4410 pronunc
1375 4330 1418 4394 in·

129 4442 242 4527 sipoto
265 4437 299 4503 in
323 4436 455 4502 sinitote
479 4438 630 4503 Pontcusi
654 4440 787 4505 terciam
810 4444 933 4522 partem
956 4440 1120 4523 deprimo
1147 4459 1230 4506 anno
1253 4443 1368 4511 tollere
1390 4448 1414 4508 et

129 4552 273 4645 rppiporo
295 4549 432 4615 debeant
454 4552 598 4633 plenarie
621 4558 652 4616 et
668 4571 705 4617 cx
721 4557 798 4633 toto,
823 4570 956 4635 eamque
978 4553 1110 4620 terciam
1132 4557 1314 4636 partemin
1338 4557 1415 4624 solu-

128 4668 252 4757 cionem
285 4663 473 4745 debitorum,
508 4667 680 4749 inquibus
711 4685 769 4747 pro
799 4666 891 4732 nobis
915 4668 1047 4750 obligati
1070 4673 1154 4749 sunt,
1185 4675 1414 4741 conuertemus.
