3098 5392
672 445 746 494 1394.
1289 439 1353 506 859

52 651 116 716 sibi
141 650 355 733 benignitatis
379 651 555 718 clemencia
577 669 615 716 ex
638 650 747 717 debito
768 653 917 716 teneatur
934 648 1111 730 intendere,
1134 650 1176 714 ad
1191 668 1230 715 ea
1245 655 1353 714 tamen

52 782 91 829 ex
115 764 271 846 specialis
294 764 502 847 prerogatiua
524 764 648 830 fauoris
672 783 735 832 non
755 763 907 829 inmerito
922 763 1107 843 inclinatur,
1130 781 1193 844 que
1207 761 1351 828 fidelium

52 878 228 959 peculiaris
251 878 344 960 regni
367 879 471 944 nostri
494 878 628 944 Boemie
649 877 831 960 respiciunt
847 876 1015 943 comodum
1031 881 1064 942 et
1078 876 1240 942 honorem.
1268 876 1353 943 Sene

51 1010 111 1072 pro
144 997 237 1072 parte
269 992 418 1074 magistri
452 991 584 1072 ciuium,
619 992 797 1073 consulum,
828 991 1011 1074 juratorum
1044 995 1078 1056 et
1111 989 1351 1057 communitatis

53 1106 199 1171 ciuitatis
223 1105 436 1188 Coloniensis,
459 1105 604 1172 fidelium
626 1110 809 1172 nostrorum
833 1103 1035 1185 dilectorum,
1058 1104 1222 1169 maiestati
1242 1108 1353 1169 nostre

53 1218 221 1285 humiliter
245 1220 462 1302 supplicatum
486 1219 608 1301 existit,
630 1222 789 1301 quatenus
812 1219 967 1284 rniuerss
990 1223 1022 1283 et
1038 1218 1167 1299 singula
1180 1217 1353 1300 priuilegia

52 1351 113 1397 seu
134 1332 246 1398 literas
270 1334 352 1416 ipsis
382 1336 415 1399 et
437 1332 563 1399 ciuitati
586 1351 697 1399 eorum
727 1352 747 1399 a
771 1331 990 1399 serenissimis
1014 1330 1174 1415 quondam
1204 1331 1353 1415 progeni·

51 1446 182 1511 toribus
215 1451 248 1512 et
269 1447 552 1529 predecessoribus
582 1448 713 1528 nostris,
737 1446 872 1512 Boemie
893 1444 1025 1529 regibus
1061 1463 1118 1510 seu
1150 1445 1297 1524 ducibus,
1321 1449 1354 1509 et

53 1559 225 1640 signanter
246 1578 266 1624 a
289 1561 508 1627 serenissimis
538 1559 750 1644 principibus,
778 1559 919 1625 dominis
941 1557 1091 1625 Johanne
1112 1577 1190 1641 rege
1210 1558 1353 1639 Boemie,

51 1692 128 1752 auo,
150 1673 270 1739 Karolo
293 1675 511 1740 Romanorum
533 1674 729 1756 imperatore
751 1691 879 1755 semper
901 1677 1040 1755 augusto
1068 1677 1102 1737 et
1119 1671 1253 1737 Boemie
1266 1689 1352 1753 rege,

52 1786 210 1868 genitore,
223 1787 345 1853 nostris
361 1789 539 1854 carissimis
556 1806 595 1853 sc
609 1788 704 1854 nobis
720 1805 817 1869 super
831 1786 1076 1870 quibuscunque
1089 1785 1193 1867 bonis,
1212 1785 1353 1869 juribus,

52 1901 282 1982 prerogatiuis,
306 1902 549 1983 emunitatibus,
573 1901 848 1982 concessionibus,
871 1900 993 1983 graciis
1016 1905 1049 1965 et
1064 1899 1200 1966 indultis
1214 1899 1352 1965 traditas

53 2017 87 2078 et
109 2030 280 2079 concessas
303 2014 492 2096 spprobere,
514 2013 687 2096 ratificare,
711 2015 868 2081 innouare
894 2018 928 2080 et
950 2012 1139 2080 confirmare
1160 2014 1354 2079 auctoritate

52 2127 146 2208 regia
176 2126 311 2193 Boemie
343 2129 526 2211 graciosius
556 2129 772 2212 dignaremur.
817 2127 885 2194 Nos
909 2146 995 2209 vero,
1027 2127 1083 2209 qui
1105 2131 1182 2193 vota
1204 2145 1354 2208 qnorum·

52 2239 135 2304 libet
157 2239 244 2305 iusta
270 2243 457 2321 petencium
483 2241 622 2308 libenter
645 2261 772 2325 semper
800 2241 1034 2323 amplectimur,
1058 2241 1203 2307 volentes
1219 2240 1355 2307 nichilo·

53 2353 173 2433 minus,
196 2357 232 2417 vt
253 2352 373 2435 preiati
394 2352 507 2419 fideles
530 2355 634 2419 nostri
656 2354 699 2419 ad
721 2359 865 2421 nostram
884 2358 917 2421 et
932 2370 1156 2419 successorum
1171 2358 1354 2420 nostrorum

52 2467 189 2532 Boemie
219 2485 332 2549 regum
366 2466 520 2550 obsequia
550 2487 589 2534 eo
620 2468 750 2552 quidem
786 2469 965 2535 studiosius
997 2468 1189 2549 animentur,
1225 2486 1288 2549 quo
1320 2485 1355 2533 se

53 2579 233 2645 maioribus
262 2585 437 2662 preuentos
468 2582 631 2647 senserint
659 2583 846 2650 muneribus
873 2582 1066 2665 graciarum,
1081 2617 1125 2627 —
1148 2580 1300 2646 uniuersa
1323 2586 1356 2646 et

55 2693 187 2774 singula
204 2693 378 2776 priuilegia
390 2711 447 2760 seu
459 2695 570 2760 literas
586 2695 668 2777 ipsis
683 2701 716 2761 et
732 2695 819 2761 dicte
833 2697 960 2762 ciuitati
975 2714 1086 2762 eorum
1102 2713 1121 2759 a
1136 2694 1354 2760 serenissimis

52 2806 217 2889 quondam
246 2807 509 2888 progenitoribus
529 2812 562 2873 et
590 2807 877 2890 predecessoribus
907 2809 1038 2889 nostris,
1064 2808 1198 2874 Boemie
1222 2808 1354 2890 regibus

56 2939 115 2984 seu
138 2919 286 2999 ducibus,
309 2924 343 2985 et
365 2920 532 3002 signanter
546 2939 567 2985 a
583 2922 801 2987 serenissimis
823 2921 1036 3004 principibus,
1052 2921 1192 2986 dominis
1207 2920 1356 2986 Johanne

54 3051 132 3115 rege
162 3032 304 3113 Boemie,
335 3051 408 3114 auo,
444 3034 564 3100 Karolo
594 3035 812 3099 Romanorum
843 3037 1038 3117 imperatore
1064 3053 1191 3116 semper
1217 3040 1355 3117 augusto

55 3152 89 3212 et
107 3145 242 3211 Boemie
273 3165 360 3228 rege,
391 3147 537 3228 genitore
567 3150 688 3214 nostris
720 3149 909 3229 carissimis,
940 3168 978 3215 ac
1012 3149 1115 3215 eciam
1141 3148 1235 3215 nobis
1258 3167 1357 3230 super

54 3279 167 3326 eorum
194 3258 298 3340 bonis,
324 3259 463 3341 juribus,
494 3263 722 3343 prerogatiuis,
754 3263 997 3343 emunitatibus,
1031 3261 1246 3342 libertatibus,
1280 3279 1356 3328 con·

55 3372 269 3453 cessionibus,
300 3373 419 3454 graciis
442 3378 476 3439 et
497 3374 634 3440 indultis
657 3375 795 3441 traditas
819 3381 853 3440 et
874 3394 1055 3457 concessas,
1085 3377 1153 3441 acsi
1176 3394 1288 3441 earum
1310 3381 1357 3440 te-

55 3505 153 3552 nores
185 3485 225 3551 de
259 3484 357 3551 uerbo
379 3485 422 3551 ad
451 3488 585 3553 verbum
616 3489 822 3569 presentibus
846 3489 967 3555 inserti
989 3489 1210 3570 constiterant,
1241 3507 1357 3571 appro-

54 3601 179 3679 bamus,
215 3598 413 3666 ratificamus
443 3606 476 3667 et
504 3603 628 3668 uirtute
657 3604 861 3685 presencium
891 3605 1085 3669 auctoritate
1105 3603 1197 3686 regia
1221 3603 1356 3670 Boemie

55 3714 237 3796 graciosius
270 3711 504 3796 confirmamus,
535 3716 745 3782 decernentes
769 3718 841 3799 ipsa
873 3722 906 3782 et
928 3732 1039 3782 corum
1061 3716 1237 3800 quodlibet,
1260 3722 1357 3799 prout

54 3829 118 3892 rite
140 3831 174 3891 et
195 3826 440 3893 racionabiliter
462 3835 700 3911 processerunt,
723 3830 871 3896 obtinere
887 3830 1005 3896 debere
1019 3831 1144 3898 roboris
1159 3829 1355 3897 firmitatem.

54 3940 264 4006 Presencium
295 3941 355 4006 sub
378 3944 468 4024 regie
490 3944 672 4010 maiestatis
695 3951 806 4010 nostre
838 3945 946 4027 sigillo
969 3946 1155 4011 testimonio
1178 3945 1354 4011 literarum.

53 4055 177 4119 Datum
192 4053 297 4135 Prage
319 4073 404 4120 anno
427 4054 549 4122 domini
572 4056 743 4123 millesimo
762 4060 990 4124 trecentesimo
1007 4062 1215 4141 nonagestmo
1231 4064 1356 4141 quarto,

52 4168 107 4234 die
131 4167 291 4249 vigesima
321 4169 464 4234 secunda
483 4170 682 4250 Decembris,
712 4189 886 4253 regnorum
908 4177 1093 4237 nostrorum
1115 4189 1201 4237 anno
1224 4171 1358 4238 Boemie

50 4282 221 4348 tricesimo
245 4282 397 4362 secundo,
420 4283 639 4348 Romanorum
662 4302 740 4349 vero
764 4284 889 4350 decimo
912 4303 1006 4350 nono.

381 4391 444 4480 [Na
467 4395 583 4479 ohbu:]
606 4396 658 4461 Ad
680 4399 876 4462 relacionem
898 4397 1099 4481 Sigismundi
1123 4398 1356 4465 subcamerarii

716 4510 908 4578 Wlaehniko
932 4513 973 4578 de
995 4511 1227 4597 Weytenmule.

164 4621 231 4706 [Na
253 4621 368 4706 rubu:]
391 4624 428 4689 a.
453 4623 663 4691 Wenceslaus
686 4625 727 4690 de
750 4626 913 4693 Olomucz.
