3098 5392
212 444 276 510 995
826 443 900 492 1404.

209 650 360 704 2ade1rna
379 655 445 704 1405
465 655 553 703 stata
572 650 692 705 rozlrazn
712 649 789 703 krale
812 665 863 717 pro
888 646 998 717 podrod
1024 647 1165 718 spacbany
1193 647 1323 715 (Temen,
1344 649 1467 719 Dejepis
1488 666 1519 701 m.

215 747 303 818 Pruhy
324 747 363 800 ΙΙΙ
382 753 429 800 str.
449 750 520 812 424).

773 973 859 1058 *da
883 993 956 1058 reo.

529 1184 630 1263 1404,
654 1183 698 1252 21
721 1186 908 1269 prosince.
942 1182 998 1250 lla
1017 1165 1192 1252 debrace.

211 1376 300 1443 Krcil
329 1375 443 1441 Vticloc
467 1376 522 1439 IV
537 1377 654 1459 scolojc
676 1398 721 1441 oa
742 1374 853 1441 iocoso
869 1374 1074 1457 portoristra
1096 1397 1117 1439 a
1139 1374 1269 1440 conseo
1291 1381 1397 1443 onesta
1421 1376 1518 1442 Piska

210 1489 252 1556 to
273 1491 392 1554 ar'tacoi
413 1489 534 1573 dpitrilo
556 1488 729 1555 meststtio
746 1489 830 1571 pr'ed
853 1488 974 1554 branca
995 1487 1153 1554 oradstskou
1182 1486 1219 1554 te
1240 1489 1284 1554 ca·
1306 1510 1355 1556 so.
1378 1492 1475 1556 Joara
1497 1512 1514 1553 o

210 1625 254 1670 sc.
277 1603 406 1687 Atacem
438 1603 610 1669 odklodem
640 1606 785 1670 occiana
814 1602 980 1686 tarndjiilto
1016 1601 1178 1668 oratorie
1209 1622 1226 1666 a
1268 1602 1397 1684 torpeo,
1421 1602 1515 1687 jakoi

211 1716 440 1783 ilcodnoadnt
462 1719 524 1782 100
546 1715 604 1799 Itop
625 1739 674 1800 pr.
709 1717 836 1782 rodaldo
867 1715 967 1781 circiter
997 1714 1017 1779 k
1047 1715 1183 1782 elocant
1212 1715 1355 1800 dodoci
1383 1739 1403 1781 v
1439 1721 1514 1796 neo,

215 1853 236 1896 a
258 1830 390 1896 adrovet'a
411 1833 607 1914 ostanovoje,
641 1831 675 1897 dc
697 1829 802 1912 prdoo
825 1829 1007 1895 dosoaooati
1029 1830 1185 1896 docbovm'
1209 1830 1248 1895 do
1279 1830 1406 1912 specto
1440 1831 1518 1912 tauji

210 1943 402 2026 opkondvaii
429 1945 572 2010 mdiiooc'
605 1944 725 2008 Piscdta'
755 1965 776 2007 a
805 1941 904 2007 pileoli
934 1941 1106 2008 kataovntct
1142 1965 1158 2008 s
1196 1947 1349 2009 deroeaou
1383 1942 1515 2009 acacio

784 2079 802 2120 v
831 2057 940 2121 Proae.

317 2250 528 2316 wenceslaus
560 2249 614 2314 dei
645 2250 755 2331 gracia
783 2249 1002 2314 Romanorum
1043 2267 1100 2314 rex
1134 2267 1263 2330 semper
1291 2256 1454 2333 augustus
1485 2258 1514 2315 et

211 2365 344 2430 Boemie
366 2382 433 2429 rex.
473 2363 593 2428 Notum
618 2363 755 2429 iacimus
778 2369 889 2429 tenore
911 2362 1116 2445 presencium
1142 2363 1316 2428 rninersis.
1356 2363 1446 2429 Inter
1467 2382 1513 2428 sa·

210 2477 316 2543 lubria
345 2478 470 2558 deoque
500 2482 633 2559 accepta
666 2478 798 2560 pietatis
829 2495 937 2559 opera,
970 2495 1032 2559 que
1065 2495 1124 2559 pro
1147 2476 1320 2543 abolendis
1351 2478 1512 2544 bominum

212 2590 402 2657 criminibus
433 2590 643 2673 prouidentia
674 2590 787 2656 diuina
820 2591 974 2671 instituit,
1010 2590 1187 2655 elemosina
1218 2595 1365 2656 meretur
1400 2589 1512 2668 efferri,

212 2723 275 2787 que
296 2709 462 2785 tamquam
484 2703 632 2768 amabilis
666 2701 872 2784 suffragatrix
903 2702 944 2768 de
966 2701 1115 2768 manibus
1149 2721 1332 2784 pauperum
1364 2705 1451 2771 volat
1482 2706 1510 2769 in

212 2817 315 2883 celum
338 2822 370 2882 et
393 2817 461 2882 illic
486 2817 553 2881 suis
578 2816 775 2881 amatoribus
800 2820 893 2898 piarat
918 2815 1111 2897 hospicium,
1134 2821 1167 2881 et
1190 2816 1289 2881 velud
1316 2819 1511 2901 negociatrir

215 2933 356 2998 omnium
379 2948 574 3012 magnopere
608 2930 802 3012 prudencior
832 2931 971 2995 terrenis
1003 2929 1164 2997 mercibus
1187 2929 1324 2996 celestia
1353 2938 1509 3014 comparat

214 3052 247 3112 et
276 3064 334 3127 pro
364 3045 563 3109 transitoriis
595 3049 706 3109 eterna
736 3048 907 3126 permutat,
939 3063 1013 3108 nam
1047 3048 1080 3109 et
1111 3043 1314 3125 omnipotens
1339 3044 1421 3112 deus
1444 3044 1508 3111 ideo

214 3156 325 3239 alios¹)
349 3162 540 3239 paupertate
562 3157 769 3238 constrinxit,
792 3157 873 3222 alios
898 3156 1091 3222 diuiciarum
1115 3157 1209 3239 copia
1231 3156 1398 3241 dilatauit,
1428 3163 1509 3224 utet

212 3272 260 3337 illi
294 3271 443 3351 habeant,
479 3269 562 3334 vnde
592 3270 723 3351 propria
757 3270 890 3334 valeant
920 3275 1053 3352 peccata
1082 3271 1251 3350 redimere,
1286 3275 1320 3336 et
1355 3273 1411 3337 isti
1435 3270 1508 3334 unde

213 3404 304 3450 suam
327 3384 456 3466 possint
477 3383 620 3464 inopiam
643 3388 834 3448 sustentare.
861 3384 910 3448 lld
927 3384 1024 3449 huius
1048 3384 1150 3465 igitur
1165 3384 1344 3451 elemosine
1364 3386 1506 3451 uirtutem

212 3517 269 3581 per
291 3516 350 3563 nos
372 3497 512 3562 feliciter
534 3495 779 3577 assequendam,
803 3496 865 3561 etsi
890 3514 988 3578 super
1009 3495 1183 3578 quemlibet
1214 3514 1354 3578 egenum
1378 3504 1411 3563 et
1437 3516 1505 3579 pau·

213 3630 322 3696 peram
344 3616 511 3677 teneamur
535 3610 711 3691 intendere,
737 3610 869 3675 illorum
886 3615 994 3675 tamen
1011 3626 1161 3692 urgemur
1184 3613 1340 3691 penurias
1360 3613 1503 3687 relocare,

214 3746 294 3809 quos
319 3744 396 3791 seue
417 3725 530 3791 mortis
554 3724 712 3790 conclusit
727 3724 910 3789 aduersitas
937 3730 970 3789 et
994 3723 1151 3789 alaribus
1167 3726 1314 3805 paternis
1338 3724 1501 3793 exclusust

215 3841 273 3906 sub
298 3840 366 3904 sola
389 3857 447 3921 spe
470 3838 645 3903 elemosine
668 3838 766 3903 alieni
790 3837 868 3902 iecit
891 3837 1047 3904 domicilii
1072 3838 1263 3920 inquilinos.
1298 3840 1386 3907 Sane
1407 3848 1502 3906 nostre

213 3953 394 4019 maiestatis
417 3951 607 4018 accedentes
630 3953 830 4033 presenciam
853 3953 1008 4034 magister
1032 3952 1165 4026 ciuium,
1189 3955 1341 4020 consules
1365 3960 1397 4021 et
1414 3952 1501 4038 jurati

214 4066 358 4132 ciuitatis
389 4071 497 4130 nostre
528 4065 754 4147 Pyescnensis,
790 4064 901 4130 fideles
934 4067 1036 4132 nostri
1068 4066 1188 4146 dilecti,
1226 4066 1321 4133 nobis
1352 4068 1502 4134 humiliter

214 4178 489 4260 supplicauerunt,
522 4184 680 4259 qnatenus
712 4178 752 4242 ad
786 4179 986 4243 ereccionem
1009 4183 1041 4243 et
1063 4179 1322 4246 exstruccionem
1346 4179 1500 4265 hospitalis

214 4292 293 4357 foris
318 4291 452 4356 eandem
476 4291 643 4357 ciuitatem
667 4298 809 4358 nostram
842 4293 1075 4375 Pyesczensem
1097 4311 1155 4375 per
1176 4292 1351 4361 Nicolaum
1381 4297 1420 4362 de
1439 4292 1500 4357 llo·

214 4407 297 4488 lyna,
322 4406 466 4487 ipsorum
489 4407 664 4486 conciucm,
701 4405 827 4472 fidelem
851 4412 996 4473 nostrum
1020 4406 1181 4488 dilectum,
1210 4408 1244 4473 in
1269 4427 1328 4474 sue
1352 4416 1385 4476 et
1406 4406 1500 4493 preda·

214 4538 377 4583 cessurum
409 4538 540 4584 suorum
570 4519 749 4582 arrimarrun
781 4519 960 4585 remedium
985 4516 1153 4603 salutare³)
1177 4520 1211 4586 in
1234 4521 1393 4589 honorem
1414 4517 1501 4589 sancti

214 4631 328 4696 Jodoci
351 4638 384 4696 et
405 4633 499 4697 beate
522 4632 691 4697 Elizabctb
715 4651 752 4697 ac
776 4633 913 4699 aliorum
936 4639 1121 4700 sanctorum
1144 4632 1185 4699 de
1200 4653 1286 4701 nouo
1310 4637 1421 4715 erecti,
1443 4651 1501 4699 nec·
