3098 5392
747 410 822 460 1846.

686 600 751 687 dn.
783 618 856 687 251.

414 773 417 779 ·
488 755 586 834 1346,
609 755 809 828 ill-dnora.
840 757 886 848 [V
907 755 1052 846 Pranel

128 919 211 985 Krec
231 919 300 985 Jan
315 918 480 1000 potoraaje
500 915 644 999 memes
665 937 687 981 a
703 916 888 1000 pitsdny'm
909 919 1011 983 mesta
1032 916 1204 983 Litomert'o
1224 938 1268 982 aa
1287 912 1388 982 rdklndl

128 1033 244 1099 delient
266 1027 564 1095 OttouaBerltooa
592 1051 614 1095 a
635 1031 754 1096 mern
781 1029 914 1095 eladio
942 1030 1054 1112 ajello
1083 1030 1232 1096 maresc
1260 1024 1386 1096 boando

122 1145 256 1229 polojne'
265 1141 832 1220 emovtnloeoPotratic,olerou
844 1143 921 1210 meli
928 1143 1225 1225 praedicantem
1237 1139 1386 1228 suompte.

232 1303 300 1369 Nos
321 1300 486 1367 lohannes
508 1301 561 1368 dei
583 1302 693 1385 gracia
706 1319 763 1369 rex
784 1302 918 1369 Boemie
936 1321 974 1369 ae
990 1320 1096 1370 comes
1117 1300 1387 1386 Lucembuugensis

128 1424 240 1485 tenore
268 1416 470 1499 presencium
499 1417 780 1500 recongnosoimus
803 1416 976 1499 minensis,
1007 1417 1103 1500 qnod,
1133 1420 1212 1501 quia
1232 1418 1311 1485 alias
1330 1416 1389 1482 inter

128 1532 239 1599 fideles
262 1534 389 1596 nostros
416 1530 541 1596 sincere
569 1531 705 1598 dilectos
728 1530 905 1599 Henrieum
927 1531 968 1597 de
990 1530 1139 1615 Kemnyk
1162 1551 1202 1599 er
1224 1551 1294 1613 vna,
1314 1536 1343 1597 et
1356 1529 1389 1593 io·

130 1645 234 1712 dicem
249 1649 282 1710 et
295 1645 418 1709 iuratos
434 1645 577 1710 ciuitatis
592 1649 702 1711 nostre
722 1645 1029 1730 Lithomierycensis
1043 1649 1138 1727 parte
1153 1664 1193 1712 ex
1208 1647 1315 1727 altera,
1329 1644 1390 1710 lisot

131 1758 349 1825 controuersie
370 1775 429 1840 pro
452 1758 588 1838 quadam
607 1758 704 1823 vinea
726 1758 847 1824 ibidem
867 1760 902 1824 in
923 1758 1161 1842 Lithomieryca
1183 1778 1283 1843 prope
1302 1757 1390 1824 Polm-

130 1873 194 1938 tien
217 1877 249 1937 et
271 1871 340 1936 suis
362 1871 487 1937 iuribus
510 1877 543 1937 et
564 1872 774 1954 pertinenciis
796 1872 1019 1954 vertebantnr‚.
1041 1891 1180 1956 quanm
1205 1867 1392 1955 controuersia¹

132 1991 166 2051 et
187 1985 255 2050 litis
278 1985 446 2051 veritatem
469 1985 599 2052 iusticie
624 1986 780 2069 indagare
809 1986 986 2069 cupientes,
1012 1985 1126 2053 fideles
1147 1991 1277 2053 nostros
1297 1984 1392 2052 sincere

133 2098 268 2164 dilectos
291 2096 442 2164 Ottonem
465 2099 505 2164 do
526 2099 661 2181 Bergow
680 2104 712 2165 et
734 2099 915 2166 Russonem
936 2100 978 2166 ds
998 2099 1114 2167 Luticu
1135 2100 1179 2165 ad
1200 2095 1392 2183 inquirsndrn

131 2213 299 2278 veritatem
314 2210 392 2277 dicti
410 2211 488 2277 facti
503 2200 679 2279 direximus
694 2213 926 2296 diligenter-
942 2211 1059 2296 quibus
1082 2211 1212 2280 auditis
1234 2218 1268 2280 et
1287 2211 1393 2293 diligen·

133 2332 183 2391 ter
212 2322 385 2391 intellectis
415 2325 608 2391 excellencie
636 2331 747 2392 nostre
776 2327 995 2409 supradictam
1023 2331 1169 2393 nostram
1198 2323 1395 2394 ciuitatcnet

136 2439 225 2504 ciues
246 2442 374 2503 nostros
396 2438 559 2519 predictos
580 2437 886 2506 Lithomiericenses
901 2439 936 2505 in
950 2439 1110 2522 premisse
1124 2458 1226 2506 eausa
1247 2438 1395 2506 retulerant

136 2553 266 2634 plenum
288 2550 341 2615 ius
363 2549 481 2616 habere
499 2552 699 2617 —volentes
731 2551 835 2618 dictos
858 2553 947 2619 ciues
962 2555 1090 2620 nostros
1104 2550 1396 2625 Limomierioenses

134 2669 229 2747 prout
258 2669 400 2729 nostram
429 2663 522 2730 decet
550 2665 786 2748 excellenciam,
816 2668 849 2733 in
873 2685 931 2733 suo
953 2667 1025 2734 inre
1053 2664 1197 2734 fideliter
1225 2679 1397 2739 conseruare

134 2779 225 2846 vobis
248 2778 425 2860 capitaneo,
456 2779 642 2860 camerario,
673 2779 910 2846 subcamerario
932 2798 970 2846 ac
992 2781 1066 2847 aliis
1088 2781 1212 2848 nostris
1233 2776 1399 2849 officuliou

134 2893 225 2976 regni
246 2891 389 2973 Boemie‚
420 2893 476 2975 qni
498 2912 583 2959 nnnc
605 2897 681 2959 sunt
702 2898 760 2958 aut
780 2912 838 2976 pro
860 2899 1005 2976 tempore
1030 2892 1161 2975 luerint,
1194 2896 1316 2963 seriose
1333 2908 1400 2959 man

16 3088 19 3095 Ι
133 3008 256 3088 damus,
279 3007 407 3073 omnino
429 3008 583 3087 volentes,
615 3013 772 3089 quatenus
794 3008 925 3075 eosdem
947 3009 1036 3076 ciues
1065 3013 1197 3076 nostros
1217 3002 1401 3076 Lithomieri·

135 3138 265 3186 czensss
287 3119 322 3184 in
344 3120 455 3202 quieta
471 3123 504 3185 et
525 3117 660 3201 pacifica
681 3121 887 3202 possessione
908 3121 1053 3188 eiusdem
1067 3121 1163 3188 vinee
1177 3126 1211 3188 et
1225 3122 1295 3189 suis
1307 3134 1403 3203 appeu

135 3234 198 3299 diis
231 3231 366 3298 firmiter
395 3237 428 3298 et
458 3237 642 3299 constanter
674 3238 785 3300 tenere
818 3234 964 3302 debeatis
995 3252 1055 3302 nec
1085 3252 1141 3302 eos
1165 3235 1199 3301 in
1230 3234 1339 3301 eadem
1362 3245 1404 3314 pu

135 3346 317 3430 quempiam
338 3345 478 3426 turbare,
500 3347 672 3413 molestare
687 3352 720 3412 et
733 3347 891 3429 impedire
905 3348 1066 3415 ullatenus
1084 3348 1295 3432 permittatis,
1315 3360 1405 3412 rann

137 3479 191 3527 eos
214 3460 249 3525 in
271 3459 383 3526 eadem
404 3458 626 3525 fauorabiliter
660 3478 861 3543 conseruare,
891 3460 982 3528 aliud
1003 3480 1068 3528 non
1090 3460 1219 3546 lecturi,
1249 3467 1340 3547 prout
1364 3475 1404 3524 no

136 3580 235 3641 stram
256 3591 389 3658 manem
410 3572 670 3656 indignacionem
691 3574 860 3642 volueritis
888 3575 1020 3642 enitare.
1055 3576 1177 3642 Datum
1198 3575 1329 3644 sabbato
1348 3574 1405 3638 ant

136 3688 327 3756 dominicam
348 3686 479 3769 Exurge
500 3688 677 3769 proximam
699 3706 783 3755 anno
805 3688 928 3754 domini
951 3686 1211 3756 M⁰COCXLVI⁰.

237 3842 349 3911 Rnlrop.
375 3824 502 3897 (leskeho
527 3856 623 3897 musea
647 3842 716 3912 sign.
734 3848 769 3897 24
787 3842 811 3898 G
830 3849 863 3897 12
880 3858 918 3898 na
934 3843 952 3897 l.
971 3843 1029 3898 331>
1047 3858 1065 3897 a
1082 3843 1141 3899 8οό
1159 3859 1194 3899 aa
1217 3842 1338 3915 nepum
1364 3836 1405 3905 ,ll

136 3938 217 3994 vinici
244 3937 298 3994 nod
325 3937 533 3993 Pokraticemi.“
570 3937 614 3994 Na
631 3938 648 3992 l.
668 3945 699 3993 81
719 3939 800 3994 tehol
827 3938 927 4010 rnlrop.
947 3939 978 4008 js
1001 3937 1088 4010 leski
1103 3938 1224 4011 pleklnd
1249 3939 1342 3997 tolneto
1357 3936 1408 3992 lm

136 4052 151 4088 z
169 4034 220 4090 XV
237 4034 338 4090 stolati.
358 4062 391 4077 -
409 4033 506 4102 Hiclre,
524 4034 615 4090 Mitth.
632 4033 650 4090 1.
670 4034 768 4090 (lesen.
786 4033 812 4090 d.
831 4035 866 4090 D.
883 4035 913 4092 in
930 4034 962 4090 B.
980 4033 1105 4093 xxvm
1124 4041 1174 4092 atr.
1192 4041 1254 4092 861.

703 4230 768 4314 Cis.
794 4248 869 4316 252.

517 4384 618 4466 1346,
642 4386 684 4456 18
706 4388 841 4456 dnora.
865 4386 899 4456 V
921 4386 1053 4456 Prone.

138 4523 222 4590 Krcil
250 4526 318 4593 Jon
350 4546 369 4589 o
403 4523 553 4591 soahlusu
586 4545 602 4591 s
635 4524 832 4591 markroblm
864 4525 996 4593 Korlem
1025 4524 1170 4614 copiates
1194 4524 1355 4610 pdtbual
1379 4518 1423 4592 nl

139 4637 257 4704 Aoelce
278 4658 295 4703 a
317 4635 575 4714 Blonlteolreinm,
604 4637 703 4704 edoce
714 4658 759 4721 po
780 4639 941 4706 aroaeadm
964 4637 1059 4722 posu
1079 4637 1288 4707 Jtsa’s'ooovi
1307 4658 1326 4707 r
1347 4636 1426 4723 nlpt
