<?xml version="1.0" encoding="UTF-8"?>
<!DOCTYPE html PUBLIC "-//W3C//DTD XHTML 1.0 Transitional//EN"
    "http://www.w3.org/TR/xhtml1/DTD/xhtml1-transitional.dtd">
<html xmlns="http://www.w3.org/1999/xhtml" xml:lang="en" lang="en">
 <head>
  <title>
</title>
<meta http-equiv="Content-Type" content="text/html;charset=utf-8" />
  <meta name='ocr-system' content='tesseract 3.04.00' />
  <meta name='ocr-capabilities' content='ocr_page ocr_carea ocr_par ocr_line ocrx_word'/>
</head>
<body>
  <div class='ocr_page' id='page_1' title='image "./sbrkapramenprva01kingoog/sbrkapramenprva01kingoog_0615.png"; bbox 0 0 3098 5392; ppageno 0'>
   <div class='ocr_carea' id='block_1_1' title="bbox 723 420 1419 498">
    <p class='ocr_par' dir='ltr' id='par_1_1' title="bbox 723 420 1419 498">
     <span class='ocr_line' id='line_1_1' title="bbox 723 420 1419 498; baseline -0.001 1"><span class='ocrx_word' id='word_1_1' title='bbox 723 433 798 487; x_wconf 71' lang='lat' dir='ltr'><strong>oo.</strong></span> <span class='ocrx_word' id='word_1_2' title='bbox 1356 420 1419 498; x_wconf 80' lang='lat'>581&#39;</span> 
     </span>
    </p>
   </div>
   <div class='ocr_carea' id='block_1_2' title="bbox 113 641 1494 2646">
    <p class='ocr_par' dir='ltr' id='par_1_2' title="bbox 113 641 1494 2646">
     <span class='ocr_line' id='line_1_2' title="bbox 228 641 1421 725; baseline -0.002 -17"><span class='ocrx_word' id='word_1_3' title='bbox 228 642 297 710; x_wconf 91' lang='lat' dir='ltr'><strong>Nos</strong></span> <span class='ocrx_word' id='word_1_4' title='bbox 330 643 537 725; x_wconf 90' lang='lat' dir='ltr'><strong>Margaretha</strong></span> <span class='ocrx_word' id='word_1_5' title='bbox 567 642 679 707; x_wconf 91' lang='lat' dir='ltr'><strong>diuina</strong></span> <span class='ocrx_word' id='word_1_6' title='bbox 701 642 915 709; x_wconf 82' lang='lat' dir='ltr'><strong>miseracione</strong></span> <span class='ocrx_word' id='word_1_7' title='bbox 938 642 1090 724; x_wconf 78' lang='lat' dir='ltr'><strong>abatissa,</strong></span> <span class='ocrx_word' id='word_1_8' title='bbox 1113 641 1231 708; x_wconf 87' lang='lat' dir='ltr'><strong>Bietka</strong></span> <span class='ocrx_word' id='word_1_9' title='bbox 1253 642 1421 725; x_wconf 86' lang='lat' dir='ltr'><strong>priorissa,</strong></span> 
     </span>
     <span class='ocr_line' id='line_1_3' title="bbox 121 755 1422 837; baseline 0 -17"><span class='ocrx_word' id='word_1_10' title='bbox 121 756 293 822; x_wconf 83' lang='lat' dir='ltr'><strong>Eiiaabeth</strong></span> <span class='ocrx_word' id='word_1_11' title='bbox 326 756 448 823; x_wconf 79' lang='lat' dir='ltr'><strong>custrix</strong></span> <span class='ocrx_word' id='word_1_12' title='bbox 482 761 635 837; x_wconf 86' lang='lat' dir='ltr'><strong>totusque</strong></span> <span class='ocrx_word' id='word_1_13' title='bbox 668 762 845 822; x_wconf 87' lang='lat' dir='ltr'><strong>conuentus</strong></span> <span class='ocrx_word' id='word_1_14' title='bbox 879 756 1068 822; x_wconf 91' lang='lat' dir='ltr'><strong>monialium</strong></span> <span class='ocrx_word' id='word_1_15' title='bbox 1099 756 1288 822; x_wconf 88' lang='lat' dir='ltr'><strong>monasterii</strong></span> <span class='ocrx_word' id='word_1_16' title='bbox 1317 755 1422 822; x_wconf 88' lang='lat' dir='ltr'><strong>saneti</strong></span> 
     </span>
     <span class='ocr_line' id='line_1_4' title="bbox 123 867 1421 952; baseline -0.001 -18"><span class='ocrx_word' id='word_1_17' title='bbox 123 870 259 952; x_wconf 84' lang='lat' dir='ltr'><strong>Georgii</strong></span> <span class='ocrx_word' id='word_1_18' title='bbox 290 870 324 934; x_wconf 94' lang='lat' dir='ltr'><strong>in</strong></span> <span class='ocrx_word' id='word_1_19' title='bbox 356 874 462 936; x_wconf 89' lang='lat' dir='ltr'><strong>castro</strong></span> <span class='ocrx_word' id='word_1_20' title='bbox 484 868 652 952; x_wconf 89' lang='lat' dir='ltr'><strong>Pragensi,</strong></span> <span class='ocrx_word' id='word_1_21' title='bbox 675 869 798 935; x_wconf 86' lang='lat' dir='ltr'><strong>ordinis</strong></span> <span class='ocrx_word' id='word_1_22' title='bbox 822 869 926 935; x_wconf 90' lang='lat' dir='ltr'><strong>sancti</strong></span> <span class='ocrx_word' id='word_1_23' title='bbox 948 868 1128 950; x_wconf 84' lang='lat' dir='ltr'><strong>Benedicti,</strong></span> <span class='ocrx_word' id='word_1_24' title='bbox 1151 873 1263 935; x_wconf 92' lang='lat' dir='ltr'><strong>notum</strong></span> <span class='ocrx_word' id='word_1_25' title='bbox 1285 867 1421 935; x_wconf 87' lang='lat' dir='ltr'><strong>facimus</strong></span> 
     </span>
     <span class='ocr_line' id='line_1_5' title="bbox 123 980 1419 1065; baseline -0.002 -18"><span class='ocrx_word' id='word_1_26' title='bbox 123 984 286 1049; x_wconf 74' lang='lat' dir='ltr'><strong>uniuersis</strong></span> <span class='ocrx_word' id='word_1_27' title='bbox 319 983 578 1065; x_wconf 84' lang='lat' dir='ltr'><strong>inperpetuum,</strong></span> <span class='ocrx_word' id='word_1_28' title='bbox 608 988 675 1048; x_wconf 91' lang='lat' dir='ltr'><strong>tam</strong></span> <span class='ocrx_word' id='word_1_29' title='bbox 709 982 914 1064; x_wconf 83' lang='lat' dir='ltr'><strong>presentibus</strong></span> <span class='ocrx_word' id='word_1_30' title='bbox 944 1001 1039 1064; x_wconf 91' lang='lat' dir='ltr'><strong>quam</strong></span> <span class='ocrx_word' id='word_1_31' title='bbox 1067 980 1198 1062; x_wconf 81' lang='lat' dir='ltr'><strong>futuris,</strong></span> <span class='ocrx_word' id='word_1_32' title='bbox 1229 981 1419 1062; x_wconf 77' lang='lat' dir='ltr'><strong>quodcum</strong></span> 
     </span>
     <span class='ocr_line' id='line_1_6' title="bbox 120 1079 1494 1178; baseline -0.002 -17"><span class='ocrx_word' id='word_1_33' title='bbox 120 1115 219 1178; x_wconf 91' lang='lat' dir='ltr'><strong>super</strong></span> <span class='ocrx_word' id='word_1_34' title='bbox 241 1096 300 1161; x_wconf 89' lang='lat' dir='ltr'><strong>lite</strong></span> <span class='ocrx_word' id='word_1_35' title='bbox 322 1100 355 1162; x_wconf 90' lang='lat' dir='ltr'><strong>et</strong></span> <span class='ocrx_word' id='word_1_36' title='bbox 377 1095 592 1162; x_wconf 87' lang='lat' dir='ltr'><strong>dissensionis</strong></span> <span class='ocrx_word' id='word_1_37' title='bbox 607 1095 752 1176; x_wconf 88' lang='lat' dir='ltr'><strong>materia,</strong></span> <span class='ocrx_word' id='word_1_38' title='bbox 769 1113 831 1176; x_wconf 89' lang='lat' dir='ltr'><strong>que</strong></span> <span class='ocrx_word' id='word_1_39' title='bbox 852 1095 974 1161; x_wconf 93' lang='lat' dir='ltr'><strong>dudum</strong></span> <span class='ocrx_word' id='word_1_40' title='bbox 995 1094 1200 1160; x_wconf 87' lang='lat' dir='ltr'><strong>aratroaotia</strong></span> <span class='ocrx_word' id='word_1_41' title='bbox 1221 1093 1421 1175; x_wconf 86' lang='lat' dir='ltr'><strong>temporibus</strong></span> <span class='ocrx_word' id='word_1_42' title='bbox 1489 1079 1494 1085; x_wconf 63' lang='grc'><em>’</em></span> 
     </span>
     <span class='ocr_line' id='line_1_7' title="bbox 118 1206 1421 1276; baseline -0.001 -4"><span class='ocrx_word' id='word_1_43' title='bbox 118 1210 205 1274; x_wconf 89' lang='lat' dir='ltr'><strong>inter</strong></span> <span class='ocrx_word' id='word_1_44' title='bbox 237 1227 296 1274; x_wconf 89' lang='lat' dir='ltr'><strong>nos</strong></span> <span class='ocrx_word' id='word_1_45' title='bbox 327 1212 360 1273; x_wconf 88' lang='lat' dir='ltr'><strong>et</strong></span> <span class='ocrx_word' id='word_1_46' title='bbox 388 1212 610 1274; x_wconf 86' lang='lat' dir='ltr'><strong>antecessores</strong></span> <span class='ocrx_word' id='word_1_47' title='bbox 641 1213 770 1276; x_wconf 90' lang='lat' dir='ltr'><strong>nostras</strong></span> <span class='ocrx_word' id='word_1_48' title='bbox 800 1209 1000 1275; x_wconf 78' lang='lat' dir='ltr'><strong>occasionem</strong></span> <span class='ocrx_word' id='word_1_49' title='bbox 1023 1207 1204 1273; x_wconf 88' lang='lat' dir='ltr'><strong>metharum</strong></span> <span class='ocrx_word' id='word_1_50' title='bbox 1227 1211 1260 1272; x_wconf 91' lang='lat' dir='ltr'><strong>et</strong></span> <span class='ocrx_word' id='word_1_51' title='bbox 1281 1206 1421 1271; x_wconf 92' lang='lat' dir='ltr'><strong>limitum</strong></span> 
     </span>
     <span class='ocr_line' id='line_1_8' title="bbox 120 1319 1420 1405; baseline -0.003 -18"><span class='ocrx_word' id='word_1_52' title='bbox 120 1340 316 1405; x_wconf 89' lang='lat' dir='ltr'><strong>pascuarum</strong></span> <span class='ocrx_word' id='word_1_53' title='bbox 348 1321 420 1387; x_wconf 88' lang='lat' dir='ltr'><strong>siue</strong></span> <span class='ocrx_word' id='word_1_54' title='bbox 450 1328 615 1405; x_wconf 89' lang='lat' dir='ltr'><strong>pratorum</strong></span> <span class='ocrx_word' id='word_1_55' title='bbox 644 1323 832 1389; x_wconf 89' lang='lat' dir='ltr'><strong>monasterii</strong></span> <span class='ocrx_word' id='word_1_56' title='bbox 862 1321 965 1388; x_wconf 83' lang='lat' dir='ltr'><strong>nostri</strong></span> <span class='ocrx_word' id='word_1_57' title='bbox 988 1325 1022 1387; x_wconf 88' lang='lat' dir='ltr'><strong>et</strong></span> <span class='ocrx_word' id='word_1_58' title='bbox 1044 1321 1122 1385; x_wconf 84' lang='lat' dir='ltr'><strong>ville</strong></span> <span class='ocrx_word' id='word_1_59' title='bbox 1143 1325 1254 1386; x_wconf 77' lang='lat' dir='ltr'><strong>nosne</strong></span> <span class='ocrx_word' id='word_1_60' title='bbox 1276 1319 1420 1385; x_wconf 86' lang='lat' dir='ltr'><strong>Wrutioz</strong></span> 
     </span>
     <span class='ocr_line' id='line_1_9' title="bbox 120 1432 1421 1515; baseline 0 -17"><span class='ocrx_word' id='word_1_61' title='bbox 120 1454 235 1501; x_wconf 85' lang='lat' dir='ltr'><strong>versus</strong></span> <span class='ocrx_word' id='word_1_62' title='bbox 263 1435 429 1501; x_wconf 86' lang='lat' dir='ltr'><strong>ciuitatem</strong></span> <span class='ocrx_word' id='word_1_63' title='bbox 452 1434 684 1501; x_wconf 86' lang='lat' dir='ltr'><strong>Melnioensem</strong></span> <span class='ocrx_word' id='word_1_64' title='bbox 714 1436 894 1501; x_wconf 89' lang='lat' dir='ltr'><strong>iacencium</strong></span> <span class='ocrx_word' id='word_1_65' title='bbox 915 1453 954 1500; x_wconf 84' lang='lat' dir='ltr'><strong>cx</strong></span> <span class='ocrx_word' id='word_1_66' title='bbox 976 1453 1050 1515; x_wconf 84' lang='lat' dir='ltr'><strong>vna,</strong></span> <span class='ocrx_word' id='word_1_67' title='bbox 1074 1438 1107 1499; x_wconf 89' lang='lat' dir='ltr'><strong>et</strong></span> <span class='ocrx_word' id='word_1_68' title='bbox 1128 1432 1281 1515; x_wconf 92' lang='lat' dir='ltr'><strong>prouidos</strong></span> <span class='ocrx_word' id='word_1_69' title='bbox 1304 1451 1342 1498; x_wconf 90' lang='lat' dir='ltr'><strong>ac</strong></span> <span class='ocrx_word' id='word_1_70' title='bbox 1364 1432 1421 1499; x_wconf 92' lang='lat' dir='ltr'><strong>ho·</strong></span> 
     </span>
     <span class='ocr_line' id='line_1_10' title="bbox 113 1545 1420 1637; baseline -0.003 -24"><span class='ocrx_word' id='word_1_71' title='bbox 113 1554 230 1637; x_wconf 10' lang='lat' dir='ltr'><strong>*nestos</strong></span> <span class='ocrx_word' id='word_1_72' title='bbox 254 1549 351 1627; x_wconf 71' lang='lat' dir='ltr'><strong>viros</strong></span> <span class='ocrx_word' id='word_1_73' title='bbox 371 1547 515 1630; x_wconf 90' lang='lat' dir='ltr'><strong>judicem</strong></span> <span class='ocrx_word' id='word_1_74' title='bbox 536 1553 569 1614; x_wconf 88' lang='lat' dir='ltr'><strong>et</strong></span> <span class='ocrx_word' id='word_1_75' title='bbox 583 1549 706 1614; x_wconf 90' lang='lat' dir='ltr'><strong>iuratos</strong></span> <span class='ocrx_word' id='word_1_76' title='bbox 722 1553 886 1630; x_wconf 86' lang='lat' dir='ltr'><strong>totamque</strong></span> <span class='ocrx_word' id='word_1_77' title='bbox 901 1548 1162 1614; x_wconf 87' lang='lat' dir='ltr'><strong>communitatem</strong></span> <span class='ocrx_word' id='word_1_78' title='bbox 1177 1546 1323 1612; x_wconf 91' lang='lat' dir='ltr'><strong>ciuitatis</strong></span> <span class='ocrx_word' id='word_1_79' title='bbox 1339 1545 1420 1610; x_wconf 89' lang='lat' dir='ltr'><strong>Mel-</strong></span> 
     </span>
     <span class='ocr_line' id='line_1_11' title="bbox 117 1658 1419 1743; baseline -0.002 -18"><span class='ocrx_word' id='word_1_80' title='bbox 117 1659 263 1726; x_wconf 87' lang='lat' dir='ltr'><strong>nioensis</strong></span> <span class='ocrx_word' id='word_1_81' title='bbox 287 1659 420 1742; x_wconf 86' lang='lat' dir='ltr'><strong>prefate,</strong></span> <span class='ocrx_word' id='word_1_82' title='bbox 444 1660 653 1743; x_wconf 91' lang='lat' dir='ltr'><strong>ipsorumque</strong></span> <span class='ocrx_word' id='word_1_83' title='bbox 669 1660 913 1743; x_wconf 85' lang='lat' dir='ltr'><strong>predecessores</strong></span> <span class='ocrx_word' id='word_1_84' title='bbox 936 1660 1087 1726; x_wconf 90' lang='lat' dir='ltr'><strong>similiter</strong></span> <span class='ocrx_word' id='word_1_85' title='bbox 1106 1659 1276 1726; x_wconf 85' lang='lat' dir='ltr'><strong>occasione</strong></span> <span class='ocrx_word' id='word_1_86' title='bbox 1297 1658 1419 1724; x_wconf 90' lang='lat' dir='ltr'><strong>metha-</strong></span> 
     </span>
     <span class='ocr_line' id='line_1_12' title="bbox 120 1771 1416 1856; baseline -0.002 -18"><span class='ocrx_word' id='word_1_87' title='bbox 120 1793 194 1839; x_wconf 93' lang='lat' dir='ltr'><strong>rum</strong></span> <span class='ocrx_word' id='word_1_88' title='bbox 217 1778 251 1839; x_wconf 87' lang='lat' dir='ltr'><strong>et</strong></span> <span class='ocrx_word' id='word_1_89' title='bbox 272 1773 412 1838; x_wconf 90' lang='lat' dir='ltr'><strong>limitum</strong></span> <span class='ocrx_word' id='word_1_90' title='bbox 433 1792 626 1856; x_wconf 86' lang='lat' dir='ltr'><strong>pascuarum</strong></span> <span class='ocrx_word' id='word_1_91' title='bbox 649 1781 682 1839; x_wconf 89' lang='lat' dir='ltr'><strong>at</strong></span> <span class='ocrx_word' id='word_1_92' title='bbox 705 1781 869 1856; x_wconf 89' lang='lat' dir='ltr'><strong>pratorum</strong></span> <span class='ocrx_word' id='word_1_93' title='bbox 892 1774 979 1840; x_wconf 90' lang='lat' dir='ltr'><strong>dicte</strong></span> <span class='ocrx_word' id='word_1_94' title='bbox 1003 1774 1147 1840; x_wconf 87' lang='lat' dir='ltr'><strong>ciuitatis</strong></span> <span class='ocrx_word' id='word_1_95' title='bbox 1170 1790 1284 1838; x_wconf 87' lang='lat' dir='ltr'><strong>versus</strong></span> <span class='ocrx_word' id='word_1_96' title='bbox 1307 1771 1416 1837; x_wconf 84' lang='lat' dir='ltr'><strong>villam</strong></span> 
     </span>
     <span class='ocr_line' id='line_1_13' title="bbox 121 1885 1419 1969; baseline 0 -19"><span class='ocrx_word' id='word_1_97' title='bbox 121 1885 269 1951; x_wconf 86' lang='lat' dir='ltr'><strong>Wrutioz</strong></span> <span class='ocrx_word' id='word_1_98' title='bbox 290 1886 469 1968; x_wconf 89' lang='lat' dir='ltr'><strong>predictam</strong></span> <span class='ocrx_word' id='word_1_99' title='bbox 492 1891 526 1952; x_wconf 93' lang='lat' dir='ltr'><strong>et</strong></span> <span class='ocrx_word' id='word_1_100' title='bbox 547 1887 658 1952; x_wconf 89' lang='lat' dir='ltr'><strong>villam</strong></span> <span class='ocrx_word' id='word_1_101' title='bbox 669 1887 820 1953; x_wconf 84' lang='lat' dir='ltr'><strong>Gelenicz</strong></span> <span class='ocrx_word' id='word_1_102' title='bbox 843 1905 878 1952; x_wconf 92' lang='lat' dir='ltr'><strong>se</strong></span> <span class='ocrx_word' id='word_1_103' title='bbox 899 1887 1174 1969; x_wconf 76' lang='lat' dir='ltr'><strong>protendendum,</strong></span> <span class='ocrx_word' id='word_1_104' title='bbox 1197 1886 1363 1968; x_wconf 91' lang='lat' dir='ltr'><strong>pratisque</strong></span> <span class='ocrx_word' id='word_1_105' title='bbox 1386 1889 1419 1950; x_wconf 91' lang='lat' dir='ltr'><strong>et</strong></span> 
     </span>
     <span class='ocr_line' id='line_1_14' title="bbox 118 1998 1419 2083; baseline -0.002 -18"><span class='ocrx_word' id='word_1_106' title='bbox 118 2001 253 2082; x_wconf 88' lang='lat' dir='ltr'><strong>pascuis</strong></span> <span class='ocrx_word' id='word_1_107' title='bbox 283 2000 405 2067; x_wconf 87' lang='lat' dir='ltr'><strong>nostris</strong></span> <span class='ocrx_word' id='word_1_108' title='bbox 428 1999 564 2083; x_wconf 87' lang='lat' dir='ltr'><strong>prefatis</strong></span> <span class='ocrx_word' id='word_1_109' title='bbox 595 2000 854 2083; x_wconf 86' lang='lat' dir='ltr'><strong>contingencium</strong></span> <span class='ocrx_word' id='word_1_110' title='bbox 885 2005 976 2082; x_wconf 89' lang='lat' dir='ltr'><strong>parte</strong></span> <span class='ocrx_word' id='word_1_111' title='bbox 1006 2019 1045 2066; x_wconf 85' lang='lat' dir='ltr'><strong>ex</strong></span> <span class='ocrx_word' id='word_1_112' title='bbox 1074 2001 1187 2080; x_wconf 88' lang='lat' dir='ltr'><strong>altera,</strong></span> <span class='ocrx_word' id='word_1_113' title='bbox 1211 1998 1419 2064; x_wconf 86' lang='lat' dir='ltr'><strong>uertebautur</strong></span> 
     </span>
     <span class='ocr_line' id='line_1_15' title="bbox 123 2111 1418 2196; baseline -0.002 -18"><span class='ocrx_word' id='word_1_114' title='bbox 123 2131 182 2178; x_wconf 90' lang='lat' dir='ltr'><strong>seu</strong></span> <span class='ocrx_word' id='word_1_115' title='bbox 214 2113 298 2178; x_wconf 82' lang='lat' dir='ltr'><strong>verti</strong></span> <span class='ocrx_word' id='word_1_116' title='bbox 328 2113 550 2195; x_wconf 88' lang='lat' dir='ltr'><strong>sperabantur,</strong></span> <span class='ocrx_word' id='word_1_117' title='bbox 579 2132 638 2195; x_wconf 93' lang='lat' dir='ltr'><strong>pro</strong></span> <span class='ocrx_word' id='word_1_118' title='bbox 667 2119 760 2196; x_wconf 88' lang='lat' dir='ltr'><strong>parte</strong></span> <span class='ocrx_word' id='word_1_119' title='bbox 783 2119 893 2180; x_wconf 90' lang='lat' dir='ltr'><strong>nostra</strong></span> <span class='ocrx_word' id='word_1_120' title='bbox 915 2132 953 2179; x_wconf 87' lang='lat' dir='ltr'><strong>aa</strong></span> <span class='ocrx_word' id='word_1_121' title='bbox 975 2114 1080 2180; x_wconf 85' lang='lat' dir='ltr'><strong>tocius</strong></span> <span class='ocrx_word' id='word_1_122' title='bbox 1102 2111 1291 2179; x_wconf 89' lang='lat' dir='ltr'><strong>monasterii</strong></span> <span class='ocrx_word' id='word_1_123' title='bbox 1313 2111 1418 2176; x_wconf 90' lang='lat' dir='ltr'><strong>nostri</strong></span> 
     </span>
     <span class='ocr_line' id='line_1_16' title="bbox 122 2224 1418 2308; baseline -0.002 -17"><span class='ocrx_word' id='word_1_124' title='bbox 122 2227 155 2291; x_wconf 93' lang='lat' dir='ltr'><strong>in</strong></span> <span class='ocrx_word' id='word_1_125' title='bbox 183 2225 340 2307; x_wconf 87' lang='lat' dir='ltr'><strong>prouidos</strong></span> <span class='ocrx_word' id='word_1_126' title='bbox 363 2231 394 2292; x_wconf 84' lang='lat' dir='ltr'><strong>et</strong></span> <span class='ocrx_word' id='word_1_127' title='bbox 418 2226 575 2292; x_wconf 88' lang='lat' dir='ltr'><strong>discretos</strong></span> <span class='ocrx_word' id='word_1_128' title='bbox 603 2227 700 2306; x_wconf 88' lang='lat' dir='ltr'><strong>viros,</strong></span> <span class='ocrx_word' id='word_1_129' title='bbox 723 2226 915 2292; x_wconf 87' lang='lat' dir='ltr'><strong>Dobessium</strong></span> <span class='ocrx_word' id='word_1_130' title='bbox 940 2226 980 2291; x_wconf 89' lang='lat' dir='ltr'><strong>de</strong></span> <span class='ocrx_word' id='word_1_131' title='bbox 1003 2224 1113 2308; x_wconf 86' lang='lat' dir='ltr'><strong>Vgezd</strong></span> <span class='ocrx_word' id='word_1_132' title='bbox 1136 2229 1169 2290; x_wconf 89' lang='lat' dir='ltr'><strong>at</strong></span> <span class='ocrx_word' id='word_1_133' title='bbox 1189 2224 1418 2290; x_wconf 87' lang='lat' dir='ltr'><strong>Wieczkonem</strong></span> 
     </span>
     <span class='ocr_line' id='line_1_17' title="bbox 121 2337 1416 2422; baseline -0.001 -19"><span class='ocrx_word' id='word_1_134' title='bbox 121 2338 380 2422; x_wconf 73' lang='lat' dir='ltr'><strong>deNynieohoir,</strong></span> <span class='ocrx_word' id='word_1_135' title='bbox 404 2343 437 2404; x_wconf 91' lang='lat' dir='ltr'><strong>et</strong></span> <span class='ocrx_word' id='word_1_136' title='bbox 457 2358 516 2421; x_wconf 93' lang='lat' dir='ltr'><strong>pro</strong></span> <span class='ocrx_word' id='word_1_137' title='bbox 528 2344 620 2420; x_wconf 90' lang='lat' dir='ltr'><strong>parta</strong></span> <span class='ocrx_word' id='word_1_138' title='bbox 635 2339 842 2405; x_wconf 87' lang='lat' dir='ltr'><strong>honestorum</strong></span> <span class='ocrx_word' id='word_1_139' title='bbox 865 2343 898 2404; x_wconf 92' lang='lat' dir='ltr'><strong>et</strong></span> <span class='ocrx_word' id='word_1_140' title='bbox 920 2339 1103 2421; x_wconf 90' lang='lat' dir='ltr'><strong>sapientum</strong></span> <span class='ocrx_word' id='word_1_141' title='bbox 1125 2339 1277 2418; x_wconf 89' lang='lat' dir='ltr'><strong>virorum,</strong></span> <span class='ocrx_word' id='word_1_142' title='bbox 1295 2337 1416 2420; x_wconf 89' lang='lat' dir='ltr'><strong>judicis</strong></span> 
     </span>
     <span class='ocr_line' id='line_1_18' title="bbox 120 2451 1417 2535; baseline -0.001 -18"><span class='ocrx_word' id='word_1_143' title='bbox 120 2458 152 2517; x_wconf 84' lang='lat' dir='ltr'><strong>et</strong></span> <span class='ocrx_word' id='word_1_144' title='bbox 175 2452 357 2517; x_wconf 87' lang='lat' dir='ltr'><strong>iuratorum</strong></span> <span class='ocrx_word' id='word_1_145' title='bbox 379 2452 549 2534; x_wconf 89' lang='lat' dir='ltr'><strong>tociusque</strong></span> <span class='ocrx_word' id='word_1_146' title='bbox 560 2452 799 2518; x_wconf 89' lang='lat' dir='ltr'><strong>communitatis</strong></span> <span class='ocrx_word' id='word_1_147' title='bbox 822 2452 968 2518; x_wconf 88' lang='lat' dir='ltr'><strong>ciuitatis</strong></span> <span class='ocrx_word' id='word_1_148' title='bbox 989 2451 1124 2535; x_wconf 87' lang='lat' dir='ltr'><strong>prefate,</strong></span> <span class='ocrx_word' id='word_1_149' title='bbox 1147 2451 1188 2517; x_wconf 89' lang='lat' dir='ltr'><strong>de</strong></span> <span class='ocrx_word' id='word_1_150' title='bbox 1209 2469 1368 2518; x_wconf 89' lang='lat' dir='ltr'><strong>consensu</strong></span> <span class='ocrx_word' id='word_1_151' title='bbox 1384 2455 1417 2516; x_wconf 89' lang='lat' dir='ltr'><strong>et</strong></span> 
     </span>
     <span class='ocr_line' id='line_1_19' title="bbox 120 2563 1417 2646; baseline 0 -18"><span class='ocrx_word' id='word_1_152' title='bbox 120 2566 289 2631; x_wconf 77' lang='lat' dir='ltr'><strong>voluntate</strong></span> <span class='ocrx_word' id='word_1_153' title='bbox 320 2564 527 2630; x_wconf 85' lang='lat' dir='ltr'><strong>serenissime</strong></span> <span class='ocrx_word' id='word_1_154' title='bbox 560 2563 698 2646; x_wconf 92' lang='lat' dir='ltr'><strong>domine,</strong></span> <span class='ocrx_word' id='word_1_155' title='bbox 733 2564 862 2630; x_wconf 92' lang='lat' dir='ltr'><strong>domine</strong></span> <span class='ocrx_word' id='word_1_156' title='bbox 894 2565 996 2646; x_wconf 83' lang='lat' dir='ltr'><strong>Anne,</strong></span> <span class='ocrx_word' id='word_1_157' title='bbox 1030 2564 1247 2631; x_wconf 88' lang='lat' dir='ltr'><strong>Romanorum</strong></span> <span class='ocrx_word' id='word_1_158' title='bbox 1280 2564 1417 2646; x_wconf 90' lang='lat' dir='ltr'><strong>impera·</strong></span> 
     </span>
    </p>
   </div>
   <div class='ocr_carea' id='block_1_3' title="bbox 119 2675 1513 2760">
    <p class='ocr_par' dir='ltr' id='par_1_3' title="bbox 119 2675 1513 2760">
     <span class='ocr_line' id='line_1_20' title="bbox 119 2675 1513 2760; baseline -0.002 -15"><span class='ocrx_word' id='word_1_159' title='bbox 119 2679 213 2745; x_wconf 88' lang='lat' dir='ltr'><strong>tricis</strong></span> <span class='ocrx_word' id='word_1_160' title='bbox 238 2682 271 2742; x_wconf 92' lang='lat' dir='ltr'><strong>et</strong></span> <span class='ocrx_word' id='word_1_161' title='bbox 291 2677 448 2743; x_wconf 91' lang='lat' dir='ltr'><strong>Bohemie</strong></span> <span class='ocrx_word' id='word_1_162' title='bbox 472 2678 594 2760; x_wconf 88' lang='lat' dir='ltr'><strong>regine,</strong></span> <span class='ocrx_word' id='word_1_163' title='bbox 625 2696 663 2743; x_wconf 92' lang='lat' dir='ltr'><strong>ac</strong></span> <span class='ocrx_word' id='word_1_164' title='bbox 686 2676 805 2743; x_wconf 89' lang='lat' dir='ltr'><strong>nobilis</strong></span> <span class='ocrx_word' id='word_1_165' title='bbox 828 2676 900 2758; x_wconf 82' lang='lat' dir='ltr'><strong>viri,</strong></span> <span class='ocrx_word' id='word_1_166' title='bbox 924 2675 1046 2743; x_wconf 92' lang='lat' dir='ltr'><strong>domini</strong></span> <span class='ocrx_word' id='word_1_167' title='bbox 1067 2677 1157 2743; x_wconf 89' lang='lat' dir='ltr'><strong>Petri</strong></span> <span class='ocrx_word' id='word_1_168' title='bbox 1179 2677 1220 2744; x_wconf 92' lang='lat' dir='ltr'><strong>de</strong></span> <span class='ocrx_word' id='word_1_169' title='bbox 1242 2676 1414 2759; x_wconf 85' lang='lat' dir='ltr'><strong>Janouioa,</strong></span> <span class='ocrx_word' id='word_1_170' title='bbox 1508 2720 1513 2730; x_wconf 86' lang='lat'>-</span> 
     </span>
    </p>
   </div>
   <div class='ocr_carea' id='block_1_4' title="bbox 113 2789 1416 4686">
    <p class='ocr_par' dir='ltr' id='par_1_4' title="bbox 113 2789 1416 4686">
     <span class='ocr_line' id='line_1_21' title="bbox 116 2789 1416 2875; baseline -0.002 -17"><span class='ocrx_word' id='word_1_171' title='bbox 116 2793 224 2875; x_wconf 85' lang='lat' dir='ltr'><strong>ipsius</strong></span> <span class='ocrx_word' id='word_1_172' title='bbox 255 2791 345 2856; x_wconf 85' lang='lat' dir='ltr'><strong>curie</strong></span> <span class='ocrx_word' id='word_1_173' title='bbox 373 2790 532 2872; x_wconf 78' lang='lat' dir='ltr'><strong>magistri,</strong></span> <span class='ocrx_word' id='word_1_174' title='bbox 559 2790 594 2854; x_wconf 92' lang='lat' dir='ltr'><strong>in</strong></span> <span class='ocrx_word' id='word_1_175' title='bbox 617 2790 775 2856; x_wconf 89' lang='lat' dir='ltr'><strong>discretos</strong></span> <span class='ocrx_word' id='word_1_176' title='bbox 799 2793 832 2855; x_wconf 90' lang='lat' dir='ltr'><strong>et</strong></span> <span class='ocrx_word' id='word_1_177' title='bbox 853 2790 1005 2857; x_wconf 85' lang='lat' dir='ltr'><strong>honestos</strong></span> <span class='ocrx_word' id='word_1_178' title='bbox 1028 2791 1116 2856; x_wconf 87' lang='lat' dir='ltr'><strong>viros</strong></span> <span class='ocrx_word' id='word_1_179' title='bbox 1138 2789 1360 2857; x_wconf 87' lang='lat' dir='ltr'><strong>Wanozlinum</strong></span> <span class='ocrx_word' id='word_1_180' title='bbox 1383 2794 1416 2856; x_wconf 87' lang='lat' dir='ltr'><strong>et</strong></span> 
     </span>
     <span class='ocr_line' id='line_1_22' title="bbox 114 2902 1416 2986; baseline -0.002 -16"><span class='ocrx_word' id='word_1_181' title='bbox 114 2904 290 2972; x_wconf 91' lang='lat' dir='ltr'><strong>Nicolaum</strong></span> <span class='ocrx_word' id='word_1_182' title='bbox 314 2902 447 2984; x_wconf 86' lang='lat' dir='ltr'><strong>Conadi,</strong></span> <span class='ocrx_word' id='word_1_183' title='bbox 471 2904 560 2969; x_wconf 89' lang='lat' dir='ltr'><strong>ciues</strong></span> <span class='ocrx_word' id='word_1_184' title='bbox 583 2903 728 2968; x_wconf 89' lang='lat' dir='ltr'><strong>ciuitatis</strong></span> <span class='ocrx_word' id='word_1_185' title='bbox 752 2903 925 2986; x_wconf 87' lang='lat' dir='ltr'><strong>sepedicto,</strong></span> <span class='ocrx_word' id='word_1_186' title='bbox 949 2903 1067 2969; x_wconf 89' lang='lat' dir='ltr'><strong>fuisset</strong></span> <span class='ocrx_word' id='word_1_187' title='bbox 1088 2909 1121 2968; x_wconf 94' lang='lat' dir='ltr'><strong>et</strong></span> <span class='ocrx_word' id='word_1_188' title='bbox 1142 2910 1229 2969; x_wconf 88' lang='lat' dir='ltr'><strong>esset</strong></span> <span class='ocrx_word' id='word_1_189' title='bbox 1251 2903 1310 2970; x_wconf 90' lang='lat' dir='ltr'><strong>sub</strong></span> <span class='ocrx_word' id='word_1_190' title='bbox 1327 2906 1416 2969; x_wconf 88' lang='lat' dir='ltr'><strong>certa</strong></span> 
     </span>
     <span class='ocr_line' id='line_1_23' title="bbox 113 3016 1413 3101; baseline -0.003 -15"><span class='ocrx_word' id='word_1_191' title='bbox 113 3037 200 3101; x_wconf 88' lang='lat' dir='ltr'><strong>pena</strong></span> <span class='ocrx_word' id='word_1_192' title='bbox 223 3023 377 3099; x_wconf 90' lang='lat' dir='ltr'><strong>tanquam</strong></span> <span class='ocrx_word' id='word_1_193' title='bbox 399 3018 433 3082; x_wconf 94' lang='lat' dir='ltr'><strong>in</strong></span> <span class='ocrx_word' id='word_1_194' title='bbox 456 3016 595 3084; x_wconf 89' lang='lat' dir='ltr'><strong>arbitros</strong></span> <span class='ocrx_word' id='word_1_195' title='bbox 619 3021 652 3082; x_wconf 91' lang='lat' dir='ltr'><strong>et</strong></span> <span class='ocrx_word' id='word_1_196' title='bbox 673 3018 853 3082; x_wconf 90' lang='lat' dir='ltr'><strong>metharum</strong></span> <span class='ocrx_word' id='word_1_197' title='bbox 875 3017 1059 3083; x_wconf 89' lang='lat' dir='ltr'><strong>huiuamodi</strong></span> <span class='ocrx_word' id='word_1_198' title='bbox 1083 3023 1264 3083; x_wconf 87' lang='lat' dir='ltr'><strong>ostensorcs</strong></span> <span class='ocrx_word' id='word_1_199' title='bbox 1288 3017 1329 3082; x_wconf 90' lang='lat' dir='ltr'><strong>de</strong></span> <span class='ocrx_word' id='word_1_200' title='bbox 1348 3017 1413 3082; x_wconf 90' lang='lat' dir='ltr'><strong>alto</strong></span> 
     </span>
     <span class='ocr_line' id='line_1_24' title="bbox 115 3130 1415 3214; baseline -0.004 -15"><span class='ocrx_word' id='word_1_201' title='bbox 115 3141 148 3199; x_wconf 88' lang='lat' dir='ltr'><strong>et</strong></span> <span class='ocrx_word' id='word_1_202' title='bbox 172 3132 273 3198; x_wconf 90' lang='lat' dir='ltr'><strong>basso</strong></span> <span class='ocrx_word' id='word_1_203' title='bbox 297 3132 572 3214; x_wconf 86' lang='lat' dir='ltr'><strong>compromissum,</strong></span> <span class='ocrx_word' id='word_1_204' title='bbox 595 3130 734 3212; x_wconf 85' lang='lat' dir='ltr'><strong>predicti</strong></span> <span class='ocrx_word' id='word_1_205' title='bbox 746 3131 873 3196; x_wconf 88' lang='lat' dir='ltr'><strong>arbitrii</strong></span> <span class='ocrx_word' id='word_1_206' title='bbox 896 3149 1005 3197; x_wconf 92' lang='lat' dir='ltr'><strong>omnes</strong></span> <span class='ocrx_word' id='word_1_207' title='bbox 1028 3131 1062 3195; x_wconf 91' lang='lat' dir='ltr'><strong>in</strong></span> <span class='ocrx_word' id='word_1_208' title='bbox 1085 3131 1233 3211; x_wconf 90' lang='lat' dir='ltr'><strong>solidum,</strong></span> <span class='ocrx_word' id='word_1_209' title='bbox 1248 3130 1367 3197; x_wconf 88' lang='lat' dir='ltr'><strong>habitis</strong></span> <span class='ocrx_word' id='word_1_210' title='bbox 1382 3134 1415 3195; x_wconf 88' lang='lat' dir='ltr'><strong>et</strong></span> 
     </span>
     <span class='ocr_line' id='line_1_25' title="bbox 113 3242 1413 3328; baseline -0.002 -17"><span class='ocrx_word' id='word_1_211' title='bbox 113 3245 259 3327; x_wconf 87' lang='lat' dir='ltr'><strong>receptis</strong></span> <span class='ocrx_word' id='word_1_212' title='bbox 289 3245 495 3328; x_wconf 90' lang='lat' dir='ltr'><strong>abantiquis</strong></span> <span class='ocrx_word' id='word_1_213' title='bbox 521 3249 555 3310; x_wconf 92' lang='lat' dir='ltr'><strong>et</strong></span> <span class='ocrx_word' id='word_1_214' title='bbox 576 3245 739 3326; x_wconf 88' lang='lat' dir='ltr'><strong>prouectis</strong></span> <span class='ocrx_word' id='word_1_215' title='bbox 762 3245 796 3310; x_wconf 95' lang='lat' dir='ltr'><strong>in</strong></span> <span class='ocrx_word' id='word_1_216' title='bbox 819 3250 905 3310; x_wconf 88' lang='lat' dir='ltr'><strong>etate</strong></span> <span class='ocrx_word' id='word_1_217' title='bbox 926 3244 1110 3311; x_wconf 88' lang='lat' dir='ltr'><strong>hominibus</strong></span> <span class='ocrx_word' id='word_1_218' title='bbox 1131 3242 1195 3309; x_wconf 91' lang='lat' dir='ltr'><strong>fide</strong></span> <span class='ocrx_word' id='word_1_219' title='bbox 1217 3243 1325 3326; x_wconf 85' lang='lat' dir='ltr'><strong>dignis</strong></span> <span class='ocrx_word' id='word_1_220' title='bbox 1352 3243 1413 3309; x_wconf 90' lang='lat' dir='ltr'><strong>cir-</strong></span> 
     </span>
     <span class='ocr_line' id='line_1_26' title="bbox 113 3356 1413 3440; baseline -0.002 -15"><span class='ocrx_word' id='word_1_221' title='bbox 113 3357 379 3426; x_wconf 89' lang='lat' dir='ltr'><strong>cumsedentibus</strong></span> <span class='ocrx_word' id='word_1_222' title='bbox 401 3363 467 3423; x_wconf 91' lang='lat' dir='ltr'><strong>tam</strong></span> <span class='ocrx_word' id='word_1_223' title='bbox 491 3358 702 3424; x_wconf 90' lang='lat' dir='ltr'><strong>communiter</strong></span> <span class='ocrx_word' id='word_1_224' title='bbox 725 3377 821 3439; x_wconf 92' lang='lat' dir='ltr'><strong>quarn</strong></span> <span class='ocrx_word' id='word_1_225' title='bbox 843 3358 977 3425; x_wconf 91' lang='lat' dir='ltr'><strong>diuisim</strong></span> <span class='ocrx_word' id='word_1_226' title='bbox 1000 3357 1246 3440; x_wconf 90' lang='lat' dir='ltr'><strong>probaoionibus</strong></span> <span class='ocrx_word' id='word_1_227' title='bbox 1267 3360 1300 3423; x_wconf 90' lang='lat' dir='ltr'><strong>et</strong></span> <span class='ocrx_word' id='word_1_228' title='bbox 1314 3356 1413 3423; x_wconf 86' lang='lat' dir='ltr'><strong>infor-</strong></span> 
     </span>
     <span class='ocr_line' id='line_1_27' title="bbox 113 3469 1412 3554; baseline -0.003 -15"><span class='ocrx_word' id='word_1_229' title='bbox 113 3471 318 3539; x_wconf 89' lang='lat' dir='ltr'><strong>macionibus</strong></span> <span class='ocrx_word' id='word_1_230' title='bbox 341 3471 492 3554; x_wconf 88' lang='lat' dir='ltr'><strong>copiosis,</strong></span> <span class='ocrx_word' id='word_1_231' title='bbox 519 3473 626 3538; x_wconf 91' lang='lat' dir='ltr'><strong>animo</strong></span> <span class='ocrx_word' id='word_1_232' title='bbox 656 3471 833 3538; x_wconf 91' lang='lat' dir='ltr'><strong>deliberato</strong></span> <span class='ocrx_word' id='word_1_233' title='bbox 855 3471 998 3554; x_wconf 87' lang='lat' dir='ltr'><strong>prefatas</strong></span> <span class='ocrx_word' id='word_1_234' title='bbox 1021 3473 1146 3537; x_wconf 88' lang='lat' dir='ltr'><strong>methas</strong></span> <span class='ocrx_word' id='word_1_235' title='bbox 1169 3475 1202 3537; x_wconf 92' lang='lat' dir='ltr'><strong>et</strong></span> <span class='ocrx_word' id='word_1_236' title='bbox 1223 3470 1344 3536; x_wconf 89' lang='lat' dir='ltr'><strong>limites</strong></span> <span class='ocrx_word' id='word_1_237' title='bbox 1366 3469 1412 3535; x_wconf 86' lang='lat' dir='ltr'><strong>f-</strong></span> 
     </span>
     <span class='ocr_line' id='line_1_28' title="bbox 113 3584 1412 3667; baseline -0.003 -14"><span class='ocrx_word' id='word_1_238' title='bbox 113 3591 238 3664; x_wconf 81' lang='lat' dir='ltr'><strong>uerunt,</strong></span> <span class='ocrx_word' id='word_1_239' title='bbox 263 3585 473 3651; x_wconf 88' lang='lat' dir='ltr'><strong>ostenderunt</strong></span> <span class='ocrx_word' id='word_1_240' title='bbox 495 3592 528 3651; x_wconf 90' lang='lat' dir='ltr'><strong>et</strong></span> <span class='ocrx_word' id='word_1_241' title='bbox 543 3586 846 3652; x_wconf 90' lang='lat' dir='ltr'><strong>demonstrauerunt</strong></span> <span class='ocrx_word' id='word_1_242' title='bbox 860 3592 1016 3667; x_wconf 91' lang='lat' dir='ltr'><strong>perpetuo</strong></span> <span class='ocrx_word' id='word_1_243' title='bbox 1033 3584 1250 3651; x_wconf 88' lang='lat' dir='ltr'><strong>obseruandas</strong></span> <span class='ocrx_word' id='word_1_244' title='bbox 1274 3586 1306 3650; x_wconf 88' lang='lat' dir='ltr'><strong>in</strong></span> <span class='ocrx_word' id='word_1_245' title='bbox 1326 3585 1412 3650; x_wconf 89' lang='lat' dir='ltr'><strong>huno</strong></span> 
     </span>
     <span class='ocr_line' id='line_1_29' title="bbox 113 3698 1412 3782; baseline -0.003 -16"><span class='ocrx_word' id='word_1_246' title='bbox 113 3700 246 3765; x_wconf 92' lang='lat' dir='ltr'><strong>modum</strong></span> <span class='ocrx_word' id='word_1_247' title='bbox 277 3705 309 3763; x_wconf 90' lang='lat' dir='ltr'><strong>et</strong></span> <span class='ocrx_word' id='word_1_248' title='bbox 338 3717 396 3780; x_wconf 86' lang='lat' dir='ltr'><strong>par</strong></span> <span class='ocrx_word' id='word_1_249' title='bbox 429 3699 487 3764; x_wconf 90' lang='lat' dir='ltr'><strong>heo</strong></span> <span class='ocrx_word' id='word_1_250' title='bbox 515 3700 622 3780; x_wconf 89' lang='lat' dir='ltr'><strong>signa:</strong></span> <span class='ocrx_word' id='word_1_251' title='bbox 646 3701 692 3764; x_wconf 89' lang='lat' dir='ltr'><strong>ita</strong></span> <span class='ocrx_word' id='word_1_252' title='bbox 716 3700 876 3779; x_wconf 83' lang='lat' dir='ltr'><strong>videlieet,</strong></span> <span class='ocrx_word' id='word_1_253' title='bbox 900 3699 986 3780; x_wconf 92' lang='lat' dir='ltr'><strong>quod</strong></span> <span class='ocrx_word' id='word_1_254' title='bbox 1008 3699 1048 3764; x_wconf 87' lang='lat' dir='ltr'><strong>ab</strong></span> <span class='ocrx_word' id='word_1_255' title='bbox 1071 3718 1148 3782; x_wconf 93' lang='lat' dir='ltr'><strong>agro</strong></span> <span class='ocrx_word' id='word_1_256' title='bbox 1170 3699 1348 3764; x_wconf 89' lang='lat' dir='ltr'><strong>Wankonis</strong></span> <span class='ocrx_word' id='word_1_257' title='bbox 1371 3698 1412 3762; x_wconf 92' lang='lat' dir='ltr'><strong>de</strong></span> 
     </span>
     <span class='ocr_line' id='line_1_30' title="bbox 113 3811 1411 3895; baseline 0 -20"><span class='ocrx_word' id='word_1_258' title='bbox 113 3812 262 3876; x_wconf 87' lang='lat' dir='ltr'><strong>Wrutioz</strong></span> <span class='ocrx_word' id='word_1_259' title='bbox 285 3811 469 3893; x_wconf 90' lang='lat' dir='ltr'><strong>incipiendo</strong></span> <span class='ocrx_word' id='word_1_260' title='bbox 493 3818 604 3877; x_wconf 90' lang='lat' dir='ltr'><strong>contra</strong></span> <span class='ocrx_word' id='word_1_261' title='bbox 626 3811 783 3877; x_wconf 86' lang='lat' dir='ltr'><strong>fossatum</strong></span> <span class='ocrx_word' id='word_1_262' title='bbox 806 3813 974 3894; x_wconf 91' lang='lat' dir='ltr'><strong>antiquum</strong></span> <span class='ocrx_word' id='word_1_263' title='bbox 997 3814 1082 3895; x_wconf 91' lang='lat' dir='ltr'><strong>prati</strong></span> <span class='ocrx_word' id='word_1_264' title='bbox 1104 3813 1207 3878; x_wconf 90' lang='lat' dir='ltr'><strong>nostri</strong></span> <span class='ocrx_word' id='word_1_265' title='bbox 1222 3811 1411 3878; x_wconf 89' lang='lat' dir='ltr'><strong>monasterii</strong></span> 
     </span>
     <span class='ocr_line' id='line_1_31' title="bbox 114 3923 1410 4007; baseline 0 -18"><span class='ocrx_word' id='word_1_266' title='bbox 114 3925 255 4007; x_wconf 88' lang='lat' dir='ltr'><strong>predicti</strong></span> <span class='ocrx_word' id='word_1_267' title='bbox 288 3930 321 3988; x_wconf 89' lang='lat' dir='ltr'><strong>et</strong></span> <span class='ocrx_word' id='word_1_268' title='bbox 343 3943 362 3988; x_wconf 92' lang='lat' dir='ltr'><strong>a</strong></span> <span class='ocrx_word' id='word_1_269' title='bbox 383 3923 447 3989; x_wconf 88' lang='lat' dir='ltr'><strong>fine</strong></span> <span class='ocrx_word' id='word_1_270' title='bbox 469 3925 558 3990; x_wconf 92' lang='lat' dir='ltr'><strong>iilius</strong></span> <span class='ocrx_word' id='word_1_271' title='bbox 581 3927 666 4006; x_wconf 91' lang='lat' dir='ltr'><strong>prati</strong></span> <span class='ocrx_word' id='word_1_272' title='bbox 690 3932 722 3990; x_wconf 91' lang='lat' dir='ltr'><strong>et</strong></span> <span class='ocrx_word' id='word_1_273' title='bbox 744 3925 859 3990; x_wconf 82' lang='lat' dir='ltr'><strong>fossati</strong></span> <span class='ocrx_word' id='word_1_274' title='bbox 883 3925 1004 3991; x_wconf 91' lang='lat' dir='ltr'><strong>directe</strong></span> <span class='ocrx_word' id='word_1_275' title='bbox 1027 3943 1142 3990; x_wconf 87' lang='lat' dir='ltr'><strong>uersus</strong></span> <span class='ocrx_word' id='word_1_276' title='bbox 1164 3930 1268 3990; x_wconf 91' lang='lat' dir='ltr'><strong>rotam</strong></span> <span class='ocrx_word' id='word_1_277' title='bbox 1290 3925 1410 3991; x_wconf 90' lang='lat' dir='ltr'><strong>molen·</strong></span> 
     </span>
     <span class='ocr_line' id='line_1_32' title="bbox 113 4038 1411 4120; baseline 0.001 -17"><span class='ocrx_word' id='word_1_278' title='bbox 113 4039 181 4103; x_wconf 92' lang='lat' dir='ltr'><strong>dini</strong></span> <span class='ocrx_word' id='word_1_279' title='bbox 217 4038 251 4102; x_wconf 91' lang='lat' dir='ltr'><strong>in</strong></span> <span class='ocrx_word' id='word_1_280' title='bbox 277 4038 427 4103; x_wconf 81' lang='lat' dir='ltr'><strong>Gelonion</strong></span> <span class='ocrx_word' id='word_1_281' title='bbox 461 4038 663 4104; x_wconf 88' lang='lat' dir='ltr'><strong>terminando</strong></span> <span class='ocrx_word' id='word_1_282' title='bbox 697 4038 777 4104; x_wconf 88' lang='lat' dir='ltr'><strong>fines</strong></span> <span class='ocrx_word' id='word_1_283' title='bbox 812 4044 845 4104; x_wconf 88' lang='lat' dir='ltr'><strong>et</strong></span> <span class='ocrx_word' id='word_1_284' title='bbox 866 4040 986 4104; x_wconf 89' lang='lat' dir='ltr'><strong>limites</strong></span> <span class='ocrx_word' id='word_1_285' title='bbox 1010 4039 1168 4104; x_wconf 91' lang='lat' dir='ltr'><strong>dictorum</strong></span> <span class='ocrx_word' id='word_1_286' title='bbox 1189 4043 1356 4120; x_wconf 90' lang='lat' dir='ltr'><strong>pratorum</strong></span> <span class='ocrx_word' id='word_1_287' title='bbox 1378 4042 1411 4104; x_wconf 89' lang='lat' dir='ltr'><strong>et</strong></span> 
     </span>
     <span class='ocr_line' id='line_1_33' title="bbox 113 4150 1409 4234; baseline 0 -17"><span class='ocrx_word' id='word_1_288' title='bbox 113 4169 308 4234; x_wconf 86' lang='lat' dir='ltr'><strong>pascuarum</strong></span> <span class='ocrx_word' id='word_1_289' title='bbox 342 4155 418 4215; x_wconf 92' lang='lat' dir='ltr'><strong>sunt</strong></span> <span class='ocrx_word' id='word_1_290' title='bbox 448 4156 481 4216; x_wconf 88' lang='lat' dir='ltr'><strong>et</strong></span> <span class='ocrx_word' id='word_1_291' title='bbox 510 4170 582 4217; x_wconf 89' lang='lat' dir='ltr'><strong>esse</strong></span> <span class='ocrx_word' id='word_1_292' title='bbox 612 4151 739 4233; x_wconf 89' lang='lat' dir='ltr'><strong>debent,</strong></span> <span class='ocrx_word' id='word_1_293' title='bbox 763 4153 809 4216; x_wconf 91' lang='lat' dir='ltr'><strong>ita</strong></span> <span class='ocrx_word' id='word_1_294' title='bbox 832 4152 926 4232; x_wconf 87' lang='lat' dir='ltr'><strong>quod,</strong></span> <span class='ocrx_word' id='word_1_295' title='bbox 950 4151 1099 4233; x_wconf 86' lang='lat' dir='ltr'><strong>quitquid</strong></span> <span class='ocrx_word' id='word_1_296' title='bbox 1122 4155 1173 4216; x_wconf 89' lang='lat' dir='ltr'><strong>est</strong></span> <span class='ocrx_word' id='word_1_297' title='bbox 1194 4157 1227 4216; x_wconf 90' lang='lat' dir='ltr'><strong>et</strong></span> <span class='ocrx_word' id='word_1_298' title='bbox 1248 4150 1348 4217; x_wconf 85' lang='lat' dir='ltr'><strong>fuerit</strong></span> <span class='ocrx_word' id='word_1_299' title='bbox 1369 4151 1409 4217; x_wconf 90' lang='lat' dir='ltr'><strong>de</strong></span> 
     </span>
     <span class='ocr_line' id='line_1_34' title="bbox 113 4264 1409 4347; baseline 0.002 -18"><span class='ocrx_word' id='word_1_300' title='bbox 113 4265 217 4347; x_wconf 89' lang='lat' dir='ltr'><strong>pratis</strong></span> <span class='ocrx_word' id='word_1_301' title='bbox 250 4264 321 4328; x_wconf 89' lang='lat' dir='ltr'><strong>siue</strong></span> <span class='ocrx_word' id='word_1_302' title='bbox 350 4265 480 4344; x_wconf 90' lang='lat' dir='ltr'><strong>pascuis</strong></span> <span class='ocrx_word' id='word_1_303' title='bbox 505 4265 763 4347; x_wconf 87' lang='lat' dir='ltr'><strong>contingentibus</strong></span> <span class='ocrx_word' id='word_1_304' title='bbox 787 4264 941 4330; x_wconf 89' lang='lat' dir='ltr'><strong>fossatum</strong></span> <span class='ocrx_word' id='word_1_305' title='bbox 970 4264 1151 4345; x_wconf 89' lang='lat' dir='ltr'><strong>predictum</strong></span> <span class='ocrx_word' id='word_1_306' title='bbox 1172 4283 1192 4329; x_wconf 88' lang='lat' dir='ltr'><strong>a</strong></span> <span class='ocrx_word' id='word_1_307' title='bbox 1213 4270 1307 4346; x_wconf 88' lang='lat' dir='ltr'><strong>parte</strong></span> <span class='ocrx_word' id='word_1_308' title='bbox 1329 4265 1409 4331; x_wconf 85' lang='lat' dir='ltr'><strong>ciui·</strong></span> 
     </span>
     <span class='ocr_line' id='line_1_35' title="bbox 115 4377 1409 4459; baseline 0 -16"><span class='ocrx_word' id='word_1_309' title='bbox 115 4379 194 4443; x_wconf 87' lang='lat' dir='ltr'><strong>tatia</strong></span> <span class='ocrx_word' id='word_1_310' title='bbox 207 4377 417 4442; x_wconf 87' lang='lat' dir='ltr'><strong>Melnicensis</strong></span> <span class='ocrx_word' id='word_1_311' title='bbox 444 4377 598 4458; x_wconf 88' lang='lat' dir='ltr'><strong>predicte,</strong></span> <span class='ocrx_word' id='word_1_312' title='bbox 622 4378 662 4441; x_wconf 93' lang='lat' dir='ltr'><strong>ad</strong></span> <span class='ocrx_word' id='word_1_313' title='bbox 686 4379 789 4458; x_wconf 86' lang='lat' dir='ltr'><strong>ipsam</strong></span> <span class='ocrx_word' id='word_1_314' title='bbox 813 4379 977 4443; x_wconf 86' lang='lat' dir='ltr'><strong>ciuitatem</strong></span> <span class='ocrx_word' id='word_1_315' title='bbox 1000 4384 1033 4443; x_wconf 91' lang='lat' dir='ltr'><strong>et</strong></span> <span class='ocrx_word' id='word_1_316' title='bbox 1055 4380 1314 4444; x_wconf 89' lang='lat' dir='ltr'><strong>communitatem</strong></span> <span class='ocrx_word' id='word_1_317' title='bbox 1337 4395 1409 4459; x_wconf 80' lang='lat' dir='ltr'><strong>ape</strong></span> 
     </span>
     <span class='ocr_line' id='line_1_36' title="bbox 113 4491 1407 4575; baseline -0.001 -17"><span class='ocrx_word' id='word_1_318' title='bbox 113 4491 261 4570; x_wconf 90' lang='lat' dir='ltr'><strong>ctabunt,</strong></span> <span class='ocrx_word' id='word_1_319' title='bbox 296 4495 328 4555; x_wconf 86' lang='lat' dir='ltr'><strong>et</strong></span> <span class='ocrx_word' id='word_1_320' title='bbox 351 4491 498 4573; x_wconf 87' lang='lat' dir='ltr'><strong>quitquid</strong></span> <span class='ocrx_word' id='word_1_321' title='bbox 532 4493 635 4556; x_wconf 91' lang='lat' dir='ltr'><strong>eciam</strong></span> <span class='ocrx_word' id='word_1_322' title='bbox 664 4511 683 4554; x_wconf 90' lang='lat' dir='ltr'><strong>a</strong></span> <span class='ocrx_word' id='word_1_323' title='bbox 713 4497 804 4571; x_wconf 87' lang='lat' dir='ltr'><strong>parte</strong></span> <span class='ocrx_word' id='word_1_324' title='bbox 827 4492 902 4556; x_wconf 86' lang='lat' dir='ltr'><strong>ville</strong></span> <span class='ocrx_word' id='word_1_325' title='bbox 925 4491 1068 4556; x_wconf 89' lang='lat' dir='ltr'><strong>Wrutioz</strong></span> <span class='ocrx_word' id='word_1_326' title='bbox 1091 4492 1236 4573; x_wconf 89' lang='lat' dir='ltr'><strong>predicte</strong></span> <span class='ocrx_word' id='word_1_327' title='bbox 1257 4492 1298 4559; x_wconf 92' lang='lat' dir='ltr'><strong>de</strong></span> <span class='ocrx_word' id='word_1_328' title='bbox 1319 4493 1407 4575; x_wconf 87' lang='lat' dir='ltr'><strong>agris</strong></span> 
     </span>
     <span class='ocr_line' id='line_1_37' title="bbox 113 4604 1407 4686; baseline 0 -15"><span class='ocrx_word' id='word_1_329' title='bbox 113 4606 207 4671; x_wconf 81' lang='lat' dir='ltr'><strong>:ultis</strong></span> <span class='ocrx_word' id='word_1_330' title='bbox 233 4609 266 4669; x_wconf 90' lang='lat' dir='ltr'><strong>et</strong></span> <span class='ocrx_word' id='word_1_331' title='bbox 288 4605 419 4670; x_wconf 89' lang='lat' dir='ltr'><strong>incultis</strong></span> <span class='ocrx_word' id='word_1_332' title='bbox 443 4622 480 4669; x_wconf 91' lang='lat' dir='ltr'><strong>ao</strong></span> <span class='ocrx_word' id='word_1_333' title='bbox 504 4605 606 4685; x_wconf 87' lang='lat' dir='ltr'><strong>pratis</strong></span> <span class='ocrx_word' id='word_1_334' title='bbox 630 4610 662 4668; x_wconf 91' lang='lat' dir='ltr'><strong>et</strong></span> <span class='ocrx_word' id='word_1_335' title='bbox 684 4606 813 4685; x_wconf 86' lang='lat' dir='ltr'><strong>pascuis</strong></span> <span class='ocrx_word' id='word_1_336' title='bbox 836 4605 944 4686; x_wconf 88' lang='lat' dir='ltr'><strong>fuerit,</strong></span> <span class='ocrx_word' id='word_1_337' title='bbox 968 4605 1089 4670; x_wconf 92' lang='lat' dir='ltr'><strong>dictum</strong></span> <span class='ocrx_word' id='word_1_338' title='bbox 1111 4604 1270 4673; x_wconf 85' lang='lat' dir='ltr'><strong>fossatum</strong></span> <span class='ocrx_word' id='word_1_339' title='bbox 1284 4608 1407 4674; x_wconf 86' lang='lat' dir='ltr'><strong>contin·</strong></span> 
     </span>
    </p>
   </div>
   <div class='ocr_carea' id='block_1_5' title="bbox 0 0 1554 5392">
    <p class='ocr_par' dir='ltr' id='par_1_5' title="bbox 0 0 1554 5392">
     <span class='ocr_line' id='line_1_38' title="bbox 0 0 1554 5392; baseline 0 3"><span class='ocrx_word' id='word_1_340' title='bbox 0 0 1554 5392; x_wconf 95' lang='lat' dir='ltr'><strong> </strong></span> 
     </span>
    </p>
   </div>
  </div>
 </body>
</html>
