3098 5392
227 397 292 463 844
840 395 915 449 roae.

226 603 316 690 derby
337 604 449 670 melica
470 605 510 672 do
531 606 601 672 odcc
616 611 695 689 pr'cs
717 609 748 671 io
770 605 837 690 ὂῄίἑ
853 603 982 689 pr'e'joti
1013 601 1164 670 Vrcbnoet
1191 603 1383 687 eupompus
1401 604 1486 670 sudis
1497 604 1530 685 jc

225 723 374 802 nopotem
397 720 518 786 smedud
536 719 652 788 sittace·
674 740 777 804 poure
801 719 884 803 pred
914 718 1053 785 eoadem
1071 718 1174 784 mma
1196 716 1380 801 Buddjooe'e
1401 739 1424 782 o
1443 712 1529 781 os'kde

364 841 365 847 ’
824 832 926 918 jonae.
1181 852 1183 857 “
1223 842 1225 846 “
1251 850 1255 855 ’

328 1026 539 1094 wenceslaus
573 1026 625 1094 dei
660 1027 770 1110 gracia
802 1027 1018 1094 Romanorum
1047 1039 1108 1092 'rex
1142 1041 1273 1107 semper
1308 1026 1525 1107 augustuset

224 1135 358 1207 Boemie
378 1158 446 1207 rex.
471 1140 593 1207 Notum
616 1139 753 1207 iacimus
782 1145 895 1206 tenore
924 1138 1128 1222 presencium
1158 1136 1339 1219 uniuersis,
1370 1118 1456 1221 quod
1475 1155 1523 1202 cu-

224 1254 350 1336 pientes
374 1252 596 1321 condicionem
618 1253 765 1319 ciuitatis
788 1257 899 1319 nostre
928 1253 962 1318 in
982 1249 1135 1335 'Budueis
1150 1230 1240 1316 'ficri
1269 1250 1452 1331 meliorem,
1483 1250 1522 1315 ci-

224 1367 319 1434 uibus
343 1372 376 1434 et
390 1367 507 1435 incolis
531 1367 651 1434 ibidem
674 1367 820 1433 adinstar
842 1365 980 1432 aliarum
1002 1365 1173 1432 ciuitatum
1193 1362 1290 1446 regni
1310 1369 1428 1432 nostre
1447 1363 1520 1430 Boo·

224 1479 288 1546 mie
310 1480 394 1547 banc
415 1479 559 1563 graciam
580 1479 716 1546 fecimus
739 1484 772 1546 et
786 1479 924 1546 iacimus
947 1497 1005 1562 per
1027 1482 1205 1561 presentes,
1228 1481 1267 1542 ut
1287 1476 1446 1545 videlice
1459 1475 1520 1542 mi·

223 1610 335 1659 uersos
371 1597 405 1658 et
438 1593 586 1674 singulos
619 1591 828 1674 uladikones,
862 1592 962 1673 ciues,
997 1590 1165 1686 opidanos,
1198 1590 1347 1658 rusticos
1375 1596 1416 1658 et
1436 1590 1517 1669 alios,

222 1705 441 1789 cuiuscunque
464 1705 666 1773 condicionis
689 1705 841 1786 existant,
864 1704 920 1789 qui
936 1703 977 1770 ad
993 1702 1113 1770 dictam
1136 1694 1363 1799 ciuitatemfi'u
1378 1700 1517 1770 Budweis

222 1818 421 1887 domicilium
445 1838 540 1886 suum
568 1819 744 1886 transferre
774 1823 807 1886 et
829 1817 949 1885 ibidem
972 1816 1091 1890 morari
1123 1811 1279 1899 deinceps
1311 1810 1516 1895 decreuerint,

221 1932 338 2015 prefati
362 1934 452 2000 ciues
475 1934 517 1999 ad
540 1933 660 2000 dictam
690 1933 857 2000 ciuitatem
887 1949 1064 2012 assumere,
1078 1933 1363 2023 ‚assumptusque
1379 1930 1516 1997 sdinstrt

220 2046 358 2113 aliorum
380 2046 563 2113 concinium
594 2046 738 2128 ipsorum
768 2046 801 2111 iu
832 2045 901 2111 suis
935 2045 1065 2110 ualeant
1083 2041 1223 2126 juribus
1258 2042 1446 2127 conforme,
1474 2043 1515 2109 sic

219 2164 337 2240 tamen,
369 2158 454 2241 quod
478 2177 588 2226 omnes
619 2164 652 2224 et
674 2159 796 2240 singuli
828 2157 1027 2224 domicilium
1057 2174 1150 2222 suum
1172 2154 1358 2224 mansierrs
1379 2157 1512 2224 volentes

219 2272 358 2354 primum
393 2278 426 2339 et
459 2279 535 2340 unte
568 2273 676 2339 omnia
705 2291 726 2337 a
755 2273 825 2338 suis
860 2260 1063 2363 naturalibus
1096 2274 1131 2336 st
1159 2267 1340 2336 ordinariis
1373 2268 1512 2347 dominis,

219 2384 336 2467 quibus
359 2386 515 2453 hactenus
538 2386 670 2453 luerunt
692 2385 840 2469 subjecti,
864 2385 936 2452 siue
957 2384 1173 2469 ecclesiastici
1195 2382 1512 2471 luerintsiueeeeu·

218 2498 313 2579 lares,
344 2503 531 2566 consuetam
567 2498 706 2567 debeant
735 2503 768 2566 et
798 2497 940 2564 debitam
972 2482 1144 2565 licenciam
1173 2484 1354 2591 postulare
1372 2558 1377 2592 ζ
1392 2498 1462 2580 Quo
1486 2494 1510 2561 si

218 2611 300 2694 ipsis
322 2630 381 2695 per
404 2612 508 2679 dictos
532 2632 644 2685 sorum
667 2613 814 2680 dominos
847 2612 1005 2694 denegata
1034 2610 1165 2693 inerint,
1198 2610 1368 2697 iidemque
1399 2607 1511 2687 subditi

217 2725 403 2792 testimonio
422 2726 544 2809 judicis
567 2732 600 2792 et
622 2726 827 2794 scabinorum
849 2727 923 2807 luci,
942 2725 976 2792 in
993 2742 1057 2806 quo
1078 2734 1201 2792 moram
1223 2725 1319 2809 prius
1341 2726 1510 2801 mereunt

216 2836 434 2921 probauerint,
467 2857 502 2906 se
532 2841 566 2906 iu
597 2841 685 2907 nullo
717 2840 860 2922 penitusw
878 2838 975 2906 dictis
1005 2838 1074 2904 suis
1101 2836 1243 2905 dominis
1283 2838 1441 2907 obuoons
1461 2839 1511 2902 aut

216 2950 325 3033 aliqua
340 2952 435 3036 culpa
458 2952 533 3019 lore
556 2972 613 3021 seu
637 2946 781 3020 crimine
794 2955 949 3035 irretitus,
972 2959 1089 3019 extunc
1111 2952 1210 3018 liceat
1232 2951 1365 3027 ciuibus
1381 2951 1417 3019 in
1430 2947 1512 3018 Bud·

216 3064 292 3131 ueis
322 3066 478 3149 predictis
509 3068 603 3149 juxta
633 3086 754 3135 morem
784 3073 817 3134 et
846 3067 1112 3163 consuetudinem
1144 3066 1179 3170 iu
1202 3058 1398 3133 ciuitatibus
1426 3062 1509 3147 regui

216 3181 318 3246 uestri
348 3181 504 3247 hacteuus
528 3180 744 3262 obseruatum,
774 3199 833 3264 per
856 3181 1053 3248 solucionem
1075 3179 1170 3246 vuius
1183 3181 1302 3262 ¹grossi
1323 3179 1509 3265 boemialis

215 3293 351 3376 prefatis
373 3295 415 3360 ad
438 3295 607 3362 ciuitatem
630 3296 775 3377 ipsorum
797 3296 938 3361 transire
960 3294 1143 3361 volentibus
1162 3293 1337 3360 licenciam
1352 3294 1507 3368 obtinere;

216 3428 279 3491 quo
311 3409 416 3476 soluto
447 3410 486 3491 si,
521 3409 607 3492 quod
636 3409 733 3491 absit,
762 3409 821 3490 hii,
854 3427 989 3492 quorum
1019 3409 1175 3474 hactenus
1204 3406 1347 3490 subjecti
1375 3407 1508 3484 ruerunt,

216 3522 297 3604 ipsis
327 3522 405 3588 dare
434 3523 599 3589 noluerint
622 3523 792 3589 licenciam
818 3523 1001 3604 recedendi,
1034 3541 1073 3588 ac
1095 3522 1185 3604 ipsos
1207 3521 1294 3588 vltra
1316 3524 1379 3590 hoc
1396 3520 1508 3606 judici·

214 3636 310 3702 aliter
332 3641 525 3703 conarentur
540 3637 705 3720 impetere,
729 3635 886 3718 idipsum
905 3654 1012 3702 coram
1032 3635 1188 3719 magistro
1211 3635 1337 3703 ciuium
1352 3634 1508 3720 etjuratis

212 3748 246 3814 in
262 3749 412 3816 Budueis
435 3755 469 3816 et
492 3769 556 3817 non
578 3749 657 3816 alibi
679 3749 832 3832 prosequi
854 3748 1060 3831 tenebuntur,
1081 3748 1198 3832 quibus
1223 3749 1331 3815 eciam
1350 3768 1411 3833 per
1425 3749 1506 3832 ipsos

212 3863 395 3944 expeditam
429 3868 462 3928 et
490 3862 705 3930 sufficientem
737 3882 836 3947 super
865 3864 927 3930 hoe
956 3863 1104 3931 volumus
1127 3861 1297 3946 justiciam
1319 3860 1504 3930 ministrari

211 3975 419 4043 Prusencium
450 3975 509 4042 sub
532 3977 621 4060 regie
653 3977 834 4044 maiestatis
857 3983 968 4044 nostre
990 3976 1099 4060 sigillo
1120 3974 1311 4042 testimonio
1333 3975 1504 4042 literarum

211 4089 331 4154 Datum
360 4090 395 4155 in
417 4090 568 4157 Mendico
598 4110 681 4157 anno
705 4092 828 4158 domiui
853 4092 1025 4158 millesimo
1048 4088 1275 4173 trecentesimo
1299 4090 1504 4173 nonogesimo

209 4204 322 4283 tercio,
346 4202 540 4271 diedecima
562 4203 723 4285 Januarii,
745 4223 917 4287 regnorum
940 4207 1122 4271 nostrorum
1143 4219 1228 4267 anno
1243 4196 1382 4269 Boemie
1395 4195 1504 4278 XXX⁰,

210 4314 428 4380 Romanorum
450 4335 527 4382 vero
549 4316 664 4381 xv110.
1507 4311 1512 4319 ⁴

534 4473 599 4557 [Na
622 4471 737 4559 ohbu:]
763 4474 814 4539 Ad
834 4430 1251 4556 relacionemSigismundi
1273 4435 1502 4567 subcamerarii

875 4587 1063 4661 Wlachnico
1085 4585 1386 4667 deWeitcmmuls
1409 4608 1411 4612 ⁴
