3098 5392
602 462 678 515 1225·
1236 460 1303 529 215

113 689 145 737 ar
184 687 315 754 grossm
347 671 466 752 soluet3
504 671 582 737 item
615 689 729 737 currus
759 670 838 739 salis
867 669 1027 738 adductus
1061 689 1135 738 cum
1165 675 1305 757 quabnor

130 784 180 850 vel
214 783 320 850 tribus
352 784 444 850 dabit
474 784 622 851 mdecim
654 784 805 851 denarios
835 789 869 850 et
897 784 939 849 ad
972 766 1133 852 cambium
1166 789 1305 868 quatuor

113 916 134 962 »s
155 896 271 978 soluat,
295 914 408 963 currus
431 897 511 963 salis
532 896 692 963 adductus
715 915 789 962 cnm
803 896 928 964 duobus
943 897 1035 981 equis
1051 896 1142 964 dabit
1155 897 1304 966 undecim

113 1011 154 1075 ios
176 1014 210 1075 et
229 1010 273 1075 ad
295 1010 456 1077 cambium
476 1014 543 1078 tres
567 1028 708 1094 gronam,
735 1028 848 1078 currus
872 1029 944 1078 cum
966 1029 1029 1079 vno
1051 1029 1133 1095 equo
1155 1011 1304 1079 undecim

113 1122 155 1188 ios
177 1120 274 1188 etad
296 1121 457 1190 cambium
482 1122 564 1189 dues
586 1141 727 1206 grossos,
760 1123 838 1189 item
867 1122 943 1207 biga
973 1123 1053 1191 salis
1082 1129 1209 1192 sextum
1237 1144 1303 1193 me·

129 1235 298 1301 denarium
326 1253 386 1318 pre
414 1235 564 1303 theloneo
594 1239 628 1302 et
656 1235 699 1302 ad
727 1235 889 1302 cambium
913 1234 995 1302 dnos
1025 1254 1164 1319 moseos.
1208 1234 1302 1320 Item,

113 1367 121 1414 s
140 1348 292 1415 allecium
312 1347 476 1416 adducam
498 1349 603 1433 magis
624 1366 721 1435 quam
741 1348 882 1416 mediam
910 1367 1051 1415 massam
1072 1367 1131 1434 pro
1152 1349 1303 1418 theloneo

118 1462 359 1545 quauordecim
381 1463 532 1530 denarios
555 1468 589 1530 et
609 1463 652 1528 ad
674 1462 833 1531 cambium
858 1466 996 1547 quatuor
1017 1480 1157 1546 grossos,
1188 1480 1302 1529 currus

113 1594 154 1641 rm
175 1574 297 1642 ducens
318 1575 427 1642 minus
442 1593 540 1658 quam
553 1575 694 1642 mediam
707 1593 849 1643 massam
870 1576 912 1641 de
933 1574 1077 1659 qualibet
1089 1575 1194 1643 maisa
1212 1575 1303 1642 dabit

113 1687 268 1769 denarios,
291 1689 350 1755 sed
371 1688 493 1755 ducens
514 1706 656 1755 massam
676 1689 816 1756 mediam
845 1689 897 1755 uel
926 1688 1033 1755 minua
1064 1688 1186 1770 allecia,
1216 1689 1301 1771 qnod

113 1801 165 1868 inc
185 1801 316 1883 dicitur,
339 1801 583 1884 quatuordecim
606 1800 756 1869 denarios
778 1807 904 1868 tantum
926 1800 1026 1884 dabit,
1049 1802 1170 1868 ducens
1192 1806 1301 1869 autem

113 1931 149 1979 cm
179 1913 292 1980 allecia
321 1931 463 1981 massam
492 1915 651 1998 integram
673 1916 725 1981 rel
746 1915 820 1998 plns
842 1933 939 1998 quam
960 1914 1129 1983 dimidiam
1150 1920 1301 1998 quatuor·

113 2085 115 2089 ,
133 2026 284 2093 denarios
305 2027 454 2094 theloneo
477 2032 511 2093 et
532 2027 656 2095 cambio
681 2032 818 2112 quatuor
839 2045 970 2111 grossos
992 2028 1107 2110 abluet,
1130 2029 1223 2110 sique
1244 2027 1301 2094 ad·'

113 2140 287 2206 buinsmcdi
303 2140 418 2207 allecia
433 2140 613 2223 adduxerit,
637 2158 676 2207 ea
698 2141 867 2224 sigillatim
889 2160 953 2209 ncn
975 2142 1104 2223 vendat,
1128 2142 1185 2209 sed
1203 2142 1300 2209 simul
1381 2122 1388 2134 ’

113 2258 168 2319 xta
189 2271 360 2319 numerum
380 2255 415 2319 in
436 2254 541 2320 maisa
566 2258 760 2321 contentum.
804 2254 895 2335 Item,
925 2259 1002 2338 tyna
1023 2252 1164 2336 piscium
1184 2252 1299 2335 eidem,

113 2367 216 2433 maisa
237 2366 289 2432 vel
311 2371 413 2432 tunna
434 2367 546 2434 allecia
568 2367 683 2449 abluet,
704 2367 853 2434 theleneo
876 2366 1065 2449 subiacebit,
1088 2384 1202 2433 currus
1222 2384 1300 2433 vero

113 2499 142 2544 m
170 2480 321 2547 theloneo
350 2480 593 2562 quatuordecim
622 2477 772 2547 denarios
794 2484 827 2545 et
849 2479 973 2546 cambio
1003 2484 1142 2563 quatuor
1169 2498 1299 2564 grecam

113 2643 117 2657 .
161 2593 274 2658 Massa
302 2592 452 2658 allecium
474 2593 515 2659 de
536 2592 710 2675 Maidburg
735 2591 875 2659 adducta
895 2593 931 2659 in
952 2593 1029 2659 nani
1058 2612 1117 2676 pre
1149 2592 1299 2660 theloneo

113 2705 174 2771 inm
195 2706 354 2772 fertonem
376 2706 482 2787 dabit3
505 2707 600 2772 nauis
622 2706 786 2772 adducens
809 2705 850 2772 de
864 2702 1036 2788 Maidbur'g
1055 2706 1104 2772 sal
1118 2705 1170 2772 rel
1184 2705 1299 2773 allecia

113 2837 250 2902 rumque
273 2818 411 2885 cambiet
431 2822 498 2885 tres
519 2837 663 2899 marcas;
693 2819 788 2884 nauis
811 2819 931 2885 ducens
954 2818 1068 2885 allecia
1089 2818 1124 2884 in
1146 2818 1299 2885 Tetscbin

134 2932 301 2998 Bcemiam
324 2933 364 2997 de
385 2951 494 2999 massa
515 2932 659 3015 qualibet
680 2932 851 2998 dimidium
872 2932 1029 2998 fertonem
1051 2933 1165 2998 scluet.
1187 2930 1299 2998 Pisces

113 3045 191 3110 lecia
213 3046 247 3109 in
272 3045 376 3110 cimba
397 3044 518 3112 forensi
541 3044 681 3112 adducta
703 3046 826 3112 dabunt
847 3046 960 3128 equale
979 3045 1172 3126 theloneum,
1194 3046 1299 3110 maisa

113 3204 114 3213 ο
142 3157 233 3223 dabit
261 3163 328 3223 tres
351 3158 510 3238 denarios,
545 3164 647 3224 tunna
674 3163 751 3240 tres,
784 3159 854 3224 tina
885 3158 1023 3241 piscium
1052 3163 1118 3224 tres
1148 3157 1298 3224 similiter

114 3271 271 3337 denarios.
297 3269 511 3337 Centenarius
534 3273 614 3338 crite
635 3271 774 3337 adducte
798 3272 935 3337 alterurn
956 3272 1098 3338 medium
1119 3271 1296 3337 denarium.

113 3402 127 3448 s
148 3383 312 3450 adducens
335 3401 463 3449 saccum
485 3384 607 3449 humuli
629 3384 881 3467 quatuordecim,
905 3384 934 3449 si
954 3389 1064 3451 antem
1082 3402 1195 3450 saccus
1217 3384 1298 3449 vite

113 3515 129 3560 n
150 3497 227 3562 naui
250 3497 302 3561 vel
325 3497 357 3561 in
379 3515 475 3563 curru
490 3496 628 3576 ducitur,
651 3494 808 3563 fertonem
824 3496 922 3576 dabit,
944 3496 1021 3579 biga
1035 3497 1159 3563 bumnli
1173 3502 1297 3580 septem

113 3610 163 3691 los,
190 3611 219 3675 si
241 3615 350 3675 autem
379 3610 514 3676 ulterius
543 3609 681 3692 ducitur,
712 3611 854 3677 medium
884 3610 1041 3677 fertonem
1069 3610 1160 3677 dabit
1187 3611 1297 3693 gracia

113 3723 211 3788 minus
234 3723 423 3804 subsecuta3
446 3725 703 3805 instrumentum,
730 3725 816 3807 quod
838 3722 900 3789 reii
911 3724 1048 3806 dicitur,
1071 3743 1144 3790 cum
1165 3724 1296 3790 bnmulc

113 3839 171 3902 {um
193 3855 291 3901 vnum
314 3836 412 3918 dabit,
444 3838 473 3903 si
502 3842 609 3904 autem
642 3839 777 3903 ulterius
806 3837 1037 3920 deportabitur,
1070 3836 1153 3902 duos
1182 3836 1295 3903 solbet

113 3968 124 4013 s
154 3967 269 4014 carnes
299 3948 461 4014 adducens
491 3948 580 4017 dabit
601 3949 844 4032 quatuordecim
866 3950 1026 4032 denarios,
1055 3949 1137 4016 nibil
1166 3948 1296 4032 penitus

113 4062 200 4144 ende,
222 4080 323 4145 perna
345 4067 412 4127 tres
434 4062 593 4145 denarios,
623 4065 708 4129 latus
732 4048 875 4129 carnium
905 4065 1042 4129 alterum
1071 4052 1214 4129 medium
1241 4060 1297 4127 de-

113 4195 138 4256 n,
160 4193 323 4257 sexagena
346 4175 550 4257 scapularum
571 4181 642 4243 octa
665 4175 826 4256 denarios,
849 4194 1011 4258 sexagena
1032 4174 1297 4267 cestorumbam-

113 4289 270 4371 algariter
300 4288 457 4354 dictorum
488 4294 625 4370 quatuor
659 4289 816 4355 denarios.
862 4289 991 4355 Pannus
1022 4288 1203 4371 parabamus
1232 4307 1296 4355 non

113 4422 205 4469 snum
227 4402 406 4481 denarium,
429 4403 514 4468 latus
538 4422 613 4470 uero
637 4404 818 4486 parchanus
834 4404 914 4470 duos
930 4403 1021 4468 dabit
1034 4401 1195 4484 denarios,
1216 4421 1296 4484 pan-

113 4516 304 4583 erischensia
327 4515 407 4581 duos
430 4515 588 4582 denarios.
614 4516 826 4582 Centenarins
853 4517 975 4599 piperis
998 4522 1031 4582 et
1050 4514 1193 4601 quelibet
1213 4533 1297 4580 mer-

114 4648 136 4695 a
158 4647 255 4695 saeco
277 4633 429 4694 contenta
450 4629 551 4694 lotum
573 4649 671 4695 vnum
701 4630 838 4710 dabunt;
872 4629 956 4711 lapis
985 4629 1117 4712 saponis
1144 4633 1212 4694 tres
1241 4626 1297 4693 de-
