3098 5392
753 409 828 460 tant.

127 626 196 690 suis
218 622 405 689 monasterii
428 640 466 686 ac
489 620 643 686 bonorum
666 636 797 684 suorum
827 614 1117 683 consuetudinibus
1149 614 1263 698 sepius
1285 613 1407 679 indebite

126 739 346 816 molestantur,
371 734 591 816 supplicantes
614 751 671 814 per
693 735 837 796 nostram
852 728 1080 795 celsitudinem
1094 728 1138 794 de
1153 728 1324 811 oportunis
1341 728 1408 793 61166

128 852 187 918 bec
220 851 282 916 sibi
312 855 345 915 et
373 847 568 913 monasterio
600 864 658 910 suo
688 843 842 909 remediis
876 842 1052 925 prouideri.
1096 841 1168 909 Nos
1205 842 1306 925 igitur
1336 845 1408 924 grau

128 965 221 1031 nobis
253 962 465 1029 sanctimonie
487 967 519 1027 et
541 959 729 1025 deuocionis
761 958 906 1040 ipsorum
935 957 1080 1040 insignia
1109 974 1238 1023 necnon
1261 971 1408 1022 conuersa-

130 1079 254 1144 eionem
287 1074 492 1152 laudabilem,
527 1090 607 1153 quas
637 1072 671 1136 in
703 1071 815 1137 eodem
849 1070 1045 1136 monasterio
1075 1068 1192 1152 vigere
1219 1069 1280 1136 deo
1302 1072 1410 1134 anctore

130 1189 349 1272 cognouimus,
371 1191 504 1268 accepta
527 1187 659 1266 insuper
682 1190 714 1248 et
737 1188 829 1266 grata
852 1183 1016 1267 obsequia,
1039 1181 1161 1267 quibus
1180 1182 1269 1266 apud
1284 1181 1410 1248 natan

129 1310 195 1369 tem
228 1306 371 1367 nostram
405 1298 672 1366 commendabiles
705 1298 791 1363 omni
822 1303 967 1381 tempore
997 1315 1033 1363 66
1062 1297 1204 1363 reddere
1234 1295 1408 1370 studuerunt
1456 1308 1458 1339 ÷

130 1415 261 1499 pietatis
283 1420 393 1480 nostre
424 1407 545 1478 intuitu
575 1411 755 1493 preciosius
777 1411 985 1477 adnectentes
1012 1410 1224 1493 presencium
1243 1408 1408 1475 cucurbas

131 1528 333 1595 decernimus
364 1532 397 1591 et
426 1543 465 1590 ex
495 1524 636 1590 sciencia
666 1528 754 1588 certa
774 1525 918 1605 presenti
940 1529 1097 1607 perpetuo
1122 1522 1233 1590 edicto
1255 1521 1408 1594 statuiult

134 1648 167 1707 vt
190 1659 315 1706 exnunc
336 1640 467 1705 inantea
490 1638 636 1703 vuinersi
657 1642 691 1702 et
713 1638 834 1719 singuli
853 1637 979 1704 Kuttne
1001 1643 1034 1704 et
1055 1638 1197 1703 aliarum
1214 1637 1406 1703 ciuitabruat

133 1756 277 1821 locorum
298 1757 482 1819 nostrorum
504 1752 593 1818 ciues
617 1755 650 1816 et
672 1750 777 1816 incole
799 1770 858 1816 seu
880 1751 990 1833 quiuis
1005 1752 1064 1817 alii
1078 1751 1319 1834 possessiones,
1339 1763 1408 1830 gran·

135 1869 216 1949 gias,
247 1871 332 1933 ortos
364 1871 397 1931 et
425 1885 520 1947 agros
550 1866 602 1932 uel
633 1882 834 1948 quecumque
861 1864 946 1930 bona
976 1864 1012 1930 11
1040 1865 1222 1932 territoriis
1254 1865 1325 1931 siue
1341 1858 1408 1927 bona

135 1981 213 2045 dieti
237 1979 434 2059 monasterii,
457 1979 491 2043 in
515 1978 630 2059 quibus
652 1978 750 2044 abbas
767 1983 801 2043 et
815 1983 994 2044 conuentus
1008 1978 1149 2061 predicti
1160 1974 1408 2062 jurisdiocioncm

131 2092 291 2176 judicium
313 2098 346 2157 et
368 2091 525 2157 directum
548 2092 726 2157 dominium
750 2090 905 2174 obtinent,
936 2091 1172 2174 posssidentea,
1204 2094 1308 2159 eciam
1327 2090 1353 2156 si
1368 2085 1408 2152 ni·

137 2208 223 2271 nime
245 2204 279 2269 in
303 2204 344 2269 iis
366 2204 532 2269 resideant
554 2224 612 2271 seu
634 2205 693 2270 illa
707 2204 748 2269 de
770 2205 918 2287 pecuniis
940 2223 960 2270 a
981 2202 1147 2271 montibus
1170 2206 1223 2271 vel
1243 2205 1323 2271 alias
1337 2200 1408 2267 rude

140 2336 274 2400 cumque
290 2318 427 2398 quesitis
443 2322 718 2401 comparauerant,
743 2336 842 2400 super
858 2317 1005 2385 omnibus
1022 2318 1142 2399 causis,
1156 2336 1223 2401 que
1237 2318 1319 2383 tales
1329 2330 1409 2382 eorm

67 2511 70 2516 .
139 2430 372 2514 possessiones,
397 2433 558 2514 grangias,
582 2451 686 2515 agros,
711 2437 798 2498 ortos
815 2437 848 2498 et
864 2431 949 2499 bona
970 2432 1161 2516 respiciunt,
1186 2432 1264 2499 dum
1278 2425 1412 2496 16116116

139 2544 397 2627 supradictorum
420 2543 547 2609 abbatis
571 2550 604 2610 et
626 2549 805 2611 conuentus
824 2545 1040 2627 jurisdicione
1062 2544 1256 2626 consistant,
1286 2556 1413 2626 nusquam

140 2657 229 2739 alibi,
252 2658 317 2722 nisi
340 2677 448 2724 coram
470 2657 586 2723 abbate
618 2658 830 2740 Ozedlicensi,
864 2659 919 2741 qui
942 2664 993 2726 est
1015 2664 1048 2725 et
1068 2660 1126 2742 qui
1147 2657 1251 2725 inerit
1278 2676 1333 2741 pro
1356 2659 1415 2719 teu·

143 2789 231 2855 pore,
255 2758 312 2836 seu
336 2790 443 2837 coram
466 2771 535 2835 suis
554 2769 721 2853 judicibus
745 2777 778 2837 et
800 2772 1032 2839 commissoriis
1050 2778 1225 2839 teneantur
1247 2770 1290 2837 de
1310 2784 1414 2836 66661·

142 2883 349 2966 querentibus
379 2883 419 2948 de
450 2883 581 2948 iusticia
612 2885 809 2965 respondere
838 2903 876 2950 ac
902 2886 969 2968 juri
1000 2890 1033 2951 et
1055 2885 1188 2952 iusticie
1211 2903 1270 2951 seu
1291 2879 1417 2950 indicatis

145 3016 217 3063 cum
249 2994 364 3062 ellectu
394 3015 516 3078 parere.
563 2995 739 3079 Nemoque,
776 2999 1006 3081 cuiuscumque
1039 3002 1154 3080 status,
1190 2998 1354 3082 diguitatis
1381 2990 1419 3057 uel

148 3111 346 3178 condicionis
369 3111 497 3191 existat,
521 3110 651 3176 eosdem
670 3110 819 3177 abbatem
841 3117 874 3177 et
896 3117 1090 3178 conuentum
1111 3112 1146 3177 in
1169 3112 1260 3195 agris
1275 3116 1308 3178 et
1322 3107 1419 3188 campis

149 3226 235 3291 circa
256 3224 369 3291 foueas
391 3226 426 3290 in
449 3224 546 3290 dictis
575 3225 737 3291 montibus
768 3226 841 3291 sitis
868 3230 901 3291 ct
917 3227 983 3292 iam
1004 3225 1202 3292 mensuratis
1225 3226 1298 3292 siue
1318 3225 1349 3290 in
1367 3237 1421 3304 par·

149 3339 301 3421 capcione
324 3356 477 3403 censuum
500 3338 540 3401 de
564 3336 760 3404 conflatoriis
794 3340 865 3404 siue
897 3340 982 3405 casis
1009 3343 1067 3404 aut
1088 3339 1165 3405 aliis
1189 3358 1300 3406 eorum
1321 3333 1422 3404 iuribus

148 3459 181 3518 et
202 3451 419 3517 laudabilibus
448 3451 736 3517 consuetudinibus
768 3452 1030 3535 quibuscumque,
1062 3452 1216 3518 videlicet
1245 3451 1357 3533 quibus
1375 3443 1423 3529 ipsi

149 3588 169 3632 a
192 3571 347 3647 temporo,
371 3566 463 3631 cuius
487 3566 640 3631 contrarii
663 3586 726 3631 non
751 3572 840 3631 extat
861 3568 1025 3647 memoria,
1049 3585 1153 3650 usque
1171 3564 1214 3632 ad
1229 3566 1290 3631 heo
1303 3572 1423 3644 tempora

151 3685 226 3745 sunt
248 3680 299 3744 usi
321 3678 465 3761 pacifice,
488 3679 606 3760 ledere,
633 3678 792 3761 impedire
815 3680 867 3745 uel
888 3680 1062 3746 molestare
1092 3684 1269 3762 presumat,
1299 3677 1353 3744 sed
1377 3673 1426 3739 hiis

153 3792 299 3858 omnibns
323 3797 487 3858 eteorum
511 3793 663 3874 quolibet,
688 3798 784 3875 prout
798 3811 901 3878 usque
915 3793 1010 3860 modo
1034 3793 1086 3859 nsi
1110 3798 1143 3859 et
1165 3792 1242 3859 freti
1264 3793 1427 3859 noscuntur,

153 3906 200 3969 uti
223 3907 411 3986 permittant
429 3906 530 3972 libere
546 3906 712 3989 perpetuis
735 3906 934 3988 temporibus
957 3911 990 3972 et
1012 3905 1164 3989 gaudere,
1187 3924 1249 3972 nec
1270 3897 1428 3971 aliculam

158 4018 205 4081 eis
235 4019 288 4083 uel
310 4019 350 4083 ab
374 4021 421 4084 eis
452 4039 509 4084 seu
539 4038 559 4084 a
590 4017 792 4084 Gaedlicensi
826 4019 1022 4085 monasterio
1054 4018 1139 4085 bona
1168 4023 1203 4085 et
1230 4017 1429 4103 possessiones

159 4129 298 4213 habenti,
338 4134 568 4215 cuiuscumque
607 4133 804 4199 condicionis
838 4138 895 4198 aut
929 4137 1033 4198 status
1067 4134 1196 4214 existat,
1232 4134 1311 4200 licet
1340 4129 1431 4197 eaden

156 4241 276 4324 absque
296 4247 513 4327 requisicione
536 4252 569 4312 et
591 4265 750 4313 consensu
771 4247 916 4329 ipsorum
938 4249 972 4314 in
991 4247 1090 4315 aliam
1108 4246 1163 4313 uel
1177 4247 1262 4313 alias
1277 4243 1432 4313 trmslerrs

159 4373 323 4436 personas,
347 4359 411 4423 nisi
434 4359 517 4425 forte
539 4362 603 4443 ipsi
627 4380 724 4443 snper
745 4361 806 4425 hoc
829 4362 987 4443 legittime
1004 4360 1156 4445 requisiti
1179 4359 1240 4426 tnli
1262 4352 1435 4426 alienaeioui

160 4466 271 4547 eciam,
295 4488 367 4535 cum
382 4472 465 4537 loret
484 4474 604 4557 absque
627 4475 771 4555 ipsorum
786 4474 930 4555 periculo
953 4493 992 4541 ac
1014 4474 1164 4558 dampno,
1180 4493 1278 4540 suum
1291 4473 1438 4540 maliciose

161 4576 327 4646 ‹lillcrrent
356 4593 502 4664 prestare
532 4607 731 4655 consensum.
778 4588 867 4655 Nulli
899 4608 975 4672 ergo
1005 4591 1134 4657 omnino
1164 4590 1333 4658 hominurn
1359 4589 1441 4656 liceat
