3150 5378
652 400 727 450 8888
1031 427 1034 433 -
1308 391 1350 456 33

45 605 195 676 ecclesia
224 603 328 669 sancti
354 602 519 670 Valentini
548 603 633 670 infra
662 622 781 683 muros,
812 602 951 668 ecclesia
980 601 1084 666 sancti
1109 600 1198 666 Petri
1219 601 1350 666 188188

42 717 345 785 Theuthonicorum
360 721 452 781 extra
468 735 588 795 muros,
610 751 655 762 -
678 715 816 782 ccclesia
835 715 872 779 18
894 712 1012 779 (lubito
1035 730 1107 778 cnm
1129 713 1198 777 suis
1219 711 1348 778 filiabus

45 839 78 898 et
108 831 189 896 aliis
214 829 437 912 pertinenciis,
458 865 502 875 —
525 830 662 895 88818818
684 830 719 895 18
739 829 828 894 Mina
851 847 924 894 cum
944 824 1075 892 filiabus
1103 825 1182 905 suis,
1212 825 1349 891 88818818
1455 889 1457 896 1

43 946 78 1009 in
100 945 207 1009 Ponte
229 944 335 1008 sancti
357 941 540 1008 Wencoslai
562 947 653 1008 extra
674 960 793 1022 muros,
815 940 953 1006 88818818
974 939 1010 1004 18
1031 938 1216 1004 Lutomeria
1238 943 1349 1005 888888

45 1057 154 1122 Maris
171 1060 265 1121 extra
290 1054 501 1121 8888881888
524 1055 607 1121 Acta
629 1059 706 1120 sunt
726 1055 785 1120 1888
807 1053 911 1135 Prage
932 1071 1015 1119 anno
1034 1050 1271 1117 incarnacionis
1293 1050 1349 1117 do-

46 1169 130 1234 mini
148 1167 358 1249 Mconvw,
381 1167 456 1233 idus
478 1166 656 1248 Febmarii,
678 1164 738 1233 XV
758 1165 876 1232 indico.

147 1338 203 1393 Dle
221 1337 291 1406 orig.
309 1337 452 1392 varchirn
468 1335 540 1391 1888
554 1335 769 1392 klilorniclrcho
787 1336 902 1392 rPraze
920 1333 1079 1392 8888888188
1097 1332 1200 1401 1188188,
1226 1333 1349 1402 Rogesta

46 1433 74 1487 11
102 1433 205 1488 8848.

635 1573 710 1697 ills.
735 1591 764 1655 9.

387 1761 483 1872 lm,
504 1761 600 1848 pion
622 1761 644 1829 3
666 1762 843 1830 (18188888.
864 1761 899 1831 V
913 1741 1005 1845 1188.

57 1936 134 2018 aaa
149 1955 185 2002 8
203 1918 366 2012 dumo,
381 1935 453 2019 poa
473 1957 519 2002 „a
539 1915 608 2019 spo
627 1958 649 2002 a
675 1915 782 2012 (888,
804 1935 913 2018 vaae
933 1937 1012 2001 aaa
1030 1934 1205 2000 malano
1226 1932 1348 2016 spana

61 2050 184 2114 8888
199 2050 285 2115 aem
313 2028 383 2131 upa
402 2049 586 2135 8888888
607 2048 728 2114 moon
750 2046 929 2131 888888),
951 2046 1088 2132 serpso
1103 2046 1202 2130 spos
1214 2048 1251 2131 p
1265 2047 1349 2129 poa-

61 2162 137 2226 aaa
157 2160 301 2227 1818118888(
326 2161 555 2228 Zderosskemu
570 2162 653 2245 pr'eol
679 2161 848 2228 hroddomi
876 2159 1074 2245 Rodsky'mo',
1105 2161 1224 2227 88888188
1246 2160 1350 2226 1881888

66 2272 220 2359 (01818888)
250 2296 275 2340 a
304 2275 443 2352 chmo,
470 2276 569 2361 mly‘o,
598 2274 665 2352 laia,
690 2274 823 2341 (1888188
843 2273 1029 2358 88888188
1051 2295 1072 2340 a
1092 2272 1185 2339 818188
1206 2272 1351 2340 dalododu

66 2385 181 2451 8888
209 2386 339 2472 onai
365 2365 502 2470 danao
534 2408 556 2452 a
585 2385 894 2470 oronnam
928 2387 988 2470 pa·
1019 2385 1140 2469 poca
1173 2406 1195 2450 a
1227 2384 1351 2451 88888

544 2521 564 2563 o
579 2502 679 2564 881888
697 2498 859 2564 Brassaici

152 2674 190 2738 ln
211 2672 346 2737 nomine
367 2678 477 2736 sancte
500 2676 533 2736 et
553 2672 724 2737 indiuiduo
750 2674 919 2739 Trinitatis
950 2691 1051 2738 amon.
1099 2672 1180 2737 Cum
1208 2677 1349 2738 testante

69 2785 211 2867 scriptura
234 2802 334 2866 opera
356 2786 486 2865 pictatis
509 2784 651 2848 exhibita
672 2786 706 2849 in
729 2786 825 2850 888818
851 2785 1024 2865 multiplici
1045 2785 1153 2850 fructu
1175 2803 1195 2849 a
1217 2785 1276 2851 (188
1298 2803 1348 2850 re«

69 2903 300 2992 compensentur
321 2898 355 2961 in
379 2898 457 2961 colis
479 2903 512 2962 et
534 2897 606 2962 idco
629 2899 743 2962 merito
766 2899 823 2962 illa
845 2898 997 2962 debemus
1020 2898 1054 2961 18
1077 2899 1146 2962 uita
1160 2899 1349 2963 transitoria

69 3012 186 3089 operari.
220 3010 261 3074 (18
284 3008 401 3090 quibus
424 3015 497 3073 ante
519 3009 660 3073 tribunal
683 3011 814 3090 superni
841 3009 960 3073 iudicis
990 3010 1158 3073 constituti
1187 3011 1348 3088 possimus

68 3119 91 3184 in
113 3125 283 3188 mansione
304 3128 459 3202 perpetua
482 3121 630 3202 gloriari:
657 3127 766 3186 notum
790 3122 891 3201 igitur
911 3121 995 3186 18818
1018 3121 1188 3198 uniuersis,
1218 3138 1348 3201 prosen-

68 3235 139 3301 tibus
161 3256 200 3300 ao
224 3234 354 3311 18888818,
385 3234 469 3316 quod
499 3253 558 3315 ogo
587 3234 725 3314 Epidius
746 3234 786 3298 de
815 3234 895 3315 Vpa‚
923 3241 989 3298 tam
1012 3234 1051 3297 de
1074 3232 1169 3298 Vsow
1190 3251 1286 3316 quam
1309 3234 1349 3298 de

65 3344 233 3413 Suabenicz
258 3352 435 3411 castrorum
460 3347 564 3411 dictus
588 3346 735 3411 dominus
758 3348 791 3410 18
815 3348 974 3427 dignitate
990 3365 1115 3411 camere
1129 3345 1349 3410 Wetouicnsis

66 3462 257 3539 (8888188888,
293 3459 465 3524 actendens
490 3460 630 3523 virorum
663 3459 889 3540 religiosorum
924 3460 1067 3538 consilia,
1099 3459 1138 3522 nb
1170 3457 1349 3523 remedium

65 3573 159 3636 animo
178 3592 249 3637 mee
273 3572 444 3652 uxorisque
459 3571 641 3652 Margarete
657 3591 780 3637 necnon
795 3570 934 3636 filiorum
949 3591 1092 3637 meorum
1107 3575 1349 3652 ceterorumque

66 3688 293 3750 antecessorum
321 3702 465 3748 meorum
499 3683 651 3764 hospitali
681 3703 751 3749 moo
781 3684 909 3749 nouiter
938 3689 1121 3748 constructo
1151 3683 1184 3747 in
1214 3682 1348 3747 ciuitate

66 3792 126 3875 l'pa
145 3798 306 3878 wlgariter
335 3796 422 3859 dicta
452 3795 579 3860 confero
610 3795 691 3860 duas
711 3797 815 3874 811188,
843 3795 969 3860 Luboze
998 3796 1128 3860 nomine
1153 3802 1186 3859 et
1208 3797 1348 3877 Delma,

67 3909 271 3973 molendinum
291 3928 401 3987 vnum,
424 3910 552 3972 laneum
574 3927 681 3988 vnum,
705 3908 865 3972 decimum
889 3908 1056 3972 denarium
1078 3909 1111 3971 in
1132 3907 1253 3988 Vpensi
1275 3927 1349 3988 pro-

70 4018 163 4084 uincia
191 4023 231 4086 (18
262 4022 366 4101 culpis
401 4021 547 4085 omnibus
581 4022 784 4101 perpetratis,
815 4021 1050 4101 plenitudinem
1079 4019 1275 4084 decimarum
1310 4020 1349 4083 de

70 4134 175 4198 cunctis
197 4133 409 4215 prouentibus
432 4134 465 4196 in
490 4135 588 4198 curiis
615 4134 756 4214 propriis
787 4132 934 4197 omnibus
965 4132 1133 4212 prouincia
1162 4132 1197 4194 in
1227 4131 1348 4205 cadem,

73 4240 136 4308 1888
157 4245 465 4328 capellesaddsndo,
484 4265 584 4309 88888
600 4247 783 4327 contiguam
798 4244 918 4309 ibidem
933 4244 1097 4325 hospitali,
1120 4242 1292 4306 secundam
1315 4244 1349 4306 iu

10 4366 12 4424 j
74 4353 186 4421 ciuitate
206 4359 372 4439 Brusnycz
395 4378 466 4421 cum
490 4359 558 4422 suis
582 4359 767 4422 attinenciis
790 4358 824 4419 in
848 4363 1036 4438 perpetuum
1063 4355 1239 4436 possidere.
1273 4355 1350 4418 Pre-

76 4461 216 4551 latumque
237 4472 397 4551 hospitale
420 4470 549 4535 subdidi
574 4471 682 4535 domui
705 4471 912 4535 Zderaziensi
943 4471 1034 4533 18888
1059 4468 1195 4548 Pragam
1218 4486 1350 4531 888888-

79 4571 168 4645 tilium
189 4583 338 4649 Fratrum
362 4584 608 4664 cruciferorum,
639 4603 701 4668 que
724 4584 837 4649 domus
859 4583 956 4648 habet
977 4587 1159 4663 respectum
1182 4581 1223 4645 ad
1245 4581 1350 4645 locum

1143 4706 1159 4752 8
