3098 5392
655 408 730 460 1301.
1263 414 1326 481 135

61 635 169 699 cunque
189 636 246 699 pro
270 616 375 698 culpis
399 616 560 682 vniuersis
594 615 715 682 ibidem
737 623 770 682 et
792 616 827 682 in
849 623 916 684 tota
939 620 1108 701 prouincia
1130 619 1262 703 Vpensi,
1287 624 1328 689 de

60 731 178 795 omnibns
218 736 251 795 et
284 729 422 812 singulis
452 728 598 809 annonis,
633 729 792 796 fructibus
827 731 1019 797 annualibus
1051 737 1084 797 et
1116 735 1327 815 prouentibus

60 844 201 923 curiarum,
231 862 294 926 que
328 861 414 907 nunc
444 847 521 907 sunt
543 842 595 907 uel
629 848 724 908 erunt
746 843 780 906 in
815 841 924 908 futuro
947 845 1115 925 prouincia
1148 847 1183 910 in
1206 848 1327 937 eudem,

59 959 238 1023 ecclesiarum
261 957 381 1023 ibidem
404 958 437 1022 in
469 955 539 1038 Vpa
561 960 595 1022 et
627 957 662 1022 in
685 957 850 1040 Brnsnycn
882 976 954 1023 cum
977 977 1087 1023 earum
1116 960 1326 1040 pertinenciis

59 1078 82 1134 et
100 1071 207 1136 iuribus
231 1071 404 1151 uniuersis,
440 1070 593 1154 hospitali
616 1071 745 1151 ibidem,
778 1073 942 1154 preposito
965 1077 998 1137 et
1028 1072 1183 1138 fratribus
1214 1092 1326 1163 supra-

61 1181 133 1248 dictis
152 1203 187 1250 ac
208 1185 332 1251 eisdem
355 1184 592 1250 subiectionem
626 1203 683 1250 seu
707 1184 954 1251 submissionem
976 1185 1122 1251 eiusdem
1143 1185 1325 1268 hospitalis,

60 1299 171 1363 omnium
192 1304 225 1364 et
247 1298 450 1381 singulorum
483 1297 642 1363 dictorum
672 1297 774 1364 lactus
805 1297 845 1363 ab
875 1298 1017 1380 antiquis
1048 1297 1246 1380 temporibus
1268 1317 1327 1381 per

61 1411 186 1490 quendam
208 1412 349 1479 nobilem
378 1411 483 1477 virum
513 1410 677 1493 Egidium,
700 1416 777 1477 tunc
808 1410 972 1477 dominum
995 1410 1150 1492 ciuitatis,
1174 1413 1326 1477 uillarum

61 1528 84 1585 et
99 1526 224 1591 omnium
245 1525 474 1608 predictorum,
504 1529 601 1606 prout
623 1526 656 1590 in
686 1524 805 1589 litteris
829 1523 983 1604 eiusdem,
1007 1528 1040 1589 et
1061 1523 1143 1589 bone
1172 1525 1326 1591 memorie

62 1638 186 1715 quondam
209 1637 403 1705 venerabilis
427 1635 595 1717 Johannis,
629 1637 802 1720 Pragensis
826 1636 981 1719 episcopi,
1004 1637 1090 1702 veris
1115 1637 1233 1718 sigillis
1255 1656 1325 1703 mu-

63 1748 116 1814 nitis
134 1753 256 1832 plenius
291 1752 493 1830 continetur;
528 1753 605 1818 item
636 1752 718 1817 iuris
741 1757 931 1834 patronatus
963 1751 1172 1817 ecclesiarum
1202 1752 1237 1815 in
1259 1752 1324 1817 hiis

63 1861 134 1928 dlis:
157 1865 353 1946 Bernartius,
378 1864 499 1931 Olesna
521 1870 553 1931 et
575 1865 746 1932 Alberonis
769 1866 858 1946 nilla,
882 1864 981 1931 medii
1003 1865 1089 1929 lanei
1113 1864 1325 1947 circaypsam

63 1971 132 2056 l'pan
153 1986 184 2044 et
204 1980 340 2045 alterius
362 1979 462 2044 medii
484 1979 569 2044 lanei
585 1979 619 2043 in
642 1977 720 2043 villu
743 1978 868 2044 Lubecz
899 1977 1054 2060 predicta,
1090 1977 1174 2043 silue
1197 1996 1323 2061 quoqne

62 2084 131 2154 libere
151 2093 211 2158 site
234 2093 319 2157 inter
340 2091 467 2157 Lnbecz
502 2096 535 2156 et
556 2091 715 2176 Debemy‚
738 2091 878 2173 piscarie
900 2090 1001 2156 libere
1023 2091 1057 2156 in
1088 2089 1221 2157 flumine
1242 2087 1323 2174 Vpa,

60 2203 198 2271 nolendini
220 2205 341 2271 ibidem
364 2223 438 2271 cum
459 2205 549 2285 rotis,
573 2224 635 2287 que
657 2224 742 2271 nunc
761 2209 845 2284 sunt,
869 2210 902 2269 et
923 2223 989 2285 sex,
1013 2221 1076 2285 que
1097 2205 1132 2270 in
1154 2209 1319 2288 posterum

60 2319 290 2401 quandocumque
312 2319 455 2386 construi
478 2337 536 2385 seu
557 2318 634 2385 addi
655 2324 799 2401 possunt,
822 2338 886 2385 non
903 2318 1050 2385 obstante
1066 2317 1324 2385 contradiccione

59 2429 224 2515 cuiusquam,
255 2452 293 2500 ac
323 2434 457 2500 alterius
488 2433 665 2500 molendini
695 2433 735 2499 de
765 2451 850 2499 nouo
873 2432 1080 2499 construendi
1104 2451 1176 2498 cum
1198 2431 1323 2498 duabus

58 2543 121 2622 ntis,
141 2548 223 2612 sicut
243 2547 335 2629 prins
357 2546 472 2628 fuerat,
496 2548 530 2612 in
552 2546 685 2613 flumine
707 2546 794 2612 dicte
817 2547 892 2612 rille
914 2545 1041 2611 Lnbecn
1065 2550 1097 2611 et
1119 2546 1220 2612 libere
1241 2546 1323 2611 mul·

58 2654 132 2722 rionis
151 2678 207 2725 seu
229 2660 412 2727 molicionis
434 2679 492 2743 per
513 2661 659 2727 homines
675 2660 762 2726 dicte
781 2660 926 2726 ciuitatis
949 2664 982 2724 et
1004 2659 1085 2724 alios
1109 2658 1270 2741 quoslibet
1285 2659 1319 2724 in

60 2772 174 2854 nboqne,
196 2774 397 2856 duorumque
419 2774 634 2853 macellorum,
658 2774 794 2839 duarum
815 2790 999 2839 mensarum
1028 2790 1157 2854 panum,
1186 2772 1323 2838 duarum

57 2897 206 2952 mensarum
228 2887 406 2953 calcificum
428 2888 462 2954 in
485 2887 619 2954 ciuitate
642 2887 761 2952 eudem.
809 2886 945 2952 Gracias'
968 2902 1095 2966 quoque
1126 2902 1184 2949 seu
1215 2885 1321 2950 indul-

57 2998 154 3069 cencies
176 2999 310 3066 cedendi
333 3007 366 3066 et
392 3000 572 3067 deducendi
594 2994 682 3083 ligna
709 3018 909 3082 quecumque
942 3002 974 3062 et
1006 2997 1253 3080 qualiacumque
1287 2999 1321 3062 in

56 3105 107 3174 diis
125 3114 266 3180 omnibus
289 3115 393 3196 siluis,
416 3134 478 3199 que
500 3134 586 3181 nunc
604 3119 714 3180 nostre
731 3119 816 3193 sunt,
840 3113 881 3177 de
904 3128 987 3177 nono
1012 3130 1069 3193 pro
1092 3109 1230 3175 edificiis
1247 3130 1320 3176 con-

57 3226 185 3293 struendis
208 3232 241 3293 et
263 3228 365 3295 eciam
397 3229 597 3311 reparandis
621 3234 654 3294 et
675 3226 858 3310 accipiendi
880 3225 980 3291 libere
1011 3225 1044 3289 in
1074 3224 1197 3289 eisdem
1227 3224 1320 3290 siluis

56 3329 116 3414 ligna
134 3342 275 3407 iacencia
298 3347 330 3407 et
352 3342 454 3407 eciam
481 3343 573 3408 aride
595 3362 653 3424 pro
675 3343 752 3424 igne
773 3340 939 3407 hominnm
971 3338 1141 3419 hospitalis
1171 3338 1319 3419 predicti.

55 3441 217 3520 Libertatem
251 3455 390 3537 denique
423 3456 494 3521 siue
527 3456 765 3537 enempcionem
801 3454 943 3519 omnium
968 3452 1133 3517 hominum
1163 3452 1198 3518 in
1227 3452 1320 3517 bonis

55 3566 168 3632 omibus
187 3569 358 3650 hospitalis
374 3569 518 3634 eiusdem
532 3569 751 3635 residencium
766 3572 799 3632 et
814 3585 1026 3645 sessurorum,
1051 3566 1106 3646 qui
1122 3584 1180 3647 per
1196 3565 1320 3630 nullum

54 3672 123 3744 alium
141 3701 237 3765 quam
259 3701 317 3764 per
338 3682 454 3748 fratres
478 3682 557 3749 dicti
580 3683 751 3764 hospitalis
775 3680 892 3747 debent
915 3699 972 3761 pro
995 3679 1099 3762 culpis
1124 3678 1271 3743 omnibns
1288 3683 1321 3743 et

53 3793 129 3859 tausis
151 3795 343 3876 rbicumque
368 3796 562 3878 perpetratis
593 3796 741 3875 indicari,
773 3793 1001 3874 detestamus
1029 3799 1062 3857 et
1083 3791 1220 3856 traditas
1243 3791 1321 3856 olim

52 3905 171 3974 lredictis
195 3909 371 3991 preposito,
395 3909 549 3974 fratribus
573 3913 606 3973 et
627 3909 781 3991 hospitali
805 3927 863 3990 per
878 3906 1072 3985 Witkonem,
1095 3904 1197 3969 filium
1221 3923 1320 3987 quon-

50 4009 98 4082 dan
116 4023 192 4089 dicti
213 4021 338 4104 Egidii,
362 4021 514 4087 dilectum
537 4028 570 4087 et
591 4020 718 4087 fidelem
748 4025 902 4100 nostrum,
936 4020 975 4085 de
998 4019 1069 4100 Vpa
1099 4018 1170 4082 siue
1200 4016 1319 4082 suabe·

48 4127 95 4196 nior
112 4136 242 4216 dictum,
266 4141 345 4201 tunc
360 4135 525 4201 dominum
541 4136 685 4201 ciuitatis
709 4140 741 4201 et
762 4134 919 4200 bonorum
934 4134 1076 4198 omnium
1092 4131 1318 4213 predictorum,

44 4253 110 4316 uout
137 4253 169 4317 in
202 4250 430 4315 instrumentis
461 4268 558 4331 super
587 4250 651 4315 hiis
683 4248 915 4314 donationibus
947 4246 1042 4312 factis
1071 4250 1104 4310 et
1126 4243 1319 4309 venerabilis

41 4350 169 4447 Gregorii,
193 4362 374 4447 Pragensis
398 4363 552 4445 episcopi,
575 4363 637 4428 loci
661 4361 840 4445 dyocisiani
865 4361 940 4445 (sic)
969 4380 1006 4425 uc
1029 4360 1133 4441 ipsius
1157 4357 1318 4423 Witlronis

34 4477 252 4559 abdemonis,
279 4475 341 4540 filii
365 4477 425 4556 sni,
448 4475 607 4542 roboratis
632 4476 749 4556 sigillis
778 4475 969 4557 exprimitur
998 4473 1188 4551 luculenter,
1220 4477 1318 4549 ratus,

25 4599 114 4669 muas
142 4601 176 4663 et
208 4593 329 4659 firmas
361 4608 444 4656 nunc
476 4590 630 4656 habentes
665 4594 698 4654 et
731 4594 886 4671 perpetuo
917 4586 1059 4652 habituri
1094 4587 1238 4652 volentes
1272 4603 1319 4664 eu,
