3098 5392
679 482 755 535 meo.
1300 483 1363 549 811

58 696 221 775 quatenus
245 691 407 774 quandam
430 691 571 758 litteram
595 692 669 758 siue
685 690 894 775 priuilegium
909 691 992 774 ipsis
1007 710 1027 758 a
1042 691 1250 759 serenissimo
1265 711 1365 776 quon·

59 805 135 870 dam
158 804 288 870 domino
311 811 344 870 et
366 806 512 888 genitore
534 811 654 885 nostro,
679 805 870 873 charissimo
894 804 1024 872 domino
1049 806 1179 888 Karolo,
1203 806 1363 873 detumet

59 935 251 984 concessum
281 918 477 985 auctoritate
506 919 598 1001 regia
619 918 752 985 Boemie
783 917 972 1001 approbare,
1004 916 1176 1000 ratificare,
1207 920 1363 986 innouare

59 1145 140 1227 legii
162 1149 256 1211 tenor
278 1146 425 1229 sequitur
446 1145 480 1210 in
502 1145 561 1211 bec
584 1144 698 1211 verba:
728 1132 869 1211 Karolus
896 1144 1019 1213 domini
1041 1144 1147 1212 nostri
1171 1146 1258 1229 regis
1281 1146 1363 1213 Boe·

59 1259 126 1324 mie
147 1259 383 1341 primogenitus
415 1264 474 1325 etc.
509 1257 700 1342 (Ntsleduje
722 1259 817 1324 anani
847 1258 925 1324 listu
955 1258 1122 1325 markrabi
1144 1259 1245 1325 Karla
1267 1259 1297 1325 d.
1322 1277 1364 1324 na

59 1368 193 1465 Horach
207 1370 359 1462 Kntnycb
381 1371 444 1438 dne
459 1371 503 1436 22
517 1371 619 1438 unora
637 1371 723 1438 1334
745 1371 801 1438 cis.
828 1370 915 1454 168).
948 1371 1016 1440 Nos
1047 1372 1180 1440 attentis
1203 1372 1363 1439 dictorum

54 1483 192 1567 judicis,
223 1485 391 1552 consulum
421 1490 454 1551 et
484 1484 724 1552 communitatis
754 1474 971 1567 peticionibus
1000 1485 1261 1567 racionabilibus,
1291 1504 1363 1568 pre·

60 1598 174 1663 sertim
205 1618 277 1664 cum
302 1599 392 1694 jnste
423 1598 609 1681 petentibus
639 1617 704 1665 non
728 1598 773 1664 sit
793 1597 1002 1681 denegandus
1024 1616 1188 1680 assensus,
1218 1617 1282 1666 non
1305 1616 1363 1681 per

59 1729 204 1801 errorem
218 1716 276 1778 aut
290 1712 481 1796 improuide,
505 1712 561 1779 sed
583 1711 691 1779 animo
706 1699 893 1793 deliberato,
918 1730 996 1778 sano
1018 1711 1163 1779 fidelium
1177 1717 1361 1779 nostrorum

59 1818 236 1918 accedente
262 1822 399 1922 consilio
422 1806 510 1893 etde
532 1832 621 1894 certa
643 1831 754 1893 nostra
777 1826 919 1892 sciencia
941 1826 1118 1909 predictam
1140 1827 1281 1893 litteram
1304 1844 1362 1892 sen

59 1923 277 2033 priuilegium,
291 1940 326 2006 in
349 1941 496 2008 omnibus
519 1942 589 2008 suis
610 1931 751 2023 punctis,
773 1941 928 2008 clausulis
959 1946 992 2007 et
1012 1940 1170 2023 articulis,
1203 1945 1298 2023 prout
1320 1940 1361 2005 de

60 2051 161 2119 uerbo
183 2053 225 2119 ad
248 2053 382 2121 uerbum
404 2060 612 2138 expressatur
634 2055 795 2137 superius,
821 2054 1082 2139 approbauimus,
1114 2053 1361 2134 ratificauimus,

59 2166 291 2233 innouauimus
322 2173 357 2233 et
379 2167 649 2248 confirmauimus,
672 2168 899 2250 approbamus,
924 2165 1124 2234 ratificamus
1147 2172 1181 2234 et
1201 2167 1362 2250 presentis

59 2280 175 2362 scripti
209 2280 389 2362 patrocinio
419 2282 595 2347 autoritate
623 2281 715 2364 regia
748 2281 882 2347 Boemie
915 2281 1096 2364 graciosius
1126 2278 1362 2360 confirmamus,

59 2393 272 2460 decernentes
300 2394 435 2460 eandem
464 2395 606 2460 litteram
636 2395 709 2461 siue
739 2395 948 2478 priuilegium
981 2395 1109 2477 plenam
1138 2392 1283 2459 obtinere
1309 2411 1360 2458 ro·

57 2506 149 2572 boris
162 2504 356 2574 firmitatem.
381 2507 590 2574 Presencium
615 2509 674 2573 sub
690 2509 780 2591 regie
802 2514 912 2575 nostre
932 2508 1115 2575 maiestatis
1138 2506 1246 2589 sigillo
1268 2507 1359 2571 testi·

58 2620 169 2686 monio
187 2612 378 2687 litterarum.
402 2622 522 2688 Datum
544 2622 717 2705 Burgleins
741 2642 825 2689 anno
856 2623 978 2689 domini
1008 2622 1179 2689 millesimo
1201 2625 1358 2687 trecente-

58 2734 144 2799 simo
167 2735 386 2816 octuagesimo
402 2753 495 2815 nono,
519 2734 573 2800 dia
595 2736 699 2816 prima
722 2736 873 2819 Augusti,
891 2754 1062 2819 regnorum
1077 2740 1258 2801 nostrorum
1275 2752 1359 2800 anno

58 2847 196 2912 Boemie
220 2848 377 2929 vigesimo
400 2849 548 2931 septimo,
571 2848 788 2915 Romanorum
811 2868 886 2916 vero
909 2856 1023 2932 quarto
1046 2849 1180 2916 decimo.

613 3040 664 3107 Ad
687 3042 882 3109 relacionem
904 3005 1104 3124 sigismundi
1128 3041 1358 3108 subcamerarii

759 3154 947 3222 Wlachuico
970 3155 1011 3220 de
1032 3154 1217 3221 Weitmille.

165 3339 237 3410 Kop.
255 3356 288 3394 ze
305 3340 370 3396 XVI
388 3342 483 3396 stoletl
500 3359 516 3395 v
535 3342 617 3396 liniae
635 3345 759 3412 pambtnl
776 3360 810 3397 m.
828 3343 962 3398 Kouiimb
980 3362 995 3396 z
1014 3359 1035 3396 r.
1056 3347 1122 3397 1405
1141 3359 1177 3398 na
1194 3343 1210 3397 l.
1233 3350 1281 3398 110
1292 3363 1309 3396 a
1322 3360 1356 3398 aa

58 3436 203 3503 napisem:
224 3436 420 3504 ,confirmacio
438 3437 577 3508 priuilegii
595 3439 687 3494 Caroli
704 3439 733 3492 in
752 3439 941 3507 prohibicione
960 3437 1120 3495 araceum!

627 3724 692 3807 (lis.
717 3742 790 3807 634

381 3928 686 4015 138a13rtjna
721 3929 777 4000 lia
799 3926 1038 4003 liiivoklate.

55 4117 145 4184 Krcil
173 4118 287 4185 Vciclav
301 4121 324 4184 I
328 4120 359 4184 V.
382 4120 526 4205 aeliaaje
542 4120 757 4205 pcrkmiatru,
779 4122 939 4192 konielim
961 4123 1041 4189 test
1052 4123 1120 4190 obcs'
1132 4125 1234 4190 masta
1251 4123 1356 4190 Bude-

46 4233 149 4318 jova’e,
183 4232 244 4316 aba
276 4231 419 4317 lopiano
457 4233 587 4301 Jalula
615 4238 707 4304 Beda
736 4238 846 4305 amali
876 4258 897 4303 a
927 4238 1068 4304 ἀοεαᾶἰίἰ
1099 4259 1138 4305 aa
1168 4236 1357 4322 koadjatora

54 4369 80 4413 a
110 4345 262 4431 aucupes
293 4347 425 4430 sprrioce
453 4348 575 4431 §parile
603 4349 776 4433 orestslce'bo
806 4351 967 4434 accurata,
1001 4373 1017 4416 s
1039 4356 1092 4418 tou
1120 4350 1294 4437 vibratione,
1324 4354 1359 4417 le

128 4460 188 4526 ram
208 4482 303 4527 aenea
324 4461 413 4587 rijmu
422 4464 534 4545 trpctr
549 4463 687 4547 praiaco
683 4466 737 4530 icb
754 4464 951 4547 petronate(
970 4463 990 4529 lt
1012 4469 1130 4530 temate
1151 4465 1348 4609 epitritum

153 4593 377 4721 wenceslaus
411 4656 464 4722 dei
498 4658 609 4738 gracia
642 4658 858 4724 Romanorum
889 4678 946 4725 rex
980 4677 1107 4741 semper
1135 4600 1294 4742 angustus
1325 4666 1359 4726 et
