3098 5392
126 428 194 494 418
750 424 827 477 lua

127 681 249 746 gamus.
274 661 480 726 Presencium
502 662 690 727 testimonio
705 662 882 727 literarum.
905 660 1026 726 Dattun
1040 661 1192 728 Dresden
1205 681 1288 729 anno
1301 662 1392 729 donini

128 772 434 856 nncccmnvmt
458 774 639 842 indiccione
661 777 775 858 prims,
798 774 876 841 xm
898 774 1053 842 kalendas
1068 775 1233 859 Jannarii,
1253 794 1391 860 remorum

128 894 312 956 nostrorum
333 907 417 954 anno
439 888 549 954 tercio.

899 975 965 1060 [Na
987 975 1073 1042 olnbn
1095 976 1317 1062 vpraro:]1t

232 1128 305 1198 Orig.
322 1144 399 1199 perg.
417 1145 433 1182 v
451 1129 564 1184 archim
581 1146 616 1184 m.
634 1111 698 1185 [isti
715 1130 769 1185 uad
788 1129 893 1185 Larem
910 1129 933 1185 ἆ
951 1135 976 1185 3.
998 1128 1085 1186 Petet
1101 1133 1227 1199 uniens,
1243 1131 1322 1187 tolilo
1334 1146 1386 1200 perp

130 1226 261 1298 proulelr,
289 1242 326 1281 na
352 1227 459 1281 luterem
484 1228 579 1295 risela,
606 1227 755 1282 amtorem
772 1259 806 1266 —
824 1227 961 1295 Fcistner,
988 1226 1155 1283 Gesclricbte
1182 1228 1234 1285 der
1258 1226 1343 1299 konigl
1362 1224 1387 1278 St

128 1322 233 1392 Anasig
249 1328 298 1378 str.
318 1328 351 1378 67
370 1339 388 1378 a
404 1329 464 1378 245.

693 1481 758 1565 ba.
782 1500 857 1567 281.

423 1653 522 1735 1348,
545 1654 589 1722 22
611 1654 799 1740 prosince.
822 1655 855 1724 V
871 1653 1133 1727 nrtrrancen.

130 1830 216 1897 nra
237 1830 339 1896 rara
359 1827 415 1895 JV
431 1830 595 1912 polanae
622 1826 793 1906 coccae
817 1832 1001 1916 prompt
1022 1832 1037 1897 ι·
1055 1833 1109 1899 ast
1134 1834 1204 1900 aaa
1229 1839 1320 1900 mata
1341 1810 1388 1895 ibt

129 1943 874 2028 mnempoceajajsmacajao
904 1946 1205 2015 Vaaacnaotoe
1232 1941 1388 2030 uapor

317 2059 392 2123 icc
413 2057 484 2123 adm
498 2055 626 2141 jabecca
649 2055 816 2124 ntarkroba'
835 2057 1007 2144 Moraoskpi
1028 2059 1094 2142 tyb?
1113 2060 1237 2127 aad&

234 2234 374 2300 Karolus
397 2234 451 2299 dei
474 2233 585 2315 gracia
606 2233 822 2299 Romanorum
846 2253 903 2300 rer
919 2253 1046 2317 semper
1069 2243 1229 2319 augustus
1251 2231 1392 2303 etBocnit

130 2369 195 2417 rer.
219 2349 340 2415 Notum
361 2347 498 2413 iacimus
521 2348 693 2429 uniuersis,
716 2347 801 2430 quod
829 2349 986 2431 inspectis
1016 2349 1253 2432 multiplicibus
1274 2345 1392 2417 cuum

134 2462 299 2546 obsequiis
322 2461 499 2542 consulum,
522 2461 704 2544 juratorum
727 2465 761 2525 et
781 2461 1006 2528 uniuersitatis
1028 2463 1150 2528 ciuium
1179 2464 1214 2529 in
1236 2463 1300 2530 Vslr
1326 2473 1394 2543 super

131 2577 243 2657 Albea,
265 2574 409 2642 fidelium
430 2579 615 2641 nostrorum
637 2574 837 2657 dilectorum,
859 2575 976 2659 quibus
998 2576 1063 2658 ipsi
1076 2576 1172 2643 nobis
1185 2577 1327 2660 langoris
1340 2580 1394 2640 ten-

132 2690 264 2776 poribus
287 2694 401 2755 exacta
422 2688 598 2772 diligencia
618 2689 818 2771 placuerunt,
841 2695 875 2755 et
896 2708 933 2756 se
952 2689 1075 2756 faciunt
1090 2691 1244 2757 continuo
1258 2689 1397 2774 gratiore

134 2806 215 2888 ipsis
239 2809 272 2869 et
294 2804 511 2884 miuersitati,
533 2821 656 2869 necnon
676 2803 858 2886 heredibus,
880 2803 1112 2887 proheredibus
1135 2808 1170 2870 et
1190 2799 1398 2871 successoribus

132 2920 286 2999 ipsorum,
310 2916 546 2999 imperpetuum
575 2919 728 2984 uniuersa
750 2923 783 2984 et
805 2918 934 3000 singula
955 2918 1129 3001 priuilegia
1150 2923 1185 2984 et
1205 2919 1336 2998 litteras,
1357 2928 1400 2996 quc

133 3037 166 3096 et
188 3049 268 3111 quas
291 3048 311 3094 a
333 3030 419 3096 clare
434 3030 586 3096 memorie
606 3030 788 3097 illustribus
799 3029 1016 3113 Wenczes1ao,
1042 3049 1114 3112 auo,
1137 3035 1172 3097 et
1192 3031 1344 3111 Johame,
1361 3043 1399 3108 ge

133 3145 238 3209 nitore
263 3144 394 3222 nostris,
429 3143 589 3223 quondam
619 3143 752 3210 Boemie
780 3143 923 3227 regibus,
953 3149 987 3211 et
1011 3163 1032 3209 a
1053 3142 1156 3226 nobis,
1188 3145 1267 3211 dum
1286 3156 1403 3211 maenus

137 3257 171 3321 in
201 3256 317 3320 minori
348 3254 453 3321 officio
485 3257 662 3337 constituti,
693 3275 790 3339 super
807 3256 946 3339 juribus,
977 3256 1276 3339 consuetudinibus,
1300 3255 1404 3341 graciis,

136 3368 378 3449 emunitatibus,
400 3368 613 3451 libertatibus,
637 3370 768 3436 statutis
796 3374 829 3435 et
850 3370 1105 3452 quibuscumque
1127 3370 1199 3437 suis
1220 3370 1350 3454 agendis
1366 3365 1406 3434 ob

134 3482 275 3548 tinuisse
295 3487 481 3563 noscuntur,
513 3483 599 3550 sicut
620 3482 861 3549 racionabiliter
889 3483 1016 3549 indulta
1045 3501 1103 3549 seu
1126 3483 1253 3551 indulte
1282 3480 1405 3564 suntin

136 3595 283 3662 omnibus
306 3594 375 3660 suis
397 3594 574 3676 tenoribus,
599 3596 763 3677 clausulis,
786 3597 937 3678 capitulis
959 3600 993 3662 et
1014 3597 1191 3664 sentenciis
1214 3596 1255 3664 de
1275 3589 1407 3665 verbosi

136 3709 243 3790 verba,
265 3709 333 3776 acsi
356 3713 483 3774 tenores
507 3711 651 3791 ipsarum
665 3708 771 3775 forent
785 3708 990 3791 presentibus
1006 3709 1135 3790 inclusi,
1157 3709 1302 3778 decerta
1319 3712 1408 3776 nostro

136 3822 286 3901 sciencia,
310 3820 411 3886 saluis
435 3820 537 3887 eciam
555 3821 683 3903 juribus
706 3822 832 3902 alienis,
863 3821 1087 3905 approbamus,
1116 3822 1315 3891 ratificamus
1334 3816 1408 3890 atde

136 3938 232 4003 solita
249 3936 449 4018 benignitate
463 3935 555 4017 regia
578 3934 812 4016 confirmamus,
831 3934 1113 4001 nonobstantibus
1135 3936 1301 4017 aliquibus
1314 3930 1407 4004 liban

137 4052 170 4116 in
194 4055 358 4133 posterum
380 4049 506 4130 dandis,
530 4050 559 4115 si
583 4067 645 4133 que
667 4068 725 4132 per
739 4049 1026 4131 importunitatem,
1049 4048 1248 4118 obliuionem
1269 4051 1405 4131 religat

136 4166 280 4231 ranciam
309 4169 503 4243 emanarent,
533 4162 660 4245 quibus,
691 4163 725 4228 in
751 4167 906 4246 quantum
929 4166 1005 4229 sunt
1033 4162 1240 4245 presentibus
1263 4144 1436 4236 contub*1

138 4295 195 4357 per
218 4276 326 4343 omnia
348 4277 548 4358 derogamus.
573 4273 765 4342 Mandantes
788 4275 950 4341 uniuersis
965 4279 998 4341 et
1012 4274 1153 4358 singulis
1169 4278 1353 4360 capitaneis,
1370 4288 1407 4340 cr

141 4392 298 4471 merariis,
332 4390 589 4468 subcamerariis‚
623 4389 798 4471 judicibus,
824 4388 1027 4471 justiciariis,
1064 4388 1348 4471 poprabczonibus,
1370 4404 1410 4453 ru

144 4504 256 4583 dariis,
279 4503 505 4584 beneficiariis,
528 4501 721 4568 officialibus
745 4506 778 4568 et
799 4498 1062 4568 viceofficialibus
1084 4503 1180 4585 regni
1203 4503 1346 4586 Boemie,
1371 4494 1412 4585 qd

141 4637 199 4700 pro
220 4621 364 4698 tempore
385 4616 515 4696 fuerint,
538 4614 687 4680 fidelibus
714 4615 843 4695 nostris,
874 4619 1033 4697 quatenus
1056 4615 1266 4698 supradictos
1288 4613 1416 4687 consule
