3098 5392
212 423 275 491 676
820 427 895 478 1873.

208 633 269 699 hoc
298 631 452 699 habentes
482 633 676 700 assertiuam
706 634 900 701 relacionem
931 637 964 700 et
986 632 1161 716 probatam
1184 633 1245 700 hoc
1265 633 1362 703 modo
1385 636 1499 705 diffini·

208 747 314 813 uimus
344 751 377 812 et
407 744 608 813 definitinam
638 748 836 814 sentenciam
864 748 1056 832 protulimus
1086 751 1119 812 et
1148 746 1306 829 dedimus,
1338 751 1418 833 quin
1440 752 1499 818 imo

209 860 402 926 auctoritate
431 879 490 927 nos
519 860 561 926 ad
589 862 650 928 hoc
683 863 886 929 mittencium
907 861 1111 946 presentibus
1133 858 1312 927 diffinimus
1336 868 1370 929 et
1392 864 1499 930 damus

209 973 465 1039 irreuocabilitsr
486 973 520 1039 in
543 992 603 1041 sua
623 973 776 1041 firmitate
798 976 1047 1058 permanendam
1068 975 1287 1041 sentenciam:
1322 976 1432 1044 Primo
1450 979 1500 1044 de

212 1086 382 1166 eieramus,
404 1085 489 1168 quod
511 1105 603 1153 mons
626 1093 701 1153 ante
722 1094 848 1170 portam
878 1089 1023 1155 ciuitatis
1046 1088 1264 1170 Melnicensis,
1288 1087 1417 1174 Swynie
1438 1093 1501 1158 vul·

213 1200 333 1282 gariter
355 1198 471 1280 dictus,
495 1204 545 1265 est
567 1204 600 1265 et
620 1199 684 1266 fuit
706 1205 739 1266 et
762 1219 834 1267 esse
857 1200 952 1268 debet
974 1201 1110 1267 fratrum
1131 1200 1361 1283 predictorum,
1385 1205 1420 1270 in
1442 1223 1501 1286 quo

213 1311 254 1377 de
281 1330 367 1379 nono
399 1314 629 1395 plantauerrmt
657 1314 794 1395 vineam,
824 1318 935 1397 stpote
964 1315 998 1379 in
1027 1315 1208 1381 hereditate
1237 1318 1380 1399 propria,
1410 1319 1499 1384 cnin's

213 1424 381 1508 longitudo
411 1430 444 1492 et
472 1425 610 1493 latitudo
644 1432 677 1493 et
698 1432 767 1493 tota
789 1427 860 1493 eius
884 1427 1148 1493 circumferencia
1169 1433 1220 1493 est
1240 1436 1430 1497 mamurata
1450 1450 1501 1514 pa·

212 1539 295 1604 tenti
325 1540 397 1606 eius
426 1539 548 1606 fossato
578 1538 664 1604 inter
694 1540 780 1605 viam
809 1539 971 1623 publicam
1001 1545 1035 1606 et
1064 1541 1220 1622 semitam,
1245 1560 1309 1625 que
1331 1561 1352 1608 a
1376 1544 1502 1611 ciuitate

212 1657 383 1723 transeunt
404 1652 445 1718 sd
468 1652 638 1735 hospitale,
661 1671 757 1735 qnam
779 1654 883 1720 eciam
905 1655 1033 1719 vineam
1048 1659 1186 1736 possunt
1199 1659 1234 1720 et
1247 1659 1403 1738 poterunt
1417 1677 1501 1723 muro

213 1766 413 1834 circumdare
444 1785 503 1850 pro
536 1766 682 1833 eiusdem
715 1767 862 1834 custodia
890 1766 1034 1835 firmiori.
1079 1768 1263 1835 Decliuitus
1294 1789 1383 1853 vero,
1406 1789 1502 1853 quea

214 1880 302 1947 dicta
323 1881 419 1946 vinea
436 1881 530 1963 jmrta
552 1883 701 1948 semitam
722 1882 851 1956 transit,
874 1899 977 1963 vsqne
998 1881 1041 1947 ad
1062 1882 1158 1963 siam,
1183 1900 1246 1964 que
1268 1883 1360 1950 ducit
1378 1885 1413 1951 in
1428 1885 1502 1967 pede

214 1996 332 2060 montis
355 1994 397 2060 ad
418 1996 587 2077 nauigium
610 1996 765 2076 ciuitatis,
787 1995 877 2061 illam
899 1992 1113 2061 diffiniuimus
1136 2013 1210 2061 esse
1231 2000 1265 2062 et
1288 1996 1409 2064 debere
1431 1998 1502 2063 stri-

216 2126 279 2191 que
294 2108 389 2190 parti,
412 2112 479 2173 tam
498 2108 625 2173 ciuitati
640 2127 736 2191 quam
749 2108 955 2188 monasterio,
971 2113 1004 2173 et
1026 2108 1169 2174 villicule
1191 2109 1273 2191 eius,
1297 2129 1362 2193 que
1376 2113 1502 2179 Psonlra

215 2220 344 2301 dicitur,
368 2239 440 2286 cum
461 2220 655 2287 molendinis
678 2239 751 2287 esse
772 2239 810 2286 ac
831 2219 901 2287 fore
923 2239 1123 2287 communem
1152 2240 1211 2304 pro
1233 2225 1367 2305 pascuis
1389 2225 1501 2291 anima·

214 2334 294 2400 lium
327 2333 517 2413 eorundem;
549 2336 596 2401 ita
625 2334 711 2417 quod
741 2335 830 2399 nulla
860 2351 936 2415 pars
966 2333 1085 2400 audeat
1116 2335 1256 2417 amplius
1280 2355 1341 2403 nec
1363 2339 1501 2422 argillam

215 2465 275 2514 nec
296 2446 422 2530 lapides
445 2446 565 2514 ibidem
587 2445 697 2513 fodere
720 2464 779 2513 nec
802 2447 918 2528 quouis
941 2445 1034 2513 modo
1065 2446 1185 2513 dictam
1208 2449 1390 2516 convallem
1412 2452 1502 2532 impe

220 2561 300 2641 dire,
323 2565 440 2643 preter,
463 2566 498 2626 vt
520 2560 722 2641 dictumest,
745 2558 1050 2641 animaliapascere.
1066 2560 1223 2626 Similiter
1236 2565 1502 2631 sentenciauimus

217 2679 250 2741 et
265 2675 511 2756 sentenciamus‚
534 2673 619 2757 quod
638 2673 806 2739 memorati
828 2672 946 2738 iratres
969 2690 1042 2738 cum
1064 2672 1209 2740 villicula
1225 2656 1301 2757 jam'
1318 2675 1409 2744 dicta
1423 2683 1501 2761 pote

216 2793 302 2870 runt,
324 2793 461 2871 possunt
483 2792 515 2854 et
537 2786 698 2853 debebunt
720 2786 897 2852 secundum
926 2787 1200 2868 opportunitatem
1222 2805 1334 2854 eorum
1358 2792 1502 2857 animalia

218 2921 277 2968 sua
300 2920 432 2985 pascere
454 2906 487 2968 et
501 2920 631 2983 gregem
647 2919 741 2966 suum
763 2919 820 2982 pro
843 2900 973 2982 pascuis
995 2900 1116 2982 pellere
1131 2899 1173 2965 ad
1188 2904 1373 2969 communia
1392 2922 1504 2987 pascua

219 3016 374 3097 ciuitatis,
404 3034 466 3098 que
495 3014 652 3080 habentur
683 3015 772 3079 iuxta
802 3017 835 3078 et
857 3014 1106 3094 circumquaque
1127 3015 1349 3097 monticulum,
1373 3017 1503 3084 Klumel

219 3130 395 3212 vulgariter
417 3128 548 3208 dictum,
572 3127 736 3210 perpetuis
755 3126 954 3208 temporibus
978 3126 1152 3208 duraturis,
1176 3129 1294 3208 quouis
1318 3131 1391 3196 sine
1413 3133 1505 3214 impe

220 3244 362 3310 dimento
384 3247 417 3308 et
439 3242 705 3309 contradiccione.
728 3241 865 3324 Insuper
886 3241 1091 3323 presentibus
1107 3242 1318 3324 declaramus,
1335 3245 1421 3327 quod
1437 3264 1507 3328 seps

220 3356 299 3423 dicti
320 3356 437 3422 fratres
460 3374 554 3437 agros
578 3374 653 3421 suos
670 3355 702 3419 in
719 3355 801 3437 pede
823 3355 940 3419 montis
963 3354 1054 3420 iuxta
1076 3354 1171 3435 viam,
1194 3373 1257 3439 que
1279 3355 1371 3423 ducit
1393 3359 1436 3424 sd
1458 3378 1507 3424 na·

220 3471 343 3553 uigium
373 3469 527 3550 ciuitatis,
558 3471 638 3534 sitos
669 3468 794 3549 debent,
825 3473 961 3550 possunt
990 3474 1023 3534 et
1056 3473 1206 3552 poterunt
1239 3487 1355 3537 sersus
1376 3471 1509 3539 fluuium

221 3584 317 3650 Albis
339 3583 454 3664 colere,
475 3589 542 3649 tam
563 3587 685 3648 remote
708 3583 779 3648 sine
800 3583 932 3665 aliquali
954 3583 1070 3665 medio,
1094 3601 1190 3665 quam
1212 3589 1336 3650 remote
1357 3585 1399 3650 ab
1422 3587 1510 3668 aquis

220 3717 284 3763 non
318 3696 534 3780 impedientur
565 3702 598 3762 et
627 3696 712 3762 sicut
743 3696 921 3779 antiquitus
952 3715 1009 3778 per
1032 3714 1086 3762 eos
1109 3696 1256 3778 laborati,
1279 3699 1364 3764 mati
1380 3705 1415 3765 et
1436 3701 1512 3766 culti

226 3816 309 3877 sunt.
333 3810 377 3874 Et
399 3814 433 3874 vt
454 3815 564 3876 nostra
587 3811 620 3874 in
641 3828 738 3892 supra
754 3809 850 3875 dictis
873 3808 1048 3876 diffinitiua
1071 3811 1236 3876 sentencia
1257 3812 1512 3880 irreuocsbiliter

222 3923 324 4003 firma,
349 3922 441 3988 salua
471 3927 503 3988 et
536 3941 615 3988 sana
637 3923 671 3987 in
695 3941 753 3989 suo
775 3925 941 4005 perpetuis
963 3923 1161 4006 temporibus
1184 3928 1250 3990 stet
1270 3925 1386 3992 robore
1408 3935 1443 3994 et
1462 3928 1514 3994 tir·

222 4037 344 4117 mitate‚
375 4037 566 4102 auctoritate
600 4036 692 4103 nobis
715 4036 987 4102 committencium
1008 4037 1091 4103 hanc
1113 4037 1309 4119 imponimus
1332 4057 1460 4123 penam,
1482 4049 1516 4108 st

225 4151 407 4233 quicunque
428 4169 467 4216 ex
490 4150 634 4233 partibus
658 4149 811 4232 sepefatis
834 4168 933 4217 ausus
955 4149 1054 4216 fuerit
1074 4149 1151 4216 huic
1183 4153 1349 4219 sentencie
1376 4155 1516 4239 judicia·

223 4266 298 4331 liter
331 4263 551 4330 contradicere
584 4264 635 4329 sel
670 4265 784 4346 quouis
819 4263 912 4330 modo
946 4263 1171 4330 damnabiliter
1202 4265 1269 4331 iam
1306 4269 1517 4337 sentenciatis

226 4377 394 4458 contraire,
425 4396 497 4443 mon
527 4396 641 4461 penam
673 4382 800 4443 eentum
830 4395 1063 4460 sexagenorum
1097 4395 1282 4460 grossorum
1308 4386 1518 4465 pragensium

227 4491 420 4557 indiminute
450 4491 637 4557 soluendam
667 4491 810 4556 incurrat
843 4491 914 4573 ipso
936 4489 1036 4571 iacto;
1062 4508 1197 4572 quarum
1218 4492 1379 4561 medietas
1403 4498 1447 4564 ad
1469 4517 1519 4567 oa·

227 4622 348 4671 meram
377 4605 592 4686 imperatricis
622 4609 655 4669 et
684 4604 785 4670 altera
817 4603 973 4670 medietas
1004 4604 1045 4670 ad
1070 4609 1195 4688 partem
1216 4606 1313 4673 alteri
1335 4614 1520 4694 oppositam
