3150 5378
139 430 203 496 826
757 420 831 480 leel.

137 640 261 706 minum
282 654 347 705 non
369 638 490 719 existit,
521 636 761 720 deposicionem
791 637 955 720 wlgariter
977 635 1098 703 dictam
1118 635 1282 722 nyderleg
1302 635 1441 706 bumen-

137 757 244 820 torum
274 757 308 819 et
337 752 474 818 aliarum
505 751 670 831 mercium,
701 751 735 816 in
758 748 1012 833 quibuscumque
1033 747 1130 815 rebus
1153 749 1352 833 consistant,
1374 752 1440 818 sius

140 863 205 950 [ea]
227 884 287 949 per
315 865 444 931 alueum
477 863 578 931 Albee
608 882 737 929 sursum
767 881 826 929 seu
855 862 1007 930 deorsum
1036 862 1078 929 ad
1103 863 1254 947 ipsorum
1277 864 1439 932 ciuitatem

135 979 252 1046 deduci
283 971 460 1061 contingat,
483 978 642 1061 legittime
665 976 837 1045 habuerint
869 981 902 1042 et
923 976 1067 1044 babeant
1096 978 1311 1063 usquemodo,
1346 984 1438 1063 prout

138 1094 240 1160 eciam
263 1093 358 1158 litere
381 1089 639 1158 confirmacionis
662 1089 731 1157 diui
752 1090 914 1175 quondam
934 1090 1057 1157 domini
1073 1090 1198 1174 Karoli,
1222 1092 1438 1161 Romanorum

89 1255 94 1267 .
138 1212 170 1272 et
191 1207 326 1273 Boemie
348 1207 447 1289 regis,
476 1205 634 1287 genitoris
656 1204 760 1271 nostri
783 1204 954 1285 carissimi,
978 1204 1054 1271 date
1075 1204 1219 1289 desuper
1239 1205 1437 1273 luculcncius

137 1325 349 1387 attestantur:
379 1337 439 1386 nos
469 1317 673 1385 attendentes
706 1321 799 1401 mata
829 1322 863 1384 et
891 1318 1085 1402 multiplicia
1118 1317 1289 1403 obsequia,
1324 1319 1434 1404 quibus

139 1452 175 1531 se
198 1433 287 1500 dicta
309 1434 428 1500 ciuitas
452 1435 575 1499 nostris
597 1432 742 1498 reddidit
764 1431 960 1498 conformem
977 1432 1192 1516 beneplacitis
1215 1436 1252 1500 et
1266 1438 1434 1518 acceptam,

137 1567 200 1615 non
223 1565 282 1632 per
304 1566 446 1615 errorem
470 1552 528 1613 aut
549 1546 731 1629 inprouide,
764 1545 821 1613 sed
843 1546 950 1613 animo
973 1544 1161 1627 deliberato,
1191 1562 1276 1615 sano
1297 1544 1434 1613 fidelium

137 1666 321 1728 nostrorum
342 1661 519 1729 accedente
541 1661 677 1728 consilio
700 1659 799 1727 dictis
821 1660 978 1743 magistro
1001 1660 1132 1743 ciuium,
1163 1658 1368 1743 consulibus,
1388 1660 1433 1744 in·

136 1775 217 1841 ratis
247 1780 281 1842 et
303 1776 527 1843 communitati
558 1775 703 1842 ciuitatis
729 1773 854 1858 prefate
875 1772 1173 1841 Lutbomericensis
1195 1772 1431 1857 infrascriptam

137 1887 280 1970 graciam
310 1888 460 1955 duximus
485 1889 666 1972 graciosius
689 1887 870 1955 faciendam
901 1893 935 1954 et
955 1887 1093 1954 facimus
1114 1896 1175 1970 per
1195 1892 1370 1971 presentes
1391 1885 1429 1953 sie

138 2002 300 2086 videlicet,
335 2002 422 2085 quod
454 2002 598 2085 quelibet
628 2003 723 2069 nauis
752 2007 884 2070 onerata
913 2002 1029 2085 bladis,
1063 2001 1142 2083 sale,
1175 1988 1338 2084 piscibus,
1365 2002 1429 2067 rino

136 2134 174 2183 ac
204 2116 278 2182 aliis
296 2116 460 2184 mercibus
495 2116 760 2200 quibuscumque,
784 2115 982 2182 descendens
1012 2134 1069 2182 seu
1092 2114 1275 2184 ascendens
1304 2134 1364 2199 per
1383 2114 1428 2181 nl·

136 2229 239 2312 beam,
269 2234 349 2311 aput
376 2229 535 2312 prefatam
552 2230 872 2297 Luthomericensem
902 2229 1070 2296 ciuitatem
1101 2246 1225 2297 merces
1252 2226 1427 2297 huiusmodi

136 2343 297 2425 deponere
327 2342 452 2424 debeat,
482 2344 569 2410 sicut
597 2344 658 2410 hoc
688 2343 796 2425 ipsum
825 2348 950 2411 tentum
972 2347 1024 2410 eet
1045 2342 1206 2410 hactenus·
1229 2342 1273 2409 ab
1294 2342 1426 2427 antiqno.

136 2456 170 2521 Si
193 2457 267 2538 quis
290 2473 366 2523 vero
387 2461 549 2523 mercator
580 2474 637 2523 seu
660 2474 800 2539 persona
822 2459 887 2525 alia
917 2458 1171 2541 qualiscumque
1201 2456 1427 2539 cuiuscumque

136 2569 239 2635 eciam
261 2570 391 2652 medus,
414 2570 614 2638 condicionis
637 2590 694 2639 seu
718 2576 823 2638 status
838 2573 966 2654 existet,
989 2567 1176 2637 huiusmodi
1191 2568 1425 2653 deposicionen

135 2681 271 2749 forsitan
301 2682 408 2750 iacere
444 2705 508 2752 non
540 2692 677 2769 curaret,
712 2692 832 2754 extunc
859 2684 1045 2752 huiusmodi
1075 2698 1217 2768 persona
1247 2682 1290 2751 de
1312 2681 1426 2768 proicis

134 2797 212 2862 naui
244 2801 386 2879 onerata,
424 2800 578 2881 quociens
608 2818 725 2866 nauem
754 2801 860 2882 ipsam
892 2798 1051 2882 preterire
1084 2798 1268 2880 contigerit,
1301 2798 1426 2882 triginta

134 2908 272 2977 florenos
302 2910 374 2976 auri
410 2911 525 2993 legalis
556 2912 708 2995 ponderis
738 2912 850 2995 tocies,
881 2913 1013 2996 quocies
1038 2930 1162 2979 merces
1183 2916 1362 2979 rennueret
1380 2910 1425 2976 de

134 3042 254 3105 ponere
276 3025 328 3089 rel
352 3023 542 3107 negligeret,
566 3025 696 3091 nomine
718 3026 786 3091 veri
809 3025 952 3092 thelonei
975 3025 1072 3092 dietis
1095 3023 1224 3091 ciuibus
1246 3026 1425 3108 persoluere

133 3140 292 3218 teneatur,
315 3138 349 3202 in
371 3155 449 3203 usus
473 3142 600 3204 nostroe
623 3142 656 3203 et
671 3142 781 3204 nostre
803 3156 930 3204 camere
951 3139 1040 3205 nullo
1061 3136 1169 3205 medio
1184 3138 1423 3205 conuerteudos.

134 3248 171 3314 In
202 3269 313 3316 casum
342 3269 429 3331 vero,
465 3269 529 3330 quo
559 3250 721 3333 quispiam
752 3251 869 3332 qusuis
899 3250 1036 3318 forsitan
1067 3250 1255 3318 temeritate
1282 3256 1425 3335 proteum

135 3362 264 3445 publice
287 3364 338 3429 uel
364 3363 488 3431 occulte
511 3382 570 3431 nec
592 3362 678 3430 lacta
700 3363 909 3445 deposicione
929 3381 988 3430 seu
1010 3362 1116 3430 soluto
1130 3362 1284 3444 tbeloneo
1298 3364 1426 3449 triginta

135 3475 338 3559 florenorum,
370 3482 407 3543 ut
434 3478 642 3558 premittitur,
667 3477 869 3560 perdicium
892 3475 1135 3543 flumenalbee
1161 3478 1351 3561 preteriret,
1377 3493 1428 3561 pu

133 3589 237 3658 dictos
262 3592 351 3658 ciues
375 3591 530 3656 arrestari
554 3590 684 3656 debebit
706 3595 739 3655 et
762 3590 1022 3672 indignacionem
1037 3594 1182 3657 nostram
1202 3589 1425 3673 grauissimam

133 3722 172 3771 ac
194 3723 310 3788 penam
333 3703 374 3769 ad
397 3709 509 3770 nostre
531 3703 708 3770 voluntatis
731 3703 901 3770 arbitrium
923 3702 1132 3786 infligendam
1153 3721 1191 3771 se
1207 3705 1425 3773 noumitnre

133 3817 337 3884 missibiliter
358 3819 575 3883 incursurum.
603 3816 915 3901 Mandemusigitur
929 3816 1092 3884 vniusrsis
1107 3821 1141 3883 et
1155 3817 1299 3901 singulis
1313 3816 1425 3903 princi·

133 3931 239 4013 pibus,
274 3931 508 3998 ecclesiasticis
540 3936 572 3997 et
602 3931 813 4014 secularibus,
842 3929 1028 4013 baronibus,
1056 3930 1233 4014 nobilibus,
1261 3930 1425 4009 militibus,

135 4044 316 4127 clientibus,
340 4045 521 4125 ciuitatum,
544 4044 713 4125 opidorum
735 4049 768 4111 et
785 4045 929 4112 locorum
948 4042 1235 4112 communitatibus
1248 4047 1425 4128 ceterisque

133 4159 255 4225 nostris
278 4158 418 4226 subditis
442 4162 475 4223 et
497 4157 646 4224 fidelibus
669 4159 832 4225 uniuersis
854 4158 990 4225 firmiter
1020 4163 1054 4224 et
1078 4156 1240 4242 districte,
1270 4164 1424 4244 quatenus

132 4272 275 4355 prefatos
299 4273 389 4338 ciues
415 4277 542 4338 nostros
567 4278 600 4338 in
622 4272 768 4354 predicta
787 4274 905 4356 gracia
919 4270 1165 4356 quomodolibet
1179 4282 1246 4339 nou
1261 4272 1425 4357 inpediant

132 4405 191 4454 nec
214 4386 323 4452 sinant
343 4405 401 4468 per
425 4387 607 4471 quempiam
627 4386 811 4470 aliqualiter
829 4385 979 4470 impediri
1001 4388 1111 4453 nostro
1124 4384 1424 4469 recreat-leuna

132 4500 339 4567 Presencium
369 4500 430 4567 sub
454 4501 545 4584 regie
567 4505 678 4567 nostre
698 4501 880 4567 maiestatis
910 4500 1020 4583 sigillo
1040 4498 1424 4568 testimonioliterurun·

132 4615 251 4680 Datum
285 4613 459 4696 Burgleins
493 4632 578 4680 anno
609 4613 730 4679 domini
759 4613 944 4680 millesimo·
962 4612 1189 4681 ueoemaruo
1218 4614 1426 4699 Μηρὼθ
