3098 5392
683 457 758 508 raro.
1299 456 1364 523 629

63 679 256 743 pragenses,
271 661 361 728 duos
384 662 418 728 in
440 662 523 729 festo
544 648 648 730 sancti
664 663 750 731 Galli
773 667 806 729 et
827 661 909 728 duos
930 661 966 727 in
987 660 1070 728 festo
1093 662 1198 728 sancti
1214 661 1363 746 Georgii3

62 773 208 857 quelibet
238 774 340 839 eciam
369 794 481 842 mensa
511 794 630 857 panum
652 776 796 842 eiusdem
821 775 966 840 ciuitatis
989 780 1098 840 nostre
1121 773 1216 840 debet
1237 777 1364 843 soluere

63 887 161 952 annis
186 888 325 970 singulis
349 889 430 955 duos
452 907 582 972 grossos
598 907 773 973 pragenses
795 888 968 972 predictos,
992 905 1089 952 vnum
1104 888 1139 952 in
1161 886 1245 954 festo
1260 890 1366 956 sancti

69 1001 159 1066 Galli
189 1006 221 1067 et
251 1001 350 1067 alium
372 1002 406 1067 in
429 1001 512 1068 festo
536 1003 639 1068 sancti
663 1001 805 1084 Georgii.
832 999 974 1067 Prcdicti
998 1001 1100 1066 eciam
1122 1001 1212 1068 ciues
1236 1006 1269 1068 et
1291 1002 1365 1068 sub

67 1112 184 1179 urbani
207 1113 352 1180 ciuitatis
376 1119 486 1181 nostre
507 1114 652 1198 predicte
674 1132 713 1180 ex
736 1094 883 1180 omnibus
912 1113 1000 1195 agris
1023 1130 1133 1178 eorum
1156 1119 1190 1179 et
1211 1115 1364 1196 pomeriis

64 1245 125 1292 seu
162 1228 242 1292 ortis
272 1227 350 1293 dare
379 1226 497 1294 debent
518 1245 612 1294 veras
635 1226 787 1308 decimas,
810 1225 902 1292 nobis
925 1230 959 1291 et
981 1225 1222 1292 successoribus
1244 1227 1365 1294 nostris

66 1338 151 1405 duas
173 1344 284 1422 partes
318 1346 352 1407 et
382 1340 517 1423 plebano
540 1341 686 1430 eiusdem
710 1339 854 1407 ciuitatis
877 1339 1011 1406 terciam
1034 1343 1158 1421 partem
1181 1340 1366 1422 earundem,

62 1472 103 1519 co
135 1459 243 1519 tamen
277 1454 382 1535 modo,
419 1474 482 1539 quo
516 1455 647 1522 easdem
669 1454 748 1520 darc
768 1453 924 1520 hactenus
948 1458 1195 1534 consueuerant,
1219 1455 1362 1537 exceptis

61 1567 219 1649 pomeriis
243 1568 396 1652 antiquis,
420 1567 599 1650 dequibus
623 1586 682 1633 nec
697 1565 790 1633 nobis
814 1584 872 1632 nec
895 1564 1136 1633 successoribus
1158 1567 1279 1632 nostris
1302 1567 1365 1632 sol·

65 1698 146 1746 uere
170 1686 246 1745 sunt
267 1681 402 1747 astricti.
426 1681 465 1746 In
488 1681 670 1749 subsidium
692 1699 767 1747 vero
795 1681 945 1747 utilitatis
961 1699 1000 1747 ac
1014 1679 1174 1746 libertatis
1190 1698 1249 1749 sou
1263 1681 1366 1747 eciam

63 1794 281 1874 promotionis
306 1794 452 1860 eiusdem
475 1795 620 1862 ciuitatis
643 1800 753 1861 nostre
775 1798 808 1860 et
830 1793 1011 1860 incolarum
1040 1792 1145 1875 ipsius
1169 1791 1209 1858 de
1231 1792 1365 1874 speciali

61 1913 176 1973 nostra
208 1907 319 1990 gracia
349 1907 501 1974 addimus
531 1912 564 1974 et
586 1908 742 1975 donamus
765 1912 890 1974 montes
914 1925 987 1973 cum
1009 1906 1103 1973 siluis
1126 1910 1159 1971 et
1180 1904 1365 1972 nemoribus

61 2037 101 2084 ac
115 2019 240 2085 rubetis
256 2021 410 2103 ipsorum,
432 2021 586 2087 videlicet
599 2019 892 2102 Libiechowzperk,
905 2018 1092 2101 Ossekperk
1107 2017 1365 2100 acDenyczperk

61 2153 136 2198 cum
160 2133 307 2200 omnibus
338 2152 449 2200 eorum
467 2135 679 2216 pertinenciis
701 2153 740 2200 ac
762 2134 867 2214 metis,
891 2130 997 2213 quoad
1019 2131 1280 2198 communitatem
1293 2149 1366 2213 pre·

60 2245 129 2311 late
153 2251 263 2313 nostre
294 2247 438 2313 ciuitatis
463 2253 496 2313 ct
517 2248 639 2314 incolas
662 2247 766 2330 ipsius
788 2265 846 2328 per
865 2247 954 2328 ipsos
969 2250 1125 2327 perpetue
1141 2243 1362 2327 possidendos.

61 2360 202 2425 Demum
224 2361 334 2425 omnia
357 2361 446 2442 ligna
467 2379 525 2443 pro
549 2358 687 2426 edificiis
711 2358 797 2425 dicte
820 2358 965 2424 ciuitatis
983 2376 1022 2424 ac
1037 2357 1188 2423 villarum
1202 2356 1245 2422 ad
1260 2357 1366 2440 ipsam

63 2473 302 2554 pertinencium
326 2474 415 2540 ciues
439 2478 472 2540 et
493 2474 598 2541 incole
628 2474 772 2556 ipsarum
795 2472 836 2539 de
859 2471 952 2538 siluis
975 2472 1179 2554 prepositure
1201 2475 1311 2537 nostre
1333 2476 1366 2537 et

67 2604 294 2652 successorum
309 2591 492 2654 nostrorum
516 2586 586 2653 sine
601 2587 717 2670 quouis
736 2586 846 2669 precio
861 2583 980 2651 habere
1001 2583 1119 2650 debent
1141 2588 1174 2649 et
1195 2582 1365 2665 debebunt,

59 2700 112 2765 sic
147 2703 265 2779 tamen,
302 2699 387 2783 quod
420 2719 484 2765 non
515 2699 654 2765 debeant
686 2697 775 2763 dicta
808 2698 897 2780 ligna
927 2716 984 2780 per
1015 2715 1051 2763 se
1072 2697 1205 2779 eligere,
1231 2697 1289 2763 sed
1311 2697 1364 2762 vbi

57 2813 145 2895 ipsis
178 2830 237 2893 per
260 2811 400 2879 iudicem
422 2818 568 2879 nostrum
596 2813 647 2878 rel
671 2811 842 2877 officialem
865 2811 1084 2877 demonstrata
1106 2809 1237 2892 fuerint,
1260 2811 1364 2877 succi·

58 2927 141 2991 dere
164 2930 197 2991 et
218 2927 365 3008 recipere
387 2944 445 3008 pro
468 2927 612 2992 omnium
634 2926 778 3006 ipsorum
801 2924 1004 2990 necessitate.
1051 2923 1230 3005 Antiquam
1262 2925 1365 2990 eciam

59 3038 254 3106 Prachaticz
277 3045 311 3104 ct
334 3039 459 3105 Ostrow
483 3040 577 3105 villas
601 3038 748 3104 volumus
771 3037 812 3102 ad
835 3038 954 3104 dictam
977 3043 1120 3104 nostram
1142 3038 1307 3103 ciuitatem
1333 3043 1366 3103 et

57 3155 162 3220 ciues
186 3153 290 3234 ipsius
313 3153 479 3235 perpetuis
495 3151 692 3235 temporibus
709 3153 881 3233 pertinere,
904 3151 964 3217 hoc
979 3151 1082 3217 eciam
1104 3169 1265 3233 expresso,
1280 3151 1365 3236 quod

58 3267 205 3350 predicti
229 3266 318 3331 ciues
341 3271 374 3332 ct
396 3266 571 3332 suburbani
595 3264 739 3332 ciuitatis
762 3269 872 3330 nostre
894 3265 1038 3346 predicte
1061 3283 1099 3330 ac
1122 3265 1272 3330 villarum
1293 3283 1365 3348 pre-

58 3381 223 3445 dictarum
259 3380 363 3446 incole
396 3398 520 3446 necnon
554 3379 691 3464 quilibet
723 3396 833 3443 eorum
856 3382 1006 3461 poterunt
1028 3377 1118 3443 licite
1141 3382 1174 3442 ct
1196 3378 1296 3443 libere
1317 3383 1365 3443 te-

60 3499 226 3561 stamenta
257 3493 364 3559 facero
395 3499 428 3559 et
460 3495 545 3560 bona
578 3494 722 3574 ipsorum
755 3491 887 3558 mobilia
910 3496 943 3556 et
965 3490 1151 3571 immobilia,
1174 3491 1366 3573 cuicumque

59 3609 148 3691 ipsis
183 3607 351 3689 placuerit,
386 3612 453 3672 tam
486 3608 520 3672 in
554 3607 623 3672 uita
657 3625 752 3687 quam
783 3606 815 3670 in
849 3612 951 3671 morte
974 3606 1094 3677 donare
1116 3623 1175 3671 seu
1196 3606 1305 3687 legare
1327 3623 1365 3671 ac

63 3721 220 3786 ordinare
243 3720 387 3802 deipsis
411 3739 467 3802 pro
492 3739 550 3785 sue
572 3721 663 3786 libito
688 3720 873 3800 voluntatis,
897 3739 961 3784 non
985 3719 1132 3785 obstante
1155 3720 1270 3801 quouis
1290 3737 1362 3784 con·

61 3834 239 3901 suetudine
261 3835 517 3916 deuoluoionum,
552 3854 657 3918 quam,
683 3833 787 3916 quoad
811 3833 978 3898 ciuitatem
1001 3838 1143 3898 nostram
1166 3838 1197 3898 et
1214 3833 1303 3900 ciues
1326 3850 1363 3898 ac

62 3948 271 4015 suburbanos
294 3949 398 4031 ipsius
422 3954 455 4015 et
477 3950 599 4015 incolas
630 3948 778 4013 villarum
809 3948 1036 4029 predictarum,
1059 3947 1189 4028 penitus
1212 3946 1360 4012 volumus

60 4081 139 4129 csse
161 4062 300 4140 nullam;
320 4061 446 4145 Judicio
462 4062 548 4128 dicte
570 4062 714 4127 ciuitatis
734 4067 844 4126 nostre
866 4079 903 4125 ac
914 4060 988 4143 jure
1011 4059 1145 4125 dominii
1167 4065 1200 4126 et
1220 4060 1365 4142 proprie-

55 4178 139 4242 tatis
172 4176 265 4242 nobis
296 4181 329 4242 et
351 4177 472 4242 nostris
495 4174 736 4242 successoribus
760 4193 886 4255 semper
909 4174 1019 4239 saluis.
1066 4174 1103 4239 In
1126 4172 1218 4240 cuius
1242 4173 1290 4240 rei
1313 4178 1361 4241 te-

54 4291 251 4357 stimonium
275 4296 308 4356 et
330 4290 427 4357 robur
450 4296 606 4372 perpetue
628 4288 793 4353 firmitatis
809 4292 977 4368 presentes
999 4286 1067 4353 fieri
1091 4293 1124 4353 et
1139 4287 1240 4372 sigilli
1262 4289 1365 4354 nostri

53 4405 241 4474 munimine
265 4406 420 4471 iussimus
445 4404 637 4487 consignari.
670 4403 788 4468 Datum
814 4403 846 4466 in
868 4402 1078 4484 Wissegrado
1102 4402 1135 4467 in
1159 4402 1252 4468 domo
1274 4402 1365 4469 habi·

52 4522 203 4589 tacionis
227 4525 336 4584 nostre
371 4538 455 4584 anno
491 4519 612 4585 domini
646 4517 817 4582 millasimo
851 4516 1077 4583 trecentesimo
1115 4516 1364 4611 septuagesimo,

48 4638 152 4705 nonis
170 4633 196 4718 ¹)
220 4633 311 4700 Julii.
1315 4622 1344 4669 ·-'
