3098 5392
634 404 708 453 isar.
1263 400 1325 465 271

31 609 75 662 mit
95 625 151 663 uns
171 608 200 662 di
220 608 324 679 pnerch
343 607 399 662 und
418 608 445 662 di
470 614 526 663 atat
550 608 605 662 und
629 608 680 663 das
704 609 783 674 haus,
810 606 861 662 daz
888 607 973 660 damu
999 606 1120 677 gehoret‚
1148 606 1189 660 sei
1216 604 1324 672 behaft3

31 704 131 759 sunder
150 720 233 758 werin
254 721 284 758 er
301 704 328 758 di
347 704 510 774 bebausung
534 720 570 758 au
587 720 640 758 uns
668 704 759 758 fodent
783 702 850 757 oder
873 704 897 756 in
921 718 974 756 uns
1000 706 1131 771 enpeutet
1155 702 1204 755 mit
1231 702 1326 756 seinen

34 802 131 855 erbern
149 807 239 869 poten
257 799 313 853 und
333 801 382 853 mit
400 800 488 854 ciuem
508 801 578 854 offen
597 800 675 870 prief,
695 816 726 854 so
745 799 816 854 sulla
827 797 936 853 wirder
953 797 1026 867 pfleg
1039 813 1073 851 an
1092 797 1208 866 geverde
1227 798 1327 852 zehant

31 915 65 952 an
82 896 219 950 fnerzock
237 896 364 950 abtreten
382 895 447 962 und,
465 911 533 949 wem
551 911 582 949 er
598 895 622 950 si
642 895 756 961 haizzet,
774 895 802 948 in
822 898 988 960 antworten;
1014 892 1079 946 uber
1096 891 1125 945 di
1142 892 1245 962 puerch
1263 908 1328 962 mag

31 994 78 1046 uir
93 994 162 1046 inne
175 992 267 1045 haben
285 989 407 1045 demach
426 991 489 1045 aoht
507 997 561 1059 tag,
579 989 628 1045 das
648 989 696 1042 wir
713 989 763 1044 dar
780 989 931 1059 abpringeu
950 1003 1073 1056 muegen‚
1091 1005 1147 1042 wan
1165 989 1213 1042 wir
1230 987 1331 1043 darauf

33 1089 130 1144 beben.
148 1089 211 1141 Wir
222 1088 339 1156 geloben
351 1087 423 1141 unde
442 1088 589 1156 gehaizaen
610 1087 681 1141 auch
698 1087 726 1140 in
745 1093 827 1155 gnten
846 1086 951 1151 triwen,
969 1083 1019 1139 das
1031 1085 1080 1137 wir
1097 1083 1177 1138 chain
1195 1086 1325 1154 purchra-

33 1184 147 1238 vendat
160 1198 259 1239 seczen
271 1183 342 1238 noch
356 1184 491 1250 eunocum,
510 1199 540 1236 er
554 1181 609 1237 hab
621 1182 710 1237 denne
727 1197 836 1237 unaerm
849 1186 1036 1250 vorgenanteu
1053 1179 1151 1235 herren
1170 1179 1232 1234 dem
1250 1182 1325 1235 herc·
1388 1167 1391 1171 ’

35 1296 119 1348 rogen
139 1295 171 1333 ee
190 1279 301 1348 gelobet
324 1278 380 1333 und
407 1294 541 1348 gessem,
568 1277 643 1344 oder,
671 1278 706 1333 ob
725 1295 755 1331 er
778 1277 853 1331 nieht
878 1291 992 1342 enuere,
1019 1275 1068 1330 des
1092 1282 1139 1345 got
1157 1275 1232 1330 nicht
1249 1277 1327 1345 gebe,

36 1377 124 1431 aeiner
153 1375 328 1430 nausaowen
352 1375 407 1429 und
426 1374 604 1443 Margareten
628 1373 683 1428 nud
702 1374 761 1428 iren
781 1373 863 1427 erben
882 1371 949 1426 oder
966 1371 1025 1425 iren
1048 1371 1180 1442 pflegem‚
1204 1372 1272 1438 also,
1291 1373 1325 1428 ob

38 1472 82 1525 wir
98 1477 140 1527 tot
158 1488 240 1538 wem,
259 1471 310 1526 das
328 1486 358 1525 er
376 1487 412 1525 ιιι
430 1469 582 1525 denselbeu
601 1469 703 1525 sachen
722 1469 762 1524 sei
780 1467 926 1539 gepunden
944 1484 979 1521 au
990 1465 1114 1522 volfuren
1128 1467 1181 1522 alle
1193 1466 1222 1521 di
1234 1468 1325 1535 sache,

40 1567 84 1622 der
99 1569 148 1622 wir
165 1567 313 1638 gepunden
331 1582 405 1622 wem
423 1584 534 1623 unserm
553 1567 655 1622 herren
672 1566 734 1620 dem
751 1569 939 1634 vorgenanten
957 1562 1112 1632 herczogin,
1135 1563 1227 1618 seiner
1244 1564 1326 1619 haus-

40 1663 135 1718 irouen
154 1664 210 1717 und
228 1665 288 1718 iren
307 1664 415 1719 erben.“
453 1664 580 1731 (Riezler‚
598 1662 796 1732 Forschungen
820 1677 870 1715 zur
892 1658 1052 1716 Dentschen
1071 1659 1242 1715 Geschichte.
1266 1659 1326 1716 XX

45 1759 89 1813 Bu
106 1769 153 1816 atr.
171 1767 236 1826 2643
255 1760 357 1827 Emer,
374 1761 495 1830 Regesta
512 1761 558 1816 IV.
576 1759 598 1816 b
619 1761 707 1827 2043.)

604 1987 668 2072 dis.
695 2005 766 2073 158.

385 2161 484 2242 1331,
506 2160 550 2230 26
572 2161 765 2230 dervence.
788 2161 821 2229 V
844 2143 983 2230 Boane.

59 2302 124 2366 ura
143 2305 210 2370 aaa
232 2301 319 2368 aava
341 2301 459 2368 saona
479 2300 719 2384 annonam
749 2300 869 2367 maram
892 2301 1018 2367 Paroa
1047 2321 1069 2365 a
1091 2299 1237 2381 ratpot,
1268 2299 1328 2380 aoy

58 2416 99 2493 pr'r'
116 2415 274 2482 me‘stslte'm
296 2415 413 2498 spirata
434 2413 672 2498 Boddjooicke'm
694 2415 848 2496 opstoodla'
869 2413 958 2498 leopls'
979 2435 1023 2480 sa.
1055 2413 1200 2488 Vdclaoa,
1223 2433 1245 2477 a
1267 2412 1328 2494 aba

63 2524 111 2607 ora
134 2531 258 2612 oreas
279 2529 401 2613 apsaro
422 2530 435 2594 ι·
455 2530 516 2594 aaa
537 2527 640 2611 aspa,
671 2527 713 2594 ao
735 2528 819 2595 saera
842 2529 1012 2613 protana
1034 2527 1187 2611 paccano
1215 2548 1234 2590 a
1258 2504 1329 2591 do-

424 2641 524 2709 oictcb
547 2664 568 2707 a
590 2643 676 2708 selim
698 2642 775 2708 lanai
796 2664 814 2707 o
837 2641 954 2708 Moltrc'.

139 2785 205 2851 Nos
227 2785 392 2851 lohannes
416 2784 468 2849 dei
491 2784 601 2866 gracia
630 2783 763 2849 Boemia
785 2788 818 2848 et
839 2783 972 2849 Polonie
992 2800 1049 2847 rex
1071 2799 1108 2846 ac
1135 2779 1328 2845 Lucembur-
1394 2805 1398 2815 ·

64 2898 145 2974 gensis
166 2917 281 2977 comes,
316 2898 357 2961 ad
381 2897 603 2961 uniuersorum
632 2901 698 2961 tam
728 2897 792 2960 iam
822 2896 1041 2977 superstitum,
1073 2913 1168 2976 quam
1197 2894 1328 2958 inantea

64 3006 214 3076 futurorum
236 3011 390 3075 noticiam
412 3015 523 3074 tenore
546 3010 747 3091 presensium
770 3010 916 3074 volumus
939 3009 1119 3090 peruenire,
1147 3007 1231 3087 quod
1255 3025 1328 3071 oon-

66 3122 159 3188 stitutis
182 3143 289 3190 coram
311 3128 420 3189 nostre
443 3124 621 3189 maiestatis
644 3125 813 3205 presencia
835 3123 984 3189 discretis
1007 3123 1096 3201 viris,
1123 3121 1217 3185 Petro
1240 3119 1328 3184 vide-

65 3228 117 3297 licet
136 3242 166 3301 et
186 3238 354 3320 Phylippo,
386 3236 582 3320 presbyteris
605 3236 645 3300 de
667 3236 868 3318 Budyewois,
900 3236 1084 3317 cappelanis
1112 3234 1242 3312 nostris,
1274 3232 1328 3296 de-

68 3351 118 3411 uote
136 3356 166 3415 et
185 3351 352 3416 humiliter
385 3350 476 3415 nobis
511 3350 778 3431 supplicantibus
812 3354 846 3414 vt
876 3351 1030 3431 capellam
1060 3350 1093 3413 iu
1123 3348 1276 3413 honorem
1299 3351 1331 3411 et

69 3458 108 3523 sub
123 3466 219 3546 tptulo
243 3466 347 3529 sancti
363 3464 555 3546 Wencezlay
578 3463 697 3528 ibidem
721 3464 926 3544 inhospitali
949 3482 1006 3544 per
1028 3461 1186 3543 quendam
1209 3461 1329 3526 Zacha-

69 3570 131 3656 dan,
152 3579 226 3643 olim
249 3578 355 3643 ciuem
376 3584 520 3643 nostrum
545 3577 584 3641 de
607 3576 807 3659 Budyewois‚
839 3580 948 3641 nostro
972 3575 1178 3640 etheredum
1205 3577 1329 3638 nostro-

68 3695 122 3767 ruu,
152 3691 282 3757 lloemie
304 3709 425 3772 regum,
459 3691 587 3756 nomine
610 3689 776 3753 fundat-am
806 3694 839 3753 et
866 3688 1079 3770 intytulatam‚
1114 3690 1169 3770 qui
1200 3687 1329 3751 tandem

68 3793 148 3883 iuopia
169 3811 344 3887 preuentus
368 3804 500 3869 eandem
523 3803 676 3887 perficere
700 3803 786 3866 etin
810 3802 910 3865 altum
932 3802 1079 3884 nequiuit
1100 3803 1234 3883 origene,
1262 3799 1329 3864 edi·

66 3907 154 3982 finandi
176 3939 233 4002 per
256 3938 312 3984 eos
336 3922 368 3981 et
391 3917 584 3998 perficiendi,
612 3921 774 3998 tamquam
794 3916 968 3996 caprellauis
991 3920 1023 3979 et
1047 3915 1132 3979 veris
1155 3913 1274 3978 ibidem
1296 3913 1329 3978 in

63 4028 258 4106 spiritualibus
282 4036 315 4097 et
345 4030 573 4111 temporalibus
605 4029 837 4110 prouisoribus
872 4034 981 4093 nostro
1012 4029 1135 4093 adhoc
1165 4028 1331 4092 dumtaxat

59 4142 141 4210 tanen
162 4146 337 4212 accedente
361 4144 533 4222 iuuamiue,
558 4143 782 4208 alletoritatem
805 4143 982 4223 plenariam
1004 4141 1178 4206 concedere
1200 4145 1233 4205 et
1246 4159 1330 4205 oom-

54 4257 147 4324 nitere
169 4261 389 4341 dignaremur,
413 4277 471 4321 uos
496 4257 530 4319 iu
546 4256 605 4321 hac
624 4261 716 4337 parte
739 4275 849 4320 eorum
872 4256 967 4320 iustis
991 4261 1023 4319 et
1046 4254 1226 4319 salubribus
1250 4254 1331 4334 peti·

50 4371 179 4438 tionibus
203 4372 376 4453 benignius
400 4374 577 4434 annuentes
600 4370 743 4449 regimou
771 4369 888 4450 prefati
911 4368 1079 4449 hospitalis
1103 4373 1136 4432 et
1157 4367 1330 4448 perfeccio-

38 4506 102 4554 nem
125 4487 292 4552 antedicta
317 4484 439 4566 capelle
461 4483 541 4564 ipsis
569 4481 772 4562 presentibus
803 4482 1039 4546 committimus.
1086 4481 1128 4545 Vt
1149 4485 1256 4546 autem
1279 4498 1330 4545 ca·

31 4603 112 4687 pella
135 4603 219 4684 ipsa,
251 4603 364 4664 nostro
394 4595 506 4660 adiuta
536 4592 698 4676 suffragio,
730 4596 900 4660 structuris
924 4599 956 4658 et
978 4593 1114 4660 edificiis
1144 4593 1329 4675 perficiatur
