3150 5378
689 474 764 523 toro.
1274 469 1358 535 1127

54 684 243 766 approbari,
267 682 449 748 confirmari
473 700 531 764 per
552 680 662 746 sedem
684 679 904 762 apostolicam.
929 680 1033 759 Quum
1048 678 1179 762 quidem
1200 697 1361 760 pronunc-

56 796 239 863 ciacionem
255 814 313 878 per
328 814 387 861 nos
402 794 507 874 modo,
531 812 594 875 quo
617 810 725 875 supra,
749 791 866 858 iactam
882 790 1003 858 domini
1021 790 1188 860 conradus
1203 794 1360 876 plebanus

58 912 95 977 in
113 911 246 994 Melyna
263 928 321 975 suo
337 913 370 974 et
385 926 443 974 sue
466 907 604 973 ecclesie
626 907 756 973 nomine
779 924 818 972 ex
841 923 913 984 vna,
938 910 970 970 et
993 904 1181 972 Leonardus
1204 906 1361 989 plebanus

56 1024 199 1089 ecclesie
221 1023 254 1089 in
278 1022 444 1105 Pnyeuicz
474 1040 512 1086 ac
542 1024 649 1087 rector
677 1037 762 1085 noue
793 1017 916 1099 capelle
947 1018 1031 1082 sacri
1060 1016 1212 1101 Corporis
1237 1018 1361 1087 Christi

57 1136 214 1202 similiter
235 1154 294 1201 suo
310 1139 343 1200 et
358 1135 444 1200 dicte
466 1151 525 1200 sue
548 1132 686 1200 ecclesie
707 1132 837 1197 nomine
853 1136 945 1212 parte
961 1149 999 1196 ex
1017 1132 1130 1213 altera,
1154 1135 1188 1199 in
1212 1133 1361 1199 omnibus

57 1250 134 1315 suis
157 1249 286 1331 punctis
310 1254 343 1313 et
365 1248 522 1314 clausulis
553 1247 828 1328 emologeuerunt,
850 1244 1076 1324 laudauerunt
1100 1246 1363 1329 approbauernnt

58 1363 231 1444 ipsamque
253 1366 366 1439 ratam,
397 1366 521 1441 gratam
544 1364 639 1441 atque
662 1356 786 1424 tirmam
807 1364 918 1423 tenere
940 1362 974 1422 et
995 1359 1228 1425 inviolabiliter
1251 1360 1360 1426 obser·

59 1495 142 1541 nare
164 1493 222 1557 per
236 1476 444 1556 sollempnem
461 1473 709 1555 stipulacionem
731 1473 885 1539 hincinde
907 1471 1025 1537 iactam
1048 1473 1279 1555 promiserunt.
1324 1473 1361 1538 ln

58 1605 201 1670 quorum
234 1589 375 1654 omniurn
407 1593 440 1652 et
470 1587 670 1669 singulorum
702 1584 797 1652 tidem
820 1590 853 1651 et
874 1587 1096 1652 testimonium
1119 1587 1362 1668 premissorum,

58 1703 167 1767 eciam
190 1700 231 1765 ad
248 1705 436 1783 perpetuam
450 1699 498 1764 rei
514 1699 702 1764 memoriam
723 1705 890 1780 presentes
914 1699 1042 1763 litteras
1066 1700 1138 1764 siue
1152 1700 1213 1765 hoc
1229 1717 1362 1782 presens

59 1814 231 1897 publicum
255 1816 504 1879 instrumentum
534 1818 678 1878 nostram
709 1812 1031 1894 pronuucciacionem
1060 1812 1246 1878 huiusmodi
1271 1814 1303 1878 in
1327 1830 1363 1878 ae

59 1930 267 1993 continentes
290 1945 347 1992 eeu
364 1928 533 1993 continens
549 1945 607 2007 per
622 1926 766 1992 notarios
783 1925 930 2007 publicos
954 1924 1179 2008 infrascriptos
1203 1923 1364 1992 subscribi

61 2048 96 2106 et
122 2041 279 2123 publicari
302 2041 529 2106 mandauimus
551 2039 721 2119 nostrique
742 2039 842 2119 sigilli
873 2057 995 2105 necnon
1027 2039 1208 2121 sigillorum
1237 2039 1365 2104 abbatia

60 2160 95 2219 et
120 2159 299 2218 conuentus
321 2153 509 2217 monasterii
534 2149 754 2216 Ozedlicensis
776 2158 809 2217 et
832 2153 954 2217 domini
978 2151 1105 2234 plebani
1131 2152 1270 2218 ecclesie
1293 2152 1364 2216 bla-

60 2267 210 2349 lynensis
233 2285 271 2331 ac
293 2267 398 2330 eciam
420 2266 599 2347 sigillorum
630 2265 870 2331 communitatis
901 2270 1125 2331 montanorum
1153 2283 1193 2331 ac
1214 2263 1365 2329 fraterni·

62 2381 146 2446 tatis
169 2385 202 2445 et
225 2379 346 2445 domini
371 2378 530 2443 menardi
554 2378 682 2461 plebani
713 2379 745 2443 in
770 2379 936 2460 Pnyeuicz
959 2378 1098 2461 predicti
1129 2377 1286 2443 iussimus
1308 2396 1366 2459 ap·

61 2493 222 2576 pensione
253 2492 452 2558 communiri.
492 2493 609 2557 Datum
643 2497 677 2557 et
704 2497 811 2557 actum
835 2492 937 2573 Prage
968 2493 1002 2557 in
1032 2490 1230 2557 monasterio
1260 2492 1365 2557 sancti

61 2606 180 2671 Jacobi
203 2604 326 2670 ordinis
349 2604 483 2669 fratrum
506 2607 666 2671 minorum
688 2605 722 2670 in
744 2606 888 2670 estuario
912 2605 1060 2672 interiori
1083 2605 1145 2671 sub
1168 2623 1252 2670 anno
1275 2622 1365 2669 ana·

61 2720 198 2786 tinitate
218 2719 343 2783 domiui
364 2720 535 2785 millesimo
552 2720 870 2802 quuadringeutesimo
886 2720 1020 2800 decimo,
1043 2720 1227 2785 indiccione
1251 2720 1364 2799 tercia,

64 2833 121 2899 dic
144 2833 308 2912 Mercurii,
332 2832 457 2897 decima
480 2839 572 2897 sexta
588 2834 710 2898 mensis
728 2834 861 2914 Aprilis,
886 2834 964 2899 bora
986 2834 1161 2899 terciarum
1186 2833 1237 2898 uel
1261 2833 1365 2914 quasi,

65 2944 274 3028 pontificatus
304 2945 503 3010 sanctissimi
537 2947 567 3010 in
598 2946 729 3010 Christo
760 2948 862 3026 patris
882 2952 916 3011 et
945 2947 1066 3013 domini
1098 2947 1213 3026 nostri,
1244 2945 1367 3010 domini

68 3059 243 3125 Alexandri
273 3060 386 3124 diuina
417 3060 627 3140 prouidencia
651 3078 733 3142 pape
764 3061 868 3142 quinti
898 3079 983 3125 anno
1015 3061 1129 3142 primo,
1161 3058 1366 3142 presentibus

68 3172 188 3238 ibidem
219 3171 317 3237 nobili
341 3171 470 3237 domiuo
494 3171 666 3239 Henczone
696 3172 737 3238 de
761 3174 885 3254 llonyn,
916 3174 1112 3253 consiliario,
1144 3191 1267 3239 necnon
1291 3191 1366 3252 pru·

67 3285 220 3351 dentibus
243 3287 322 3350 siris
346 3284 440 3351 llana
463 3286 715 3368 prothonotario,
748 3285 869 3351 Jacobo
894 3287 1067 3363 Praaensis
1094 3291 1128 3353 et
1150 3287 1254 3350 sancti
1279 3285 1366 3349 Petri

69 3397 346 3480 wissegradensis
369 3399 579 3463 ecclesiarum
602 3400 756 3465 canonico
781 3405 813 3461 et
835 3399 971 3480 plebano
994 3400 1131 3465 ecclesie
1152 3398 1367 3481 parrochialis

70 3513 102 3577 in
120 3511 270 3589 Werona,
294 3513 419 3577 notario
441 3531 577 3592 camere,
593 3518 626 3577 et
641 3513 819 3578 Tbeodrico
835 3513 922 3577 dicto
938 3512 1012 3592 Cro,
1028 3513 1206 3578 camerario
1230 3512 1368 3576 serenis-

68 3626 143 3690 simi
178 3626 335 3706 principis
358 3633 391 3690 et
421 3625 552 3700 domini,
584 3625 705 3691 ‹lomini
728 3626 910 3691 Wenceslai
943 3626 995 3691 dei
1019 3628 1128 3707 gracia
1151 3626 1367 3691 Romanorum

68 3744 102 3804 et
125 3738 279 3805 Bobemie
303 3739 401 3821 regis,
431 3737 635 3818 officialibus,
660 3738 800 3805 ilenrico
825 3738 961 3820 plebano
993 3738 1131 3805 ecclesie
1160 3739 1193 3803 in
1217 3738 1369 3815 Zeleticn,

68 3850 295 3919 Olomucenais
328 3853 479 3932 diocesis,
511 3872 549 3919 ac
572 3853 726 3918 canonico
745 3853 883 3918 ecclesie
907 3853 1126 3934 Oppoliensis,
1149 3851 1299 3918 Johanne
1322 3852 1368 3915 al·

67 3966 186 4031 tarista
208 3967 320 4031 altaris
353 3967 457 4031 sancti
480 3965 639 4031 leronimi
665 3967 697 4031 in
720 3984 806 4030 noua
835 3966 959 4047 capella
983 3966 1015 4030 in
1040 3965 1206 4031 Montibus
1230 3964 1369 4030 Cuthnis

68 4085 102 4145 et
136 4080 296 4161 magistro
326 4079 483 4145 Jacobino
516 4080 558 4144 de
581 4080 736 4159 lirnouia,
770 4080 929 4145 ouluocato
963 4079 1149 4145 consistorii
1186 4077 1369 4159 Progensia

66 4194 157 4260 dicte
171 4193 349 4276 Prapensis
369 4194 528 4277 dyocesis,
551 4193 690 4260 testibus
712 4192 776 4259 tide
798 4194 906 4274 ilignis
930 4194 969 4257 ad
987 4194 1128 4275 premisa
1151 4193 1274 4258 vocatis
1298 4209 1370 4272 spe·

65 4307 198 4374 cialiter
220 4311 254 4372 et
278 4307 410 4387 uocatis.
447 4307 490 4372 Et
510 4325 571 4388 ego
594 4305 691 4387 (intr,
723 4311 819 4371 natus
841 4305 1002 4387 quibudam
1025 4306 1193 4371 Benedicti
1217 4303 1308 4370 Hocb
1331 4304 1372 4368 de

66 4420 234 4503 Miliczyu,
251 4420 426 4502 Pragensis
449 4420 601 4499 diocesis,
625 4419 773 4502 publicus
795 4420 974 4501 apostolica
990 4425 1023 4484 et
1045 4419 1206 4500 imperiali
1230 4417 1370 4483 auctori-

63 4532 192 4601 tatibus
223 4552 345 4600 necnon
378 4534 512 4615 capituli
544 4532 681 4598 ecclesie
702 4532 876 4611 Prusensis
894 4532 1024 4613 juratus
1047 4533 1202 4612 notarius,
1231 4550 1371 4613 pronun-

62 4647 219 4727 ciacioni,
241 4647 487 4729 emologacioni,
510 4643 722 4711 ratificacioni
745 4650 779 4710 et
800 4644 1028 4726 approbacioni
1058 4646 1273 4726 omnibusque
1294 4646 1371 4711 aliia
