<?xml version="1.0" encoding="UTF-8"?>
<!DOCTYPE html PUBLIC "-//W3C//DTD XHTML 1.0 Transitional//EN"
    "http://www.w3.org/TR/xhtml1/DTD/xhtml1-transitional.dtd">
<html xmlns="http://www.w3.org/1999/xhtml" xml:lang="en" lang="en">
 <head>
  <title>
</title>
<meta http-equiv="Content-Type" content="text/html;charset=utf-8" />
  <meta name='ocr-system' content='tesseract 3.04.00' />
  <meta name='ocr-capabilities' content='ocr_page ocr_carea ocr_par ocr_line ocrx_word'/>
</head>
<body>
  <div class='ocr_page' id='page_1' title='image "./sbrkapramenprva01kingoog/sbrkapramenprva01kingoog_0526.png"; bbox 0 0 3098 5392; ppageno 0'>
   <div class='ocr_carea' id='block_1_1' title="bbox 132 434 831 503">
    <p class='ocr_par' dir='ltr' id='par_1_1' title="bbox 132 434 831 503">
     <span class='ocr_line' id='line_1_1' title="bbox 132 434 831 503; baseline -0.004 -17"><span class='ocrx_word' id='word_1_1' title='bbox 132 437 199 503; x_wconf 79' lang='lat'>490</span> <span class='ocrx_word' id='word_1_2' title='bbox 755 434 831 484; x_wconf 80' lang='lat' dir='ltr'>roos.</span> 
     </span>
    </p>
   </div>
   <div class='ocr_carea' id='block_1_2' title="bbox 131 656 1416 3003">
    <p class='ocr_par' dir='ltr' id='par_1_2' title="bbox 131 656 1416 3003">
     <span class='ocr_line' id='line_1_2' title="bbox 132 656 1407 744; baseline 0 -19"><span class='ocrx_word' id='word_1_3' title='bbox 132 660 298 744; x_wconf 86' lang='lat' dir='ltr'>perpetuis</span> <span class='ocrx_word' id='word_1_4' title='bbox 320 657 518 740; x_wconf 82' lang='lat' dir='ltr'>temporibus</span> <span class='ocrx_word' id='word_1_5' title='bbox 534 664 567 723; x_wconf 89' lang='lat' dir='ltr'>et</span> <span class='ocrx_word' id='word_1_6' title='bbox 585 659 679 724; x_wconf 86' lang='lat' dir='ltr'>rnire</span> <span class='ocrx_word' id='word_1_7' title='bbox 693 659 872 741; x_wconf 84' lang='lat' dir='ltr'>graciosius</span> <span class='ocrx_word' id='word_1_8' title='bbox 887 658 1105 740; x_wconf 81' lang='lat' dir='ltr'>dignaremur.</span> <span class='ocrx_word' id='word_1_9' title='bbox 1128 657 1199 723; x_wconf 88' lang='lat' dir='ltr'>Nos</span> <span class='ocrx_word' id='word_1_10' title='bbox 1222 656 1407 725; x_wconf 81' lang='lat' dir='ltr'>attendentes.</span> 
     </span>
     <span class='ocr_line' id='line_1_3' title="bbox 132 768 1409 856; baseline -0.007 -16"><span class='ocrx_word' id='word_1_11' title='bbox 132 774 219 856; x_wconf 88' lang='lat' dir='ltr'>quod</span> <span class='ocrx_word' id='word_1_12' title='bbox 248 773 341 839; x_wconf 84' lang='lat' dir='ltr'>decet</span> <span class='ocrx_word' id='word_1_13' title='bbox 370 771 554 855; x_wconf 82' lang='lat' dir='ltr'>principum</span> <span class='ocrx_word' id='word_1_14' title='bbox 577 770 784 837; x_wconf 90' lang='lat' dir='ltr'>clemenciam</span> <span class='ocrx_word' id='word_1_15' title='bbox 807 775 884 835; x_wconf 89' lang='lat' dir='ltr'>uota</span> <span class='ocrx_word' id='word_1_16' title='bbox 906 770 1110 836; x_wconf 87' lang='lat' dir='ltr'>subditorum</span> <span class='ocrx_word' id='word_1_17' title='bbox 1130 768 1279 836; x_wconf 87' lang='lat' dir='ltr'>fidelium</span> <span class='ocrx_word' id='word_1_18' title='bbox 1300 771 1409 836; x_wconf 88' lang='lat' dir='ltr'>clemen·</span> 
     </span>
     <span class='ocr_line' id='line_1_4' title="bbox 132 882 1409 968; baseline -0.003 -16"><span class='ocrx_word' id='word_1_19' title='bbox 132 892 183 952; x_wconf 85' lang='lat' dir='ltr'>ter</span> <span class='ocrx_word' id='word_1_20' title='bbox 212 885 384 951; x_wconf 87' lang='lat' dir='ltr'>admittere</span> <span class='ocrx_word' id='word_1_21' title='bbox 415 890 448 949; x_wconf 88' lang='lat' dir='ltr'>et</span> <span class='ocrx_word' id='word_1_22' title='bbox 477 903 532 950; x_wconf 91' lang='lat' dir='ltr'>eos</span> <span class='ocrx_word' id='word_1_23' title='bbox 555 885 588 949; x_wconf 95' lang='lat' dir='ltr'>in</span> <span class='ocrx_word' id='word_1_24' title='bbox 613 885 755 967; x_wconf 90' lang='lat' dir='ltr'>ipsorum</span> <span class='ocrx_word' id='word_1_25' title='bbox 778 882 1051 968; x_wconf 72' lang='lat' dir='ltr'>oportunitatibus</span> <span class='ocrx_word' id='word_1_26' title='bbox 1074 882 1252 966; x_wconf 83' lang='lat' dir='ltr'>benignius</span> <span class='ocrx_word' id='word_1_27' title='bbox 1275 883 1409 959; x_wconf 75' lang='lat' dir='ltr'>exaudire,</span> 
     </span>
     <span class='ocr_line' id='line_1_5' title="bbox 134 995 1409 1081; baseline -0.004 -16"><span class='ocrx_word' id='word_1_28' title='bbox 134 999 294 1066; x_wconf 90' lang='lat' dir='ltr'>dictorum</span> <span class='ocrx_word' id='word_1_29' title='bbox 315 999 424 1081; x_wconf 80' lang='lat' dir='ltr'>itaque</span> <span class='ocrx_word' id='word_1_30' title='bbox 447 997 680 1081; x_wconf 84' lang='lat' dir='ltr'>oppidanorum</span> <span class='ocrx_word' id='word_1_31' title='bbox 702 995 918 1079; x_wconf 89' lang='lat' dir='ltr'>peticionibus</span> <span class='ocrx_word' id='word_1_32' title='bbox 951 995 1177 1063; x_wconf 85' lang='lat' dir='ltr'>fauorabiliter</span> <span class='ocrx_word' id='word_1_33' title='bbox 1198 997 1352 1076; x_wconf 69' lang='lat' dir='ltr'>inclinati,</span> <span class='ocrx_word' id='word_1_34' title='bbox 1372 996 1409 1061; x_wconf 89' lang='lat' dir='ltr'>do·</span> 
     </span>
     <span class='ocr_line' id='line_1_6' title="bbox 132 1109 1408 1194; baseline -0.002 -17"><span class='ocrx_word' id='word_1_35' title='bbox 132 1131 219 1177; x_wconf 91' lang='lat' dir='ltr'>mum</span> <span class='ocrx_word' id='word_1_36' title='bbox 242 1112 430 1194; x_wconf 87' lang='lat' dir='ltr'>predictam,</span> <span class='ocrx_word' id='word_1_37' title='bbox 453 1109 614 1176; x_wconf 86' lang='lat' dir='ltr'>keushans</span> <span class='ocrx_word' id='word_1_38' title='bbox 637 1111 800 1192; x_wconf 76' lang='lat' dir='ltr'>vulgariter</span> <span class='ocrx_word' id='word_1_39' title='bbox 825 1113 1052 1192; x_wconf 89' lang='lat' dir='ltr'>nuncupatam,</span> <span class='ocrx_word' id='word_1_40' title='bbox 1077 1111 1141 1193; x_wconf 89' lang='lat' dir='ltr'>ipsi</span> <span class='ocrx_word' id='word_1_41' title='bbox 1166 1110 1286 1193; x_wconf 93' lang='lat' dir='ltr'>oppido</span> <span class='ocrx_word' id='word_1_42' title='bbox 1307 1110 1408 1188; x_wconf 89' lang='lat' dir='ltr'>damu,</span> 
     </span>
     <span class='ocr_line' id='line_1_7' title="bbox 133 1222 1406 1308; baseline -0.002 -18"><span class='ocrx_word' id='word_1_43' title='bbox 133 1225 378 1308; x_wconf 83' lang='lat' dir='ltr'>appropriamus</span> <span class='ocrx_word' id='word_1_44' title='bbox 400 1229 433 1289; x_wconf 88' lang='lat' dir='ltr'>et</span> <span class='ocrx_word' id='word_1_45' title='bbox 455 1225 620 1305; x_wconf 89' lang='lat' dir='ltr'>perpetuis</span> <span class='ocrx_word' id='word_1_46' title='bbox 642 1222 841 1306; x_wconf 88' lang='lat' dir='ltr'>temporibus</span> <span class='ocrx_word' id='word_1_47' title='bbox 863 1223 1008 1288; x_wconf 88' lang='lat' dir='ltr'>decerta</span> <span class='ocrx_word' id='word_1_48' title='bbox 1030 1227 1143 1288; x_wconf 87' lang='lat' dir='ltr'>nostra</span> <span class='ocrx_word' id='word_1_49' title='bbox 1166 1224 1309 1290; x_wconf 84' lang='lat' dir='ltr'>sciencia</span> <span class='ocrx_word' id='word_1_50' title='bbox 1328 1224 1406 1306; x_wconf 86' lang='lat' dir='ltr'>appii·</span> 
     </span>
     <span class='ocr_line' id='line_1_8' title="bbox 134 1335 1408 1419; baseline -0.004 -15"><span class='ocrx_word' id='word_1_51' title='bbox 134 1357 254 1415; x_wconf 83' lang='lat' dir='ltr'>camus,</span> <span class='ocrx_word' id='word_1_52' title='bbox 285 1338 495 1403; x_wconf 82' lang='lat' dir='ltr'>decernentes</span> <span class='ocrx_word' id='word_1_53' title='bbox 527 1337 701 1402; x_wconf 81' lang='lat' dir='ltr'>autoritate</span> <span class='ocrx_word' id='word_1_54' title='bbox 724 1337 927 1418; x_wconf 90' lang='lat' dir='ltr'>presencium</span> <span class='ocrx_word' id='word_1_55' title='bbox 950 1342 983 1401; x_wconf 86' lang='lat' dir='ltr'>et</span> <span class='ocrx_word' id='word_1_56' title='bbox 1004 1336 1161 1416; x_wconf 86' lang='lat' dir='ltr'>volentes,</span> <span class='ocrx_word' id='word_1_57' title='bbox 1185 1342 1222 1401; x_wconf 86' lang='lat' dir='ltr'>vt</span> <span class='ocrx_word' id='word_1_58' title='bbox 1243 1337 1321 1403; x_wconf 87' lang='lat' dir='ltr'>dicti</span> <span class='ocrx_word' id='word_1_59' title='bbox 1340 1335 1408 1419; x_wconf 92' lang='lat' dir='ltr'>oppi-</span> 
     </span>
     <span class='ocr_line' id='line_1_9' title="bbox 134 1448 1407 1534; baseline -0.003 -18"><span class='ocrx_word' id='word_1_60' title='bbox 134 1452 211 1516; x_wconf 92' lang='lat' dir='ltr'>dani</span> <span class='ocrx_word' id='word_1_61' title='bbox 242 1450 362 1517; x_wconf 89' lang='lat' dir='ltr'>dictam</span> <span class='ocrx_word' id='word_1_62' title='bbox 391 1449 521 1516; x_wconf 90' lang='lat' dir='ltr'>domurn</span> <span class='ocrx_word' id='word_1_63' title='bbox 549 1469 607 1531; x_wconf 93' lang='lat' dir='ltr'>pro</span> <span class='ocrx_word' id='word_1_64' title='bbox 642 1448 792 1516; x_wconf 90' lang='lat' dir='ltr'>censibus</span> <span class='ocrx_word' id='word_1_65' title='bbox 815 1468 873 1514; x_wconf 90' lang='lat' dir='ltr'>seu</span> <span class='ocrx_word' id='word_1_66' title='bbox 896 1450 972 1514; x_wconf 84' lang='lat' dir='ltr'>eliis</span> <span class='ocrx_word' id='word_1_67' title='bbox 995 1448 1253 1517; x_wconf 88' lang='lat' dir='ltr'>obuencionibus</span> <span class='ocrx_word' id='word_1_68' title='bbox 1276 1466 1407 1534; x_wconf 84' lang='lat' dir='ltr'>exponere</span> 
     </span>
     <span class='ocr_line' id='line_1_10' title="bbox 135 1561 1405 1646; baseline -0.004 -16"><span class='ocrx_word' id='word_1_69' title='bbox 135 1571 168 1630; x_wconf 86' lang='lat' dir='ltr'>et</span> <span class='ocrx_word' id='word_1_70' title='bbox 190 1582 306 1630; x_wconf 89' lang='lat' dir='ltr'>census</span> <span class='ocrx_word' id='word_1_71' title='bbox 329 1582 368 1629; x_wconf 90' lang='lat' dir='ltr'>ac</span> <span class='ocrx_word' id='word_1_72' title='bbox 390 1562 604 1628; x_wconf 91' lang='lat' dir='ltr'>obuenciones</span> <span class='ocrx_word' id='word_1_73' title='bbox 627 1561 810 1627; x_wconf 91' lang='lat' dir='ltr'>huiusmodi</span> <span class='ocrx_word' id='word_1_74' title='bbox 843 1562 876 1626; x_wconf 94' lang='lat' dir='ltr'>in</span> <span class='ocrx_word' id='word_1_75' title='bbox 899 1562 1070 1628; x_wconf 71' lang='lat' dir='ltr'>utilitatem</span> <span class='ocrx_word' id='word_1_76' title='bbox 1093 1561 1200 1643; x_wconf 90' lang='lat' dir='ltr'>ipsius</span> <span class='ocrx_word' id='word_1_77' title='bbox 1224 1562 1332 1646; x_wconf 92' lang='lat' dir='ltr'>oppidi</span> <span class='ocrx_word' id='word_1_78' title='bbox 1352 1581 1405 1628; x_wconf 89' lang='lat' dir='ltr'>con·</span> 
     </span>
     <span class='ocr_line' id='line_1_11' title="bbox 136 1673 1406 1759; baseline -0.004 -17"><span class='ocrx_word' id='word_1_79' title='bbox 136 1683 264 1744; x_wconf 89' lang='lat' dir='ltr'>uertere</span> <span class='ocrx_word' id='word_1_80' title='bbox 294 1677 421 1759; x_wconf 88' lang='lat' dir='ltr'>possint</span> <span class='ocrx_word' id='word_1_81' title='bbox 451 1681 484 1740; x_wconf 91' lang='lat' dir='ltr'>et</span> <span class='ocrx_word' id='word_1_82' title='bbox 512 1675 641 1740; x_wconf 86' lang='lat' dir='ltr'>valeant</span> <span class='ocrx_word' id='word_1_83' title='bbox 667 1678 832 1758; x_wconf 90' lang='lat' dir='ltr'>perpetuo,</span> <span class='ocrx_word' id='word_1_84' title='bbox 856 1678 952 1756; x_wconf 87' lang='lat' dir='ltr'>prout</span> <span class='ocrx_word' id='word_1_85' title='bbox 973 1673 1055 1756; x_wconf 92' lang='lat' dir='ltr'>ipsis</span> <span class='ocrx_word' id='word_1_86' title='bbox 1077 1691 1137 1756; x_wconf 88' lang='lat' dir='ltr'>pro</span> <span class='ocrx_word' id='word_1_87' title='bbox 1159 1675 1325 1741; x_wconf 91' lang='lat' dir='ltr'>commodo</span> <span class='ocrx_word' id='word_1_88' title='bbox 1344 1676 1406 1739; x_wconf 89' lang='lat' dir='ltr'>eius·</span> 
     </span>
     <span class='ocr_line' id='line_1_12' title="bbox 132 1786 1405 1874; baseline -0.004 -18"><span class='ocrx_word' id='word_1_89' title='bbox 132 1791 205 1856; x_wconf 88' lang='lat' dir='ltr'>dem</span> <span class='ocrx_word' id='word_1_90' title='bbox 236 1790 346 1874; x_wconf 92' lang='lat' dir='ltr'>oppidi</span> <span class='ocrx_word' id='word_1_91' title='bbox 377 1789 492 1855; x_wconf 90' lang='lat' dir='ltr'>melius</span> <span class='ocrx_word' id='word_1_92' title='bbox 522 1793 555 1853; x_wconf 89' lang='lat' dir='ltr'>et</span> <span class='ocrx_word' id='word_1_93' title='bbox 581 1787 779 1854; x_wconf 83' lang='lat' dir='ltr'>fructuosius</span> <span class='ocrx_word' id='word_1_94' title='bbox 803 1786 908 1852; x_wconf 83' lang='lat' dir='ltr'>risum</span> <span class='ocrx_word' id='word_1_95' title='bbox 931 1786 1031 1852; x_wconf 86' lang='lat' dir='ltr'>fuerit</span> <span class='ocrx_word' id='word_1_96' title='bbox 1052 1787 1220 1869; x_wconf 82' lang='lat' dir='ltr'>expedire,</span> <span class='ocrx_word' id='word_1_97' title='bbox 1243 1788 1405 1853; x_wconf 80' lang='lat' dir='ltr'>mandantes</span> 
     </span>
     <span class='ocr_line' id='line_1_13' title="bbox 133 1897 1406 1984; baseline -0.002 -15"><span class='ocrx_word' id='word_1_98' title='bbox 133 1903 319 1984; x_wconf 82' lang='lat' dir='ltr'>camerario,</span> <span class='ocrx_word' id='word_1_99' title='bbox 351 1901 588 1969; x_wconf 84' lang='lat' dir='ltr'>subcamerario</span> <span class='ocrx_word' id='word_1_100' title='bbox 619 1901 799 1983; x_wconf 88' lang='lat' dir='ltr'>ceterisque</span> <span class='ocrx_word' id='word_1_101' title='bbox 830 1899 981 1966; x_wconf 87' lang='lat' dir='ltr'>officiatis</span> <span class='ocrx_word' id='word_1_102' title='bbox 1004 1905 1037 1966; x_wconf 90' lang='lat' dir='ltr'>et</span> <span class='ocrx_word' id='word_1_103' title='bbox 1058 1897 1210 1966; x_wconf 86' lang='lat' dir='ltr'>fidelibus</span> <span class='ocrx_word' id='word_1_104' title='bbox 1234 1901 1349 1968; x_wconf 86' lang='lat' dir='ltr'>nostris</span> <span class='ocrx_word' id='word_1_105' title='bbox 1367 1915 1406 1982; x_wconf 77' lang='lat' dir='ltr'>per</span> 
     </span>
     <span class='ocr_line' id='line_1_14' title="bbox 133 2012 1404 2098; baseline -0.005 -17"><span class='ocrx_word' id='word_1_106' title='bbox 133 2017 309 2095; x_wconf 89' lang='lat' dir='ltr'>Boemiem,</span> <span class='ocrx_word' id='word_1_107' title='bbox 334 2016 389 2098; x_wconf 89' lang='lat' dir='ltr'>qni</span> <span class='ocrx_word' id='word_1_108' title='bbox 413 2035 497 2082; x_wconf 91' lang='lat' dir='ltr'>nunc</span> <span class='ocrx_word' id='word_1_109' title='bbox 520 2019 596 2080; x_wconf 87' lang='lat' dir='ltr'>sunt</span> <span class='ocrx_word' id='word_1_110' title='bbox 609 2020 666 2079; x_wconf 89' lang='lat' dir='ltr'>eut</span> <span class='ocrx_word' id='word_1_111' title='bbox 687 2019 782 2080; x_wconf 91' lang='lat' dir='ltr'>erunt</span> <span class='ocrx_word' id='word_1_112' title='bbox 803 2033 860 2096; x_wconf 90' lang='lat' dir='ltr'>pro</span> <span class='ocrx_word' id='word_1_113' title='bbox 883 2019 1037 2095; x_wconf 92' lang='lat' dir='ltr'>tempore,</span> <span class='ocrx_word' id='word_1_114' title='bbox 1059 2012 1198 2080; x_wconf 89' lang='lat' dir='ltr'>firmiter</span> <span class='ocrx_word' id='word_1_115' title='bbox 1221 2020 1255 2080; x_wconf 93' lang='lat' dir='ltr'>et</span> <span class='ocrx_word' id='word_1_116' title='bbox 1276 2015 1404 2088; x_wconf 85' lang='lat' dir='ltr'>districte,</span> 
     </span>
     <span class='ocr_line' id='line_1_15' title="bbox 131 2125 1402 2213; baseline -0.006 -19"><span class='ocrx_word' id='word_1_117' title='bbox 131 2135 290 2213; x_wconf 83' lang='lat' dir='ltr'>quatenus</span> <span class='ocrx_word' id='word_1_118' title='bbox 303 2130 465 2212; x_wconf 87' lang='lat' dir='ltr'>predictos</span> <span class='ocrx_word' id='word_1_119' title='bbox 481 2129 660 2211; x_wconf 86' lang='lat' dir='ltr'>oppidanos</span> <span class='ocrx_word' id='word_1_120' title='bbox 675 2129 709 2192; x_wconf 96' lang='lat' dir='ltr'>in</span> <span class='ocrx_word' id='word_1_121' title='bbox 725 2128 785 2193; x_wconf 92' lang='lat' dir='ltr'>bac</span> <span class='ocrx_word' id='word_1_122' title='bbox 800 2133 909 2193; x_wconf 91' lang='lat' dir='ltr'>nostre</span> <span class='ocrx_word' id='word_1_123' title='bbox 924 2127 1123 2209; x_wconf 85' lang='lat' dir='ltr'>donacionis,</span> <span class='ocrx_word' id='word_1_124' title='bbox 1139 2125 1402 2211; x_wconf 86' lang='lat' dir='ltr'>opproprinoionis,</span> 
     </span>
     <span class='ocr_line' id='line_1_16' title="bbox 133 2235 1401 2326; baseline -0.005 -18"><span class='ocrx_word' id='word_1_125' title='bbox 133 2243 260 2308; x_wconf 83' lang='lat' dir='ltr'>vnionis</span> <span class='ocrx_word' id='word_1_126' title='bbox 291 2249 323 2307; x_wconf 92' lang='lat' dir='ltr'>et</span> <span class='ocrx_word' id='word_1_127' title='bbox 352 2242 583 2326; x_wconf 83' lang='lat' dir='ltr'>applicscionis</span> <span class='ocrx_word' id='word_1_128' title='bbox 607 2242 716 2323; x_wconf 84' lang='lat' dir='ltr'>gracia</span> <span class='ocrx_word' id='word_1_129' title='bbox 738 2260 801 2305; x_wconf 92' lang='lat' dir='ltr'>non</span> <span class='ocrx_word' id='word_1_130' title='bbox 825 2241 1011 2324; x_wconf 87' lang='lat' dir='ltr'>impediant,</span> <span class='ocrx_word' id='word_1_131' title='bbox 1034 2241 1157 2307; x_wconf 83' lang='lat' dir='ltr'>neceb</span> <span class='ocrx_word' id='word_1_132' title='bbox 1180 2241 1257 2306; x_wconf 83' lang='lat' dir='ltr'>aliis</span> <span class='ocrx_word' id='word_1_133' title='bbox 1280 2235 1401 2323; x_wconf 87' lang='lat' dir='ltr'>impediri</span> 
     </span>
     <span class='ocr_line' id='line_1_17' title="bbox 133 2353 1402 2439; baseline -0.006 -18"><span class='ocrx_word' id='word_1_134' title='bbox 133 2356 329 2439; x_wconf 83' lang='lat' dir='ltr'>permittant,</span> <span class='ocrx_word' id='word_1_135' title='bbox 361 2374 470 2421; x_wconf 83' lang='lat' dir='ltr'>verum</span> <span class='ocrx_word' id='word_1_136' title='bbox 501 2373 555 2421; x_wconf 90' lang='lat' dir='ltr'>eos</span> <span class='ocrx_word' id='word_1_137' title='bbox 578 2355 612 2420; x_wconf 96' lang='lat' dir='ltr'>in</span> <span class='ocrx_word' id='word_1_138' title='bbox 635 2373 675 2419; x_wconf 90' lang='lat' dir='ltr'>ea</span> <span class='ocrx_word' id='word_1_139' title='bbox 696 2358 934 2433; x_wconf 85' lang='lat' dir='ltr'>manuteneant,</span> <span class='ocrx_word' id='word_1_140' title='bbox 958 2359 1128 2437; x_wconf 81' lang='lat' dir='ltr'>protegent</span> <span class='ocrx_word' id='word_1_141' title='bbox 1151 2354 1366 2421; x_wconf 83' lang='lat' dir='ltr'>fauorabiliter</span> <span class='ocrx_word' id='word_1_142' title='bbox 1381 2353 1402 2414; x_wconf 88' lang='lat' dir='ltr'>et</span> 
     </span>
     <span class='ocr_line' id='line_1_18' title="bbox 133 2445 1416 2551; baseline -0.005 -17"><span class='ocrx_word' id='word_1_143' title='bbox 133 2474 331 2549; x_wconf 86' lang='lat' dir='ltr'>conseruent,</span> <span class='ocrx_word' id='word_1_144' title='bbox 363 2468 559 2535; x_wconf 88' lang='lat' dir='ltr'>eontrarium</span> <span class='ocrx_word' id='word_1_145' title='bbox 590 2466 746 2533; x_wconf 86' lang='lat' dir='ltr'>facientes</span> <span class='ocrx_word' id='word_1_146' title='bbox 778 2467 1037 2549; x_wconf 83' lang='lat' dir='ltr'>indignacionem</span> <span class='ocrx_word' id='word_1_147' title='bbox 1070 2445 1217 2533; x_wconf 83' lang='lat' dir='ltr'>nostrum</span> <span class='ocrx_word' id='word_1_148' title='bbox 1239 2486 1361 2551; x_wconf 83' lang='lat' dir='ltr'>grauem</span> <span class='ocrx_word' id='word_1_149' title='bbox 1377 2480 1416 2550; x_wconf 74' lang='lat' dir='ltr'>se3</span> 
     </span>
     <span class='ocr_line' id='line_1_19' title="bbox 133 2577 1400 2664; baseline -0.005 -18"><span class='ocrx_word' id='word_1_150' title='bbox 133 2583 283 2648; x_wconf 90' lang='lat' dir='ltr'>nouerint</span> <span class='ocrx_word' id='word_1_151' title='bbox 312 2583 508 2647; x_wconf 89' lang='lat' dir='ltr'>incursuros.</span> <span class='ocrx_word' id='word_1_152' title='bbox 555 2579 677 2645; x_wconf 89' lang='lat' dir='ltr'>Harum</span> <span class='ocrx_word' id='word_1_153' title='bbox 700 2586 882 2646; x_wconf 82' lang='lat' dir='ltr'>nostrarum</span> <span class='ocrx_word' id='word_1_154' title='bbox 903 2580 1089 2646; x_wconf 86' lang='lat' dir='ltr'>testimonio</span> <span class='ocrx_word' id='word_1_155' title='bbox 1110 2580 1290 2660; x_wconf 83' lang='lat' dir='ltr'>literarum,</span> <span class='ocrx_word' id='word_1_156' title='bbox 1311 2577 1400 2664; x_wconf 82' lang='lat' dir='ltr'>quibus</span> 
     </span>
     <span class='ocr_line' id='line_1_20' title="bbox 132 2688 1399 2776; baseline -0.006 -16"><span class='ocrx_word' id='word_1_157' title='bbox 132 2701 242 2762; x_wconf 90' lang='lat' dir='ltr'>nostre</span> <span class='ocrx_word' id='word_1_158' title='bbox 263 2694 443 2760; x_wconf 87' lang='lat' dir='ltr'>maiestatis</span> <span class='ocrx_word' id='word_1_159' title='bbox 467 2694 609 2774; x_wconf 76' lang='lat' dir='ltr'>sigillum</span> <span class='ocrx_word' id='word_1_160' title='bbox 633 2693 780 2758; x_wconf 89' lang='lat' dir='ltr'>ducimus</span> <span class='ocrx_word' id='word_1_161' title='bbox 803 2693 1057 2775; x_wconf 89' lang='lat' dir='ltr'>appendendum.</span> <span class='ocrx_word' id='word_1_162' title='bbox 1100 2693 1224 2760; x_wconf 82' lang='lat' dir='ltr'>Datum</span> <span class='ocrx_word' id='word_1_163' title='bbox 1245 2695 1280 2759; x_wconf 95' lang='lat' dir='ltr'>in</span> <span class='ocrx_word' id='word_1_164' title='bbox 1301 2688 1399 2776; x_wconf 76' lang='lat' dir='ltr'>Pyenis</span> 
     </span>
     <span class='ocr_line' id='line_1_21' title="bbox 131 2805 1398 2888; baseline -0.009 -14"><span class='ocrx_word' id='word_1_165' title='bbox 131 2827 215 2874; x_wconf 83' lang='lat' dir='ltr'>anno</span> <span class='ocrx_word' id='word_1_166' title='bbox 227 2808 347 2874; x_wconf 92' lang='lat' dir='ltr'>domini</span> <span class='ocrx_word' id='word_1_167' title='bbox 364 2807 534 2872; x_wconf 88' lang='lat' dir='ltr'>millesimo</span> <span class='ocrx_word' id='word_1_168' title='bbox 553 2807 778 2871; x_wconf 88' lang='lat' dir='ltr'>trecentesimo</span> <span class='ocrx_word' id='word_1_169' title='bbox 793 2805 1060 2888; x_wconf 81' lang='lat' dir='ltr'>quinquagesimo</span> <span class='ocrx_word' id='word_1_170' title='bbox 1079 2807 1232 2887; x_wconf 88' lang='lat' dir='ltr'>secundo,</span> <span class='ocrx_word' id='word_1_171' title='bbox 1248 2805 1398 2873; x_wconf 81' lang='lat' dir='ltr'>indiccione</span> 
     </span>
     <span class='ocr_line' id='line_1_22' title="bbox 132 2918 1396 3003; baseline -0.008 -17"><span class='ocrx_word' id='word_1_172' title='bbox 132 2923 254 3003; x_wconf 87' lang='lat' dir='ltr'>quinta,</span> <span class='ocrx_word' id='word_1_173' title='bbox 288 2921 349 2985; x_wconf 86' lang='grc' dir='ltr'>ΧΠ</span> <span class='ocrx_word' id='word_1_174' title='bbox 372 2919 526 2984; x_wconf 78' lang='lat' dir='ltr'>kalendas</span> <span class='ocrx_word' id='word_1_175' title='bbox 549 2918 745 2999; x_wconf 83' lang='lat' dir='ltr'>Decembris,</span> <span class='ocrx_word' id='word_1_176' title='bbox 769 2937 941 3000; x_wconf 80' lang='lat' dir='ltr'>regnorum</span> <span class='ocrx_word' id='word_1_177' title='bbox 963 2924 1147 2985; x_wconf 90' lang='lat' dir='ltr'>nostrorum</span> <span class='ocrx_word' id='word_1_178' title='bbox 1173 2939 1259 2986; x_wconf 88' lang='lat' dir='ltr'>anno</span> <span class='ocrx_word' id='word_1_179' title='bbox 1281 2918 1396 3001; x_wconf 89' lang='lat' dir='ltr'>septimo.</span> 
     </span>
    </p>
   </div>
   <div class='ocr_carea' id='block_1_3' title="bbox 753 3073 1367 3272">
    <p class='ocr_par' dir='ltr' id='par_1_3' title="bbox 753 3073 1367 3272">
     <span class='ocr_line' id='line_1_23' title="bbox 753 3073 1367 3158; baseline -0.002 -19"><span class='ocrx_word' id='word_1_180' title='bbox 753 3073 817 3156; x_wconf 87' lang='lat' dir='ltr'>[Na</span> <span class='ocrx_word' id='word_1_181' title='bbox 839 3073 954 3158; x_wconf 92' lang='lat' dir='ltr'>obbn:]</span> <span class='ocrx_word' id='word_1_182' title='bbox 976 3076 1038 3142; x_wconf 92' lang='lat' dir='ltr'>Per</span> <span class='ocrx_word' id='word_1_183' title='bbox 1059 3073 1254 3158; x_wconf 91' lang='lat' dir='ltr'>d[ominum]</span> <span class='ocrx_word' id='word_1_184' title='bbox 1275 3091 1367 3158; x_wconf 83' lang='lat' dir='ltr'>regern</span> 
     </span>
     <span class='ocr_line' id='line_1_24' title="bbox 1009 3187 1332 3272; baseline -0.003 -18"><span class='ocrx_word' id='word_1_185' title='bbox 1009 3187 1152 3272; x_wconf 85' lang='lat' dir='ltr'>P[etrus]</span> <span class='ocrx_word' id='word_1_186' title='bbox 1175 3190 1218 3255; x_wconf 91' lang='lat' dir='ltr'>de</span> <span class='ocrx_word' id='word_1_187' title='bbox 1239 3190 1332 3256; x_wconf 91' lang='lat' dir='ltr'>Luna.</span> 
     </span>
    </p>
   </div>
   <div class='ocr_carea' id='block_1_4' title="bbox 130 3359 1395 3512">
    <p class='ocr_par' dir='ltr' id='par_1_4' title="bbox 130 3359 1395 3512">
     <span class='ocr_line' id='line_1_25' title="bbox 233 3359 1395 3431; baseline -0.003 -15"><span class='ocrx_word' id='word_1_188' title='bbox 233 3363 305 3431; x_wconf 82' lang='lat' dir='ltr'>Orig.</span> <span class='ocrx_word' id='word_1_189' title='bbox 336 3378 410 3431; x_wconf 84' lang='lat' dir='ltr'>pcrg.</span> <span class='ocrx_word' id='word_1_190' title='bbox 441 3360 587 3415; x_wconf 84' lang='lat' dir='ltr'>rsrcbivu</span> <span class='ocrx_word' id='word_1_191' title='bbox 618 3361 706 3414; x_wconf 75' lang='lat' dir='ltr'>mesta</span> <span class='ocrx_word' id='word_1_192' title='bbox 735 3359 859 3414; x_wconf 80' lang='lat' dir='ltr'>Vodirsn.</span> <span class='ocrx_word' id='word_1_193' title='bbox 902 3360 1037 3415; x_wconf 83' lang='lat' dir='ltr'>Svelkou</span> <span class='ocrx_word' id='word_1_194' title='bbox 1068 3360 1159 3430; x_wconf 79' lang='lat' dir='ltr'>pedeti</span> <span class='ocrx_word' id='word_1_195' title='bbox 1189 3362 1347 3416; x_wconf 75' lang='lat' dir='ltr'>krtlovskou</span> <span class='ocrx_word' id='word_1_196' title='bbox 1371 3367 1395 3408; x_wconf 79' lang='lat' dir='ltr'>nt</span> 
     </span>
     <span class='ocr_line' id='line_1_26' title="bbox 130 3456 763 3512; baseline -0.008 0"><span class='ocrx_word' id='word_1_197' title='bbox 130 3458 272 3512; x_wconf 76' lang='lat' dir='ltr'>hedvdbne</span> <span class='ocrx_word' id='word_1_198' title='bbox 298 3458 465 3512; x_wconf 69' lang='lat' dir='ltr'>modroilute</span> <span class='ocrx_word' id='word_1_199' title='bbox 493 3457 576 3510; x_wconf 79' lang='lat' dir='ltr'>iiidie</span> <span class='ocrx_word' id='word_1_200' title='bbox 600 3456 763 3510; x_wconf 74' lang='lat' dir='ltr'>zerbicnon.</span> 
     </span>
    </p>
   </div>
   <div class='ocr_carea' id='block_1_5' title="bbox 477 3721 1076 3978">
    <p class='ocr_par' dir='ltr' id='par_1_5' title="bbox 477 3721 1076 3978">
     <span class='ocr_line' id='line_1_27' title="bbox 697 3721 859 3802; baseline 0 0"><span class='ocrx_word' id='word_1_201' title='bbox 697 3721 762 3802; x_wconf 67' lang='lat' dir='ltr'>(its.</span> <span class='ocrx_word' id='word_1_202' title='bbox 786 3736 859 3802; x_wconf 80' lang='grc'>336.</span> 
     </span>
     <span class='ocr_line' id='line_1_28' title="bbox 477 3890 1076 3978; baseline -0.008 -15"><span class='ocrx_word' id='word_1_203' title='bbox 477 3895 575 3973; x_wconf 78' lang='lat'>1352,</span> <span class='ocrx_word' id='word_1_204' title='bbox 598 3893 641 3961; x_wconf 79' lang='lat'>20</span> <span class='ocrx_word' id='word_1_205' title='bbox 663 3894 865 3978; x_wconf 87' lang='lat' dir='ltr'>listopadu.</span> <span class='ocrx_word' id='word_1_206' title='bbox 888 3890 922 3961; x_wconf 79' lang='lat' dir='ltr'><strong>V</strong></span> <span class='ocrx_word' id='word_1_207' title='bbox 946 3890 1076 3961; x_wconf 85' lang='lat' dir='ltr'>Pisku.</span> 
     </span>
    </p>
   </div>
   <div class='ocr_carea' id='block_1_6' title="bbox 130 4061 1404 4266">
    <p class='ocr_par' dir='ltr' id='par_1_6' title="bbox 130 4061 1404 4266">
     <span class='ocr_line' id='line_1_29' title="bbox 130 4061 1404 4151; baseline -0.005 -18"><span class='ocrx_word' id='word_1_208' title='bbox 130 4069 211 4134; x_wconf 76' lang='lat' dir='ltr'>Krcil</span> <span class='ocrx_word' id='word_1_209' title='bbox 234 4070 333 4134; x_wconf 83' lang='lat' dir='ltr'>Karel</span> <span class='ocrx_word' id='word_1_210' title='bbox 355 4071 376 4133; x_wconf 87' lang='lat' dir='ltr'><em>I</em></span> <span class='ocrx_word' id='word_1_211' title='bbox 379 4068 405 4130; x_wconf 90' lang='lat' dir='ltr'><em>V</em></span> <span class='ocrx_word' id='word_1_212' title='bbox 418 4070 564 4151; x_wconf 76' lang='lat' dir='ltr'>pocolaje</span> <span class='ocrx_word' id='word_1_213' title='bbox 585 4069 761 4132; x_wconf 65' lang='lat' dir='ltr'>mediandae</span> <span class='ocrx_word' id='word_1_214' title='bbox 785 4065 958 4151; x_wconf 66' lang='lat' dir='ltr'>Piseclrgjm</span> <span class='ocrx_word' id='word_1_215' title='bbox 973 4067 1035 4148; x_wconf 77' lang='lat' dir='ltr'>uby</span> <span class='ocrx_word' id='word_1_216' title='bbox 1054 4088 1074 4131; x_wconf 86' lang='lat' dir='ltr'><strong><em>v</em></strong></span> <span class='ocrx_word' id='word_1_217' title='bbox 1095 4069 1196 4132; x_wconf 65' lang='lat' dir='ltr'>meede</span> <span class='ocrx_word' id='word_1_218' title='bbox 1214 4068 1300 4133; x_wconf 60' lang='lat' dir='ltr'>soma</span> <span class='ocrx_word' id='word_1_219' title='bbox 1312 4061 1404 4134; x_wconf 67' lang='lat' dir='ltr'>sudat</span> 
     </span>
     <span class='ocr_line' id='line_1_30' title="bbox 203 4179 1354 4266; baseline -0.003 -19"><span class='ocrx_word' id='word_1_220' title='bbox 203 4183 277 4247; x_wconf 75' lang='lat' dir='ltr'>dom</span> <span class='ocrx_word' id='word_1_221' title='bbox 300 4181 446 4266; x_wconf 64' lang='lat' dir='ltr'>specto,</span> <span class='ocrx_word' id='word_1_222' title='bbox 470 4203 491 4246; x_wconf 88' lang='lat' dir='ltr'>a</span> <span class='ocrx_word' id='word_1_223' title='bbox 514 4182 575 4263; x_wconf 76' lang='lat' dir='ltr'>obp</span> <span class='ocrx_word' id='word_1_224' title='bbox 597 4180 718 4246; x_wconf 69' lang='lat' dir='ltr'>dbcbod</span> <span class='ocrx_word' id='word_1_225' title='bbox 739 4200 756 4244; x_wconf 81' lang='lat' dir='ltr'>s</span> <span class='ocrx_word' id='word_1_226' title='bbox 778 4179 855 4245; x_wconf 75' lang='lat' dir='ltr'>nebo</span> <span class='ocrx_word' id='word_1_227' title='bbox 877 4179 919 4245; x_wconf 80' lang='lat' dir='ltr'>bo</span> <span class='ocrx_word' id='word_1_228' title='bbox 934 4179 1113 4262; x_wconf 73' lang='lat' dir='ltr'>prospecta</span> <span class='ocrx_word' id='word_1_229' title='bbox 1130 4180 1200 4247; x_wconf 80' lang='lat' dir='ltr'>obce</span> <span class='ocrx_word' id='word_1_230' title='bbox 1214 4181 1354 4248; x_wconf 80' lang='lat' dir='ltr'>obruoeli.</span> 
     </span>
    </p>
   </div>
   <div class='ocr_carea' id='block_1_7' title="bbox 127 4352 1421 4696">
    <p class='ocr_par' dir='ltr' id='par_1_7' title="bbox 127 4352 1421 4696">
     <span class='ocr_line' id='line_1_31' title="bbox 232 4352 1415 4421; baseline 0 -14"><span class='ocrx_word' id='word_1_231' title='bbox 232 4356 353 4421; x_wconf 75' lang='lat' dir='ltr'>ssimech,</span> <span class='ocrx_word' id='word_1_232' title='bbox 372 4355 496 4409; x_wconf 72' lang='lat' dir='ltr'>Versucb</span> <span class='ocrx_word' id='word_1_233' title='bbox 510 4355 586 4409; x_wconf 87' lang='lat' dir='ltr'>einer</span> <span class='ocrx_word' id='word_1_234' title='bbox 598 4354 760 4408; x_wconf 83' lang='lat' dir='ltr'>Gescbichtc</span> <span class='ocrx_word' id='word_1_235' title='bbox 779 4353 829 4409; x_wconf 87' lang='lat' dir='ltr'>des</span> <span class='ocrx_word' id='word_1_236' title='bbox 841 4352 1019 4408; x_wconf 82' lang='lat' dir='ltr'>bonnischen</span> <span class='ocrx_word' id='word_1_237' title='bbox 1031 4352 1156 4408; x_wconf 83' lang='lat' dir='ltr'>Handels</span> <span class='ocrx_word' id='word_1_238' title='bbox 1170 4359 1219 4409; x_wconf 88' lang='lat' dir='ltr'>str.</span> <span class='ocrx_word' id='word_1_239' title='bbox 1231 4359 1294 4410; x_wconf 75' lang='lat'>212.</span> <span class='ocrx_word' id='word_1_240' title='bbox 1312 4352 1415 4410; x_wconf 85' lang='lat' dir='ltr'>Hdbscb</span> 
     </span>
     <span class='ocr_line' id='line_1_32' title="bbox 127 4450 1418 4520; baseline 0.002 -16"><span class='ocrx_word' id='word_1_241' title='bbox 127 4450 171 4504; x_wconf 82' lang='lat' dir='ltr'>dle</span> <span class='ocrx_word' id='word_1_242' title='bbox 191 4451 274 4505; x_wconf 80' lang='lat' dir='ltr'>viebo</span> <span class='ocrx_word' id='word_1_243' title='bbox 293 4454 344 4505; x_wconf 75' lang='lat' dir='ltr'>mel</span> <span class='ocrx_word' id='word_1_244' title='bbox 364 4469 379 4503; x_wconf 86' lang='lat' dir='ltr'>v</span> <span class='ocrx_word' id='word_1_245' title='bbox 398 4469 462 4506; x_wconf 89' lang='lat' dir='ltr'>ruce</span> <span class='ocrx_word' id='word_1_246' title='bbox 480 4451 596 4520; x_wconf 79' lang='lat' dir='ltr'>origindl</span> <span class='ocrx_word' id='word_1_247' title='bbox 621 4455 687 4520; x_wconf 80' lang='lat' dir='ltr'>nyrii</span> <span class='ocrx_word' id='word_1_248' title='bbox 704 4454 841 4520; x_wconf 70' lang='lat' dir='ltr'>atroceny,</span> <span class='ocrx_word' id='word_1_249' title='bbox 869 4450 953 4504; x_wconf 89' lang='lat' dir='ltr'>nebot</span> <span class='ocrx_word' id='word_1_250' title='bbox 976 4453 1066 4519; x_wconf 79' lang='lat' dir='ltr'>pravi:</span> <span class='ocrx_word' id='word_1_251' title='bbox 1096 4450 1183 4515; x_wconf 90' lang='lat' dir='ltr'>,Eine</span> <span class='ocrx_word' id='word_1_252' title='bbox 1202 4467 1258 4506; x_wconf 82' lang='lat' dir='ltr'>ron</span> <span class='ocrx_word' id='word_1_253' title='bbox 1277 4452 1345 4508; x_wconf 81' lang='lat' dir='ltr'>Karl</span> <span class='ocrx_word' id='word_1_254' title='bbox 1361 4467 1418 4508; x_wconf 77' lang='lat' dir='ltr'>ens·</span> 
     </span>
     <span class='ocr_line' id='line_1_33' title="bbox 127 4544 1421 4615; baseline 0.002 -15"><span class='ocrx_word' id='word_1_255' title='bbox 127 4547 269 4615; x_wconf 81' lang='lat' dir='ltr'>gefertigte</span> <span class='ocrx_word' id='word_1_256' title='bbox 295 4547 427 4602; x_wconf 87' lang='lat' dir='ltr'>Urknnde</span> <span class='ocrx_word' id='word_1_257' title='bbox 452 4547 500 4600; x_wconf 89' lang='lat' dir='ltr'>mit</span> <span class='ocrx_word' id='word_1_258' title='bbox 520 4547 608 4600; x_wconf 87' lang='lat' dir='ltr'>einem</span> <span class='ocrx_word' id='word_1_259' title='bbox 630 4547 719 4614; x_wconf 82' lang='lat' dir='ltr'>Siegel</span> <span class='ocrx_word' id='word_1_260' title='bbox 747 4547 795 4600; x_wconf 84' lang='lat' dir='ltr'>auf</span> <span class='ocrx_word' id='word_1_261' title='bbox 816 4546 892 4599; x_wconf 84' lang='lat' dir='ltr'>blau·</span> <span class='ocrx_word' id='word_1_262' title='bbox 924 4544 979 4599; x_wconf 91' lang='lat' dir='ltr'>und</span> <span class='ocrx_word' id='word_1_263' title='bbox 1009 4544 1201 4614; x_wconf 81' lang='lat' dir='ltr'>gelbseidener</span> <span class='ocrx_word' id='word_1_264' title='bbox 1230 4547 1341 4604; x_wconf 84' lang='lat' dir='ltr'>Schnm</span> <span class='ocrx_word' id='word_1_265' title='bbox 1367 4564 1421 4603; x_wconf 82' lang='lat' dir='ltr'>rer·</span> 
     </span>
     <span class='ocr_line' id='line_1_34' title="bbox 127 4641 236 4696; baseline -0.009 0"><span class='ocrx_word' id='word_1_266' title='bbox 127 4641 236 4696; x_wconf 84' lang='lat' dir='ltr'>seben.“</span> 
     </span>
    </p>
   </div>
   <div class='ocr_carea' id='block_1_8' title="bbox 0 0 1558 5392">
    <p class='ocr_par' dir='ltr' id='par_1_8' title="bbox 0 0 1558 5392">
     <span class='ocr_line' id='line_1_35' title="bbox 0 0 1558 5392; baseline 0 0"><span class='ocrx_word' id='word_1_267' title='bbox 0 0 1558 5392; x_wconf 95' lang='lat' dir='ltr'> </span> 
     </span>
    </p>
   </div>
  </div>
 </body>
</html>
