3098 5392
679 475 754 525 rare,
1305 478 1366 542 lib

61 699 84 740 a
108 678 144 758 je
170 677 254 757 pr'ed
282 674 461 757 rycbtcir'cm
494 677 665 762 sicdatalcp‘m
697 678 883 754 obtaooati,
908 674 1008 762 jaloe
1042 679 1140 763 incy
1168 683 1241 747 mili
1269 680 1368 748 kolem

59 794 167 855 nodata
189 790 325 872 uctrpdli
343 790 557 870 provoaoodni
583 791 711 857 remesei
734 789 928 876 jolcp'cbltoli,
958 791 1065 857 kromd
1092 794 1228 860 ismaelo
1249 793 1370 860 koodr'd

616 902 810 989 pentaloch.

171 1123 311 1189 Karolus
340 1126 475 1205 quartus
506 1120 620 1187 diuina
649 1120 781 1188 fauente
811 1122 987 1189 clemencia
1016 1123 1235 1190 Romanorum
1268 1125 1368 1209 impe-

61 1244 158 1304 rator
181 1255 307 1318 semper
330 1241 489 1318 augustus
509 1241 542 1301 et
554 1235 690 1301 Boemie
711 1253 779 1301 rex.
802 1234 923 1302 Notum
944 1235 1081 1303 iacimus
1102 1239 1216 1304 tenore
1230 1256 1369 1321 prasen-

61 1351 154 1418 cium
188 1351 361 1429 uniuersis,
392 1349 470 1432 quia
499 1349 647 1415 nonnulli
676 1348 809 1416 dinem
837 1348 1038 1415 condicionis
1071 1350 1228 1432 homines,
1262 1352 1368 1434 ingre

60 1465 194 1530 dientes
218 1464 384 1528 ciuitatem
406 1462 603 1541 Slanensem,
626 1461 714 1544 apud
736 1462 841 1544 ipsius
864 1462 954 1528 ciues
976 1467 1010 1527 et
1028 1463 1152 1529 incolas
1175 1464 1369 1530 contrahunt

61 1577 190 1656 debita,
213 1576 254 1641 ad
279 1595 341 1657 que
362 1580 477 1658 postea
497 1572 714 1658 persoluenda
738 1593 774 1641 se
788 1573 929 1640 reddunt
951 1572 1116 1656 difficilem
1140 1595 1199 1642 nos
1223 1577 1368 1645 volentes

61 1707 166 1771 super
197 1688 250 1755 bic
273 1687 370 1754 dictis
403 1686 529 1755 ciuibus
553 1693 586 1754 et
615 1687 730 1754 incolis
761 1686 803 1754 de
825 1691 983 1770 oportuno
1012 1687 1161 1783 remedio
1185 1688 1368 1774 prouidere,

59 1822 131 1868 non
153 1799 335 1884 improuide
357 1819 463 1883 neque
493 1819 552 1883 per
574 1819 726 1882 errorem,
757 1801 814 1866 sed
844 1801 951 1867 animo
982 1800 1170 1884 deliberato,
1192 1803 1370 1871 autoritate

60 1916 158 1998 regia
180 1914 314 1980 Boemie
336 1917 369 1979 et
392 1913 432 1979 de
454 1919 543 1980 corta
565 1918 678 1979 nostra
700 1913 843 1980 sciencia
865 1913 1071 1997 indulgemus
1093 1914 1217 1982 eisdem
1239 1915 1368 1984 ciuibus

62 2035 99 2095 et
123 2028 249 2107 incolis,
280 2026 485 2109 presentibus
517 2031 551 2091 et
571 2026 701 2108 futuris,
735 2027 769 2092 in
800 2032 991 2110 perpetuum
1021 2031 1194 2096 eteorum
1224 2029 1369 2114 cuilibet,

62 2146 165 2226 prout
194 2158 275 2222 opus
305 2138 486 2221 habuerint,
510 2144 546 2205 vt
568 2157 678 2206 omnes
700 2139 848 2207 homines
871 2140 1034 2207 seculares
1064 2140 1230 2225 duntaxat,
1260 2142 1369 2210 cuius-

63 2271 194 2335 cunque
216 2253 347 2335 gradus,
378 2257 483 2318 status
506 2271 564 2319 seu
595 2251 795 2319 condicionis
818 2253 968 2335 existant,
1000 2254 1034 2319 in
1064 2254 1199 2323 ciuitate
1220 2255 1369 2324 Slanensi

62 2372 99 2432 et
121 2385 187 2431 non
209 2365 287 2431 alibi
310 2365 530 2447 deprehensos
552 2383 651 2448 super
673 2365 793 2433 debitis
815 2364 902 2449 apud
917 2384 973 2432 eos
989 2366 1171 2450 vbicunque
1193 2369 1368 2437 contractis

62 2483 229 2545 arrestare
259 2478 389 2544 valeant
418 2482 451 2544 et
480 2477 583 2545 libere
615 2479 789 2545 conuenire
818 2494 927 2545 coram
952 2478 1063 2562 judice
1094 2480 1240 2547 ciuitatis
1263 2481 1369 2564 ipsius

64 2609 172 2675 usque
194 2591 236 2657 ad
259 2609 417 2657 summam
439 2590 585 2674 quinque
604 2608 787 2657 marcarum
807 2593 934 2674 argenti
955 2592 1063 2658 minus
1086 2610 1149 2659 ruo
1172 2594 1290 2676 lotone,
1312 2594 1368 2679 qui

70 2705 178 2771 eciam
212 2704 260 2770 sio
290 2705 441 2770 conuenti
471 2704 649 2770 secundnm
681 2704 825 2770 ciuitatis
856 2704 1001 2787 predicte
1025 2705 1101 2789 jura
1135 2712 1169 2772 et
1198 2713 1369 2774 consuctu-

63 2817 161 2884 dines
178 2836 278 2901 vsque
293 2816 336 2882 ad
351 2833 509 2883 summam
524 2817 660 2882 eandem
675 2816 831 2882 duntaxat
842 2816 984 2900 judicari
999 2816 1170 2884 debebunt
1195 2818 1240 2885 Et
1255 2824 1289 2886 vt
1304 2820 1368 2903 ipsi

64 2934 158 3000 ciues
188 2937 222 2996 et
255 2931 361 2998 incole
392 2930 595 2998 uberioribus
624 2928 795 3013 proficiant
824 2931 1042 3014 incrementis,
1073 2931 1249 2999 autoritate
1276 2932 1369 3017 regia

65 3044 257 3128 supradicta
278 3042 415 3110 firmiter
437 3043 630 3124 inhibemus,
661 3061 702 3109 ne
725 3043 887 3126 quispiam
916 3044 1186 3128 mechanicorum,
1215 3044 1369 3114 videlicet

64 3156 293 3237 brasiatorum‚
327 3156 533 3223 braxatorum
564 3156 786 3236 ceruisiarum‚
820 3153 984 3223 lanificum
1015 3175 1073 3224 seu
1095 3162 1265 3241 textorum,
1300 3177 1368 3225 sar·

64 3277 185 3350 torum,
223 3268 408 3336 carnificum
445 3276 478 3337 et
511 3270 694 3351 cerdonum,
734 3271 955 3354 cuiuscunque
992 3270 1192 3339 condicionis
1230 3277 1367 3355 exstant,

65 3383 169 3450 labris
192 3383 348 3449 duntaxat
379 3385 533 3466 exceptis,
564 3383 650 3449 infra
680 3383 825 3466 spacium
856 3384 993 3449 miliaria
1016 3403 1037 3449 a
1059 3385 1193 3450 ciuitate
1223 3385 1369 3467 predicta

66 3498 217 3565 Slanensi
243 3495 449 3581 computandi
474 3499 684 3580 operaciones
708 3516 784 3562 suas
809 3504 840 3563 et
859 3496 999 3564 artificia
1021 3497 1206 3565 huiusmodi
1228 3498 1370 3564 audeant

67 3613 101 3677 in
115 3610 331 3693 preiudicium
342 3610 429 3676 dicte
441 3610 586 3676 ciuitatis
600 3610 766 3677 Slanensis
777 3610 1016 3694 quomodolibet
1028 3629 1178 3677 exercere
1187 3608 1275 3695 [sub]
1286 3629 1370 3694 pena

68 3723 308 3805 indignacionis
346 3728 457 3790 nostre
494 3724 691 3806 grauissima
727 3742 850 3790 necnon
885 3724 1039 3789 heredum
1076 3729 1109 3789 et
1145 3742 1369 3790 successorum

67 3843 262 3917 nostrorum,
292 3855 405 3919 rogum
427 3836 571 3917 Boemie,
604 3854 700 3919 quam
731 3835 999 3902 contrafacientes
1029 3835 1192 3920 quoslibet
1219 3837 1369 3903 volumus

67 3951 235 4016 incurrere
265 3949 337 4031 ipso
367 3949 462 4016 facto.
508 3950 717 4016 Ptesencium
747 3950 807 4014 sub
835 3950 1015 4032 imperialis
1047 3954 1159 4016 nostre
1186 3949 1369 4016 maiestatis

68 4064 179 4146 sigillo
214 4064 399 4131 testimonio
423 4065 601 4131 literarum.
646 4065 766 4131 Datum
796 4065 901 4147 Prage
930 4083 1014 4131 anno
1044 4062 1167 4131 domini
1197 4063 1370 4131 millesimo

68 4177 298 4245 trecentesimo
333 4177 573 4262 septuagesimo
608 4184 734 4258 octauo,
767 4177 950 4243 indiccione
980 4176 1094 4260 prima,
1127 4178 1264 4260 septimo
1296 4175 1371 4243 idus

67 4289 164 4372 Julii,
189 4307 361 4375 regnorum
385 4298 570 4357 nostrorum
593 4291 757 4358 tricesimo
781 4287 933 4370 secundo,
962 4289 1091 4372 imperii
1120 4308 1196 4356 vero
1216 4289 1372 4358 vicesimo

68 4408 196 4487 quarto.

175 4617 248 4688 llop.
268 4635 283 4668 v
301 4618 415 4688 plopisu
434 4617 571 4688 privilegii
589 4636 604 4672 a
622 4633 643 4671 r.
664 4622 731 4672 16⁶4
749 4616 771 4671 b
790 4622 806 4670 Θ
824 4632 842 4671 r
859 4615 971 4672 archim
989 4632 1023 4673 nr.
1041 4615 1171 4673 Slantbo.
