3098 5392
680 428 756 480 rara.
1317 427 1380 496 18⁸1

113 621 246 713 littorum,
276 632 457 715 dequibus
480 634 619 717 quidem,
650 633 772 702 iudicio
806 640 839 700 et
872 635 1031 718 theloneo,
1065 635 1157 702 nobis
1187 640 1220 702 et
1253 656 1378 704 camere

113 748 192 809 rostra
209 747 423 830 quadraginta
441 765 618 831 sexagenas
635 767 822 831 grossorum
836 749 1041 814 denariorum
1057 751 1263 831 pragensium
1282 753 1376 817 annis

114 855 215 938 inpilia
237 859 356 927 debent
377 861 469 928 solui.
516 861 668 928 Preterea
690 880 799 927 omnes
824 880 939 928 causas
961 861 1099 928 indicta
1121 863 1254 928 ciuitate
1276 882 1377 929 emer-

113 976 191 1037 ·cntes
215 973 317 1056 juder
341 979 374 1040 et
392 974 494 1058 jurati
517 976 662 1041 ciuitatis
686 976 789 1059 ipsius
823 976 968 1042 iudicare
990 975 1109 1041 hahent
1130 981 1162 1041 et
1183 973 1247 1041 fine
1269 976 1376 1042 debito

113 1084 258 1168 aminare,
283 1087 389 1154 tribus
405 1087 561 1155 duntaxat
576 1091 683 1156 causis
698 1091 851 1171 exceptis,
875 1090 1000 1156 scilicet
1021 1089 1062 1154 de
1077 1094 1188 1170 stupro
1204 1107 1262 1154 seu
1277 1090 1377 1156 viola-

113 1197 176 1264 ione
203 1201 351 1283 virgime,
382 1200 423 1267 de
445 1204 611 1269 nocturnis
641 1203 801 1270 incendiis
831 1207 864 1267 et
885 1201 926 1268 de
947 1201 1145 1268 falsitatibus
1174 1220 1213 1268 ac
1234 1202 1376 1268 falsariis

113 1314 206 1393 rgenti
228 1314 281 1380 uel
304 1315 520 1398 denariorum,
550 1336 613 1400 que
634 1321 701 1382 tres
726 1335 822 1382 cause
844 1316 886 1381 ad
908 1319 1054 1381 nostrum
1076 1319 1109 1380 et
1130 1317 1298 1381 camerarii
1320 1334 1376 1381 no·

113 1425 143 1489 tri
170 1427 328 1508 judicium
359 1433 506 1510 spectare
535 1435 721 1496 noscuntur.
767 1429 858 1510 Item,
881 1428 966 1512 quod
984 1429 1085 1512 judex
1115 1433 1148 1494 et
1171 1428 1273 1511 jurati
1304 1447 1375 1510 pre

115 1539 159 1604 lcti
186 1541 435 1626 circumquaque
469 1544 573 1625 ipsam
604 1544 770 1610 ciuitatem
803 1542 845 1609 ad
868 1562 966 1608 vnum
994 1542 1122 1608 miliare
1148 1542 1375 1608 auctoritatem

113 1649 194 1717 abent
225 1655 405 1736 plenariam
434 1655 610 1722 iudicandi.
655 1655 746 1737 Item,
781 1657 810 1722 si
844 1654 1101 1722 subcamerarius
1131 1659 1273 1736 vocatus,
1303 1655 1375 1720 sine

114 1785 144 1831 on
163 1771 304 1846 vocatus,
335 1773 392 1832 aut
414 1786 453 1833 er
475 1773 586 1836 nostro
608 1767 759 1835 mandato
793 1770 826 1835 in
851 1768 1017 1834 ciuitatem
1038 1767 1216 1850 predictam
1237 1769 1372 1848 venerit,

113 1877 178 1944 tibi
195 1878 321 1962 judicio
344 1879 548 1962 presidendo,
578 1883 773 1964 quicumque
794 1883 962 1949 incusatus
992 1885 1026 1947 et
1046 1899 1122 1947 reus
1150 1881 1303 1947 iuuentus
1324 1880 1375 1947 fu·

113 1992 152 2072 ru,
180 1993 356 2074 emendam,
388 2012 452 2076 que
474 1994 608 2078 dejure
640 1999 673 2061 et
695 1994 929 2063 consuetudIne
958 1995 1103 2061 ciuitatis
1131 1995 1237 2077 Ipsius
1266 1993 1373 2073 fuerit,

113 2102 171 2170 obla
203 2105 317 2172 soluat
363 2106 398 2173 Si
431 2125 508 2173 vero
545 2109 579 2173 in
611 2108 684 2191 ipsa
717 2109 851 2175 ciuitate
887 2107 1033 2191 partibus
1066 2111 1178 2175 contra
1206 2126 1243 2173 se
1275 2125 1374 2189 agen·

113 2214 166 2283 bus
193 2220 391 2285 camerarms
420 2226 553 2288 vocatus
590 2219 698 2302 fuerit,
732 2240 934 2304 quecumque
966 2239 1041 2304 pars
1075 2222 1286 2288 camerarium
1318 2239 1373 2286 vo·

113 2331 209 2413 cuerit,
232 2331 297 2413 Ille,
327 2333 452 2416 quide
483 2337 576 2416 parte
604 2339 740 2400 vocante
767 2353 787 2400 a
816 2336 888 2401 iure
917 2334 1078 2417 ceciderit,
1108 2334 1219 2403 decem
1251 2335 1373 2401 talenta

113 2441 169 2510 obis
197 2444 326 2511 soluere
353 2445 518 2512 tenebitur
546 2465 605 2530 pro
628 2448 772 2528 emenda,
801 2448 836 2512 id
866 2452 916 2514 est
944 2448 1055 2515 decem
1084 2466 1260 2532 sexagenas
1283 2465 1373 2530 gros·

113 2575 190 2639 trum,
222 2563 256 2625 et
290 2577 448 2641 expensas
472 2561 584 2642 eciam,
622 2580 702 2644 quas
736 2563 932 2627 camerarius
962 2566 1040 2629 tunc
1069 2563 1104 2628 in
1138 2561 1225 2628 dicta
1257 2560 1373 2627 secent

113 2671 214 2738 utute.
259 2672 305 2738 ut
333 2675 363 2738 si
393 2674 495 2739 altera
524 2692 600 2757 pars
631 2679 791 2756 accusata,
822 2693 886 2757 que
907 2676 1117 2742 camerarium
1145 2694 1208 2741 non
1231 2676 1370 2754 vocauit,

113 2783 235 2866 uiderit,
263 2785 354 2852 dabIt
384 2787 599 2868 praemanda
622 2788 790 2870 sexaginta
819 2789 969 2855 denarios
991 2806 1118 2873 paruos.
1163 2788 1255 2869 Item,
1285 2787 1371 2871 quod

113 2895 159 2961 tra
190 2900 336 2981 spacium
368 2901 464 2965 vnius
493 2901 630 2967 miliaria
662 2902 907 2985 circumquaque
940 2906 1031 2967 extra
1068 2903 1173 2984 ipsam
1205 2903 1371 2969 ciuitatem

113 3010 164 3076 ulla
193 3012 351 3078 thabema
379 3031 452 3079 esse
474 3012 578 3095 debet,
612 3032 672 3080 nec
694 3016 811 3098 aliquIs
843 3016 994 3082 collector
1027 3016 1198 3097 hospitum,
1228 3016 1284 3099 qui
1307 3015 1370 3080 col·

113 3129 156 3201 gat
182 3125 234 3190 uel
257 3126 394 3207 recipiat
420 3128 454 3191 in
477 3146 568 3193 suam
590 3127 718 3194 domum
747 3128 800 3193 uel
829 3128 1010 3210 hospicium
1040 3129 1195 3212 aliquales
1225 3128 1369 3209 hospites

113 3243 137 3299 ut
154 3245 305 3305 vectores.
351 3240 395 3304 Et
415 3239 501 3323 quod
523 3241 625 3307 eciam
646 3241 681 3305 in
703 3242 774 3322 ipso
798 3242 934 3307 circuitu
957 3243 1052 3307 anius
1085 3243 1222 3307 miliaria
1249 3242 1370 3306 circum

113 3348 192 3416 irtam
215 3353 381 3419 ciuitatem
403 3354 526 3420 nullum
540 3353 769 3420 brasiatorium
791 3373 864 3420 esse
879 3355 983 3436 dehet,
1006 3375 1066 3422 neo
1087 3355 1205 3436 aliquis
1229 3353 1369 3419 carnifex

113 3476 176 3546 tque
196 3467 308 3548 pistor.
350 3466 442 3547 Item,
464 3467 549 3550 quod
567 3468 667 3550 J'uden
690 3472 723 3533 et
737 3468 937 3534 theloneator
960 3468 1046 3534 dIcte
1069 3468 1212 3533 ciuitatis
1235 3468 1296 3533 hoc
1317 3469 1368 3532 ius

113 3575 199 3659 abent,
232 3579 328 3662 quod,
352 3580 478 3662 siquis
508 3585 680 3647 extraneus
711 3580 751 3645 ab
773 3581 904 3646 aliunde
933 3600 1046 3647 versus
1076 3581 1180 3662 ipsam
1204 3581 1369 3645 ciuitatem

113 3705 147 3755 ln
168 3694 235 3758 suis
257 3692 419 3758 mercibus
450 3695 582 3760 veniens
612 3713 675 3759 non
699 3693 793 3759 debet
815 3695 896 3759 alias
918 3696 1068 3774 transire,
1099 3694 1164 3759 nisi
1186 3694 1369 3774 peripsam

113 3801 245 3885 luitatem,
269 3811 302 3870 et
324 3807 353 3870 si
376 3824 433 3887 per
455 3806 553 3872 aliam
576 3812 709 3872 stratam
729 3812 819 3872 extra
843 3808 1008 3872 ciuitatem
1031 3807 1192 3872 transiens
1215 3808 1367 3871 inuentus

113 3920 176 3999 terit,
200 3920 232 3985 in
255 3937 317 3984 vno
340 3920 462 3985 miliari
492 3922 564 3985 siue
593 3921 726 4002 propius
757 3921 956 4002 abicumque,
992 3925 1108 3985 extunc
1126 3920 1225 4003 judex
1248 3923 1281 3984 et
1298 3919 1368 3983 the-

113 4038 212 4097 aeator
245 4032 384 4113 predicti
418 4033 555 4098 eundem
597 4034 802 4115 inpignorare
833 4039 970 4115 possunt
1002 4052 1059 4114 pro
1090 4034 1223 4114 triginta
1253 4033 1367 4097 solidis

113 4146 277 4211 anulorum
300 4145 514 4210 denariorum.
542 4145 632 4226 Item,
655 4147 740 4229 quod
763 4149 791 4211 si
815 4147 931 4230 ahquis
955 4146 1032 4211 baro
1054 4146 1107 4210 uel
1129 4145 1247 4211 nobilis
1270 4144 1368 4211 alicui

113 4259 173 4323 cole
195 4277 255 4324 seu
269 4257 445 4323 habitatori
468 4260 611 4324 ciuitatis
634 4260 779 4340 predicte
798 4258 967 4325 indebitis
990 4258 1089 4323 fuerIt
1104 4258 1274 4340 obligatus,
1298 4259 1368 4340 ipse

113 4372 171 4437 :ola
192 4372 294 4436 talem
317 4389 413 4435 suum
426 4371 603 4438 debitorem
626 4374 679 4437 uel
693 4373 839 4438 homines
863 4391 939 4437 suos
962 4391 1019 4453 pro
1035 4374 1174 4455 qulnque
1197 4372 1367 4452 sexagenis

113 4486 115 4549 l
147 4484 235 4551 intra
269 4482 415 4549 indicta
444 4485 577 4550 ciuitate
607 4486 825 4568 impignorare
855 4504 912 4550 seu
943 4490 1086 4549 arestare
1115 4488 1229 4565 potest.
1276 4483 1367 4564 Item,

113 4599 145 4666 id
169 4600 369 4681 quicumque
393 4618 432 4666 er
455 4599 581 4665 ciuibus
603 4600 776 4666 antedictis
807 4618 827 4665 a
848 4598 1009 4665 nobilibus
1032 4603 1118 4663 terre
1140 4599 1254 4664 emeriI
1276 4598 1367 4662 here
