3098 5392
230 455 297 520 294
851 455 925 507 aare.

227 663 302 724 nmo
325 659 438 742 proice,
469 660 530 744 obp
557 658 654 727 maiali
687 658 822 727 baracho
844 665 975 729 andsto
1003 658 1162 746 oybostiti,
1191 658 1253 727 ado
1274 660 1317 746 by
1336 682 1373 728 ae
1385 660 1451 746 jis
1469 682 1521 727 ac-

228 773 324 851 boda,
348 796 369 841 a
391 775 452 858 obp
473 775 609 859 cybirali
630 798 675 843 na
692 797 813 861 oprova
824 782 927 845 mosia
948 799 970 845 a
987 775 1143 862 perbona
1159 773 1335 845 motem
1348 776 1397 843 clo
1410 777 1521 850 acori,

318 909 363 971 po
384 886 474 955 aicha
495 910 529 956 sc
549 891 619 956 cosi
637 890 719 967 otoo,
742 891 819 958 obeli
837 891 894 958 oab
908 891 980 976 jiae
1000 888 1146 975 epodos
1164 890 1204 957 do
1218 887 1291 975 joco
1311 891 1424 981 mesta

330 1116 398 1184 Nos
420 1116 583 1185 lohannes
614 1119 666 1186 dei
692 1120 803 1203 gracia
824 1120 956 1187 Boemie
978 1125 1011 1186 et
1032 1119 1165 1187 Polonie
1186 1136 1243 1185 rex
1266 1136 1306 1185 ac
1326 1116 1519 1185 Lucembur·

228 1230 337 1312 gensis
368 1249 483 1313 comes,
514 1232 554 1298 ad
584 1234 807 1299 vniuersorum
837 1234 990 1301 noticiam
1015 1239 1128 1300 tenore
1148 1232 1356 1315 presencium
1378 1231 1517 1299 volumus

228 1345 407 1427 peruenire,
430 1345 515 1429 quod
537 1365 595 1412 nos
619 1346 809 1414 dilectorum
830 1345 923 1413 nobis
945 1347 1123 1415 incolarum
1144 1344 1292 1412 ciuitatis
1313 1343 1516 1412 nostrcilud·

229 1476 314 1541 woys
344 1458 532 1542 defectibus,
560 1460 738 1527 lesionibus
769 1466 802 1528 et
831 1460 1003 1544 pressuris,
1035 1457 1151 1542 quiibus
1180 1458 1341 1525 hactenus
1370 1456 1515 1540 mutipl-

230 1573 310 1637 citcr
332 1577 407 1638 sunt
429 1572 560 1655 anxiati,
583 1574 637 1656 pio
661 1574 885 1657 conpacientes
908 1571 1034 1655 affectu,
1065 1573 1278 1657 volentesque
1305 1570 1416 1655 ipsius
1443 1568 1513 1637 cini·

231 1686 310 1751 tatis
332 1687 447 1753 incolis
477 1687 536 1753 sub
558 1693 668 1756 nostro
690 1693 874 1772 potentatus
905 1687 1087 1755 vmbraculo
1117 1690 1192 1771 post
1219 1690 1272 1754 tot
1299 1684 1510 1769 opressionnm

233 1817 352 1882 genera
382 1802 605 1867 consolacione
625 1803 796 1886 respirare,
820 1807 853 1869 et
874 1802 1094 1870 emendacioni
1116 1819 1155 1869 ac
1180 1799 1415 1869 confortacioni
1441 1796 1506 1865 ciui·

229 1913 307 1980 tatis
330 1912 475 1981 eiusdem
498 1920 530 1982 et
552 1915 728 1983 incolarum
751 1918 821 1983 eius
844 1916 1005 1984 continuis
1028 1914 1236 1983 incrementis
1257 1912 1427 1981 intendere
1447 1928 1505 1978 ann

231 2024 355 2109 effectu,
377 2027 458 2112 ipsis
481 2028 691 2097 concedentes
714 2030 870 2113 iauemus,
893 2035 928 2096 vt
949 2030 1211 2096 communitatem
1232 2046 1291 2096 eeu
1313 2044 1434 2111 pascua
1446 2043 1505 2109 pec·

233 2158 342 2207 corum
364 2146 397 2207 et
418 2142 577 2224 pecudum
596 2162 715 2225 eorum,
738 2160 801 2227 que
822 2162 842 2210 a
863 2142 952 2210 fideli
973 2139 1268 2210 nostroWilbelmo
1290 2140 1334 2209 de
1346 2137 1503 2208 immun

231 2255 446 2337 exsoluenmt,
477 2261 509 2322 et
537 2257 603 2322 alia
632 2258 733 2323 eciam
761 2275 891 2340 pascua,
925 2256 1107 2338 ubicunque
1134 2256 1201 2322 sint
1230 2254 1296 2323 sita
1324 2254 1360 2322 in
1387 2253 1503 2323 aarum

231 2366 373 2435 terencia
393 2368 549 2450 ciuitatis,
579 2371 706 2452 possint
728 2374 760 2436 et
782 2370 920 2436 debeant
941 2369 1039 2436 certis
1060 2368 1157 2435 metis
1178 2368 1220 2435 ab
1241 2368 1318 2436 aliis
1339 2368 1425 2453 agris
1444 2383 1502 2433 oen·

233 2482 400 2549 rualenus
422 2482 622 2566 distinguere
644 2489 678 2550 ct
698 2483 848 2565 rimare,
862 2466 1049 2551 'securum
1070 2480 1157 2565 quoa
1178 2466 1502 2566 coaequalibus

231 2596 379 2677 limitata,
395 2596 571 2679 eademque
582 2616 702 2680 pascua
713 2597 747 2662 in
758 2615 835 2663 rsus
850 2596 995 2663 ciuitatis
1009 2594 1111 2663 libare
1126 2600 1325 2678 conuertere,
1347 2592 1501 2662 secundun

232 2709 317 2793 quod
347 2710 428 2793 ipsis
458 2710 573 2777 melius
597 2710 759 2777 ridebitur
789 2709 948 2793 expedire.
984 2709 1172 2777 adicientes
1208 2708 1256 2777 eis
1285 2708 1345 2777 bas
1372 2722 1500 2793 preroga·

231 2824 335 2889 tinas:
365 2826 400 2889 vt
420 2823 613 2908 quicumque
634 2842 672 2890 ex
694 2824 809 2891 incolis
832 2824 936 2907 ipsius
959 2822 1104 2890 ciuitatis
1134 2839 1193 2890 seu
1222 2821 1350 2891 ciuibus
1378 2819 1500 2906 predicta

232 2936 376 3004 ciuitatis
404 2937 560 3020 predictis
594 2937 719 3004 ciuibus
753 2937 873 3004 nostris
907 2957 971 3004 non
1004 2935 1202 3019 conueniret,
1235 2942 1273 3003 vt
1304 2935 1437 3003 eundem
1461 2928 1498 2996 vel

233 3050 362 3117 eosdem
395 3051 565 3118 excludere
593 3055 627 3117 et
655 3052 798 3118 alienare
828 3051 868 3118 de
896 3051 969 3133 ipsa
1002 3051 1134 3117 ciuitate
1165 3050 1294 3134 possint
1322 3055 1356 3117 et
1376 3047 1498 3123 debunt

232 3165 321 3232 nullo
343 3165 508 3232 obstaculo
530 3165 746 3248 prepediente.
792 3165 1003 3232 Annectimus
1026 3165 1128 3232 eciam
1160 3163 1307 3232 solentes
1328 3161 1500 3240 omninum

172 3260 175 3265 ¹
233 3277 350 3361 prefati
384 3280 472 3346 ciues
505 3280 671 3362 vngeltum
705 3279 746 3345 de
778 3277 915 3361 singulis
945 3277 1093 3344 curribus
1125 3282 1193 3344 tam
1224 3277 1405 3361 terrigenis¹
1424 3282 1500 3359 daem

233 3392 425 3474 alienigenis
447 3393 531 3473 uina,
562 3410 706 3458 annonas
729 3410 787 3458 seu
808 3409 931 3458 merces
952 3408 1161 3475 quascunque
1181 3389 1376 3458 ducentibus
1395 3388 1432 3457 de
1446 3400 1498 3452 me·

232 3505 318 3571 xime
345 3502 498 3571 honerate
529 3524 625 3571 curru
657 3524 715 3587 per
743 3523 840 3572 vnum
869 3522 1025 3588 possum,
1056 3504 1097 3572 de
1125 3505 1281 3572 mediocri
1309 3522 1369 3588 per
1387 3504 1497 3587 quatuor
1533 3544 1539 3551 -

233 3618 472 3700 pathauienses,
507 3619 547 3686 de
576 3618 708 3686 minimo
737 3638 795 3702 per
817 3619 898 3685 dnos
928 3618 1155 3702 pathauienses
1183 3618 1332 3701 recipere
1357 3614 1494 3701 possinta

234 3732 310 3798 data
331 3731 533 3815 presencium
556 3750 613 3815 per
634 3733 810 3799 triennium
832 3751 890 3816 pro
912 3731 1140 3799 melioracione
1158 3730 1310 3814 poncium
1324 3736 1359 3798 et
1371 3719 1493 3815 partiali

235 3846 379 3912 ciuitatis
409 3850 584 3928 prenotate.
630 3846 820 3913 Mandamus
850 3846 951 3929 igitur
980 3845 1141 3912 uniuersis
1170 3843 1322 3913 fidelibus
1351 3843 1458 3913 nostrii
1473 3839 1507 3937 tl,
1541 3919 1542 3922 ,

235 3958 436 4040 officialibus,
470 3959 672 4041 presentibus
703 3966 735 4025 et
765 3960 893 4040 futuris,
924 3959 1154 4042 cuiuscumque
1182 3958 1362 4041 dignitatis,
1389 3949 1495 4041 praed·

235 4075 356 4154 nencie‚
391 4072 588 4140 condicionis
612 4089 670 4138 sen
693 4078 796 4139 status
818 4071 949 4154 fuerint,
976 4076 1011 4137 vt
1040 4072 1148 4139 nullus
1179 4071 1326 4154 ipsorum
1353 4066 1498 4155 sepeliet

235 4185 355 4251 nostris
378 4185 503 4251 ciuibus
519 4185 553 4251 in
568 4185 752 4251 huiusmodi
774 4185 894 4252 nostris
911 4184 1030 4267 graciis
1045 4185 1215 4269 quicquam
1229 4186 1385 4253 contrarii
1398 4182 1502 4253 ebione

237 4317 295 4364 seu
317 4318 477 4381 opponere
498 4300 562 4365 ullo
585 4318 733 4380 umquam
758 4304 901 4382 tempore
922 4298 1041 4365 audeat
1069 4298 1121 4365 vel
1148 4302 1326 4381 presumat
1368 4298 1408 4367 In
1432 4292 1506 4367 anila

238 4411 285 4476 rei
307 4413 526 4480 testimenium
548 4417 714 4495 presentes
737 4412 862 4480 litteras
886 4412 992 4496 sigillo
1015 4417 1125 4481 nostro
1141 4412 1260 4481 maiori
1273 4413 1511 4481 iussimuscon·

238 4525 365 4591 muniri.
390 4528 509 4594 Datum
531 4527 634 4609 Prage
656 4527 710 4591 die
733 4527 893 4593 dominico
915 4531 990 4593 ante
1012 4526 1130 4593 festum
1150 4524 1239 4593 beati
1261 4526 1437 4597 Laurentii
1456 4544 1515 4613 pro·

241 4639 326 4704 ximo
349 4658 432 4705 enno
455 4641 576 4706 domini
599 4640 770 4707 millesimo
792 4640 1017 4708 merentesimo
1038 4639 1203 4708 tricesimo
1224 4642 1350 4725 quinto.
