3150 5378
680 428 756 481 ¹⁴⁰&
1301 424 1364 496 975

56 636 119 703 tcto
157 636 213 703 mci
248 639 358 704 tocia'ti
401 659 422 703 a
458 638 492 704 ic
527 637 667 703 miliani
704 635 917 704 Kutaobordti
953 637 1036 721 maji
1068 636 1172 720 prdeo
1206 636 1365 720 poddcoti

56 748 77 815 lc
100 752 255 838 fornimu
285 750 498 818 Padoa'ckc'mu
533 749 652 818 ltoetclu
684 750 748 816 deo
775 749 877 827 kalae
905 771 924 817 a
952 748 1077 836 stapel
1106 749 1209 816 ἀὲῙεαη
1231 773 1252 817 a
1273 749 1365 834 kopi-

57 866 124 931 tolu
146 864 265 932 kostclo
287 865 465 933 Praesidae
501 864 634 950 jednobo
664 884 705 931 ao
734 865 865 947 aprdocc
894 863 1014 931 kemla
1035 863 1106 948 jeu
1134 864 1216 931 evoli
1235 886 1257 930 a
1280 865 1363 931 orci-

58 978 196 1062 bekupu
218 978 260 1045 ku
277 982 442 1063 potoracni
456 979 554 1063 podd.
594 978 734 1062 Sprdocc
760 984 842 1046 tcato
867 977 1006 1064 foratico
1028 976 1148 1044 lcostclo
1170 976 1363 1044 maeatae

58 1093 115 1159 md
132 1092 202 1176 pat
212 1096 272 1177 pr'i
292 1093 407 1160 lcostclc
414 1115 450 1177 p.
472 1093 615 1176 Barbory
630 1090 692 1177 joir
713 1093 779 1160 dect
809 1091 902 1158 lrr'ta'ti
916 1115 938 1159 a
951 1095 1051 1159 mrtoc'
1065 1091 1286 1177 pocboodoati,
1308 1090 1364 1159 loir

56 1207 164 1290 ijino
177 1207 279 1293 fami
294 1207 402 1290 prdvo
428 1212 464 1273 tu
487 1205 689 1289 oykondooti,
710 1207 849 1290 aejmtna
870 1206 1035 1290 epootdati
1055 1228 1078 1272 o
1099 1206 1220 1273 radiosi
1246 1205 1367 1272 mount

630 1320 794 1405 poddoati.

171 1540 359 1607 Boniiacius
383 1543 557 1625 episcopus
580 1559 698 1608 seruus
721 1559 891 1608 seruorum
914 1541 985 1606 Dei.
1013 1541 1062 1607 sd
1077 1541 1220 1607 futuram
1234 1542 1282 1606 rei
1298 1558 1363 1607 me·

61 1655 209 1720 moriam
244 1653 430 1719 Humilibus
453 1660 486 1720 et
507 1655 654 1720 honestis
678 1654 861 1736 supplicum
883 1655 981 1734 uotis,
1004 1654 1071 1720 illis
1094 1654 1279 1736 presertim,
1301 1673 1363 1736 que

60 1768 170 1833 diuini
194 1768 300 1833 cultus
330 1773 537 1850 augmentum
568 1770 601 1833 et
622 1768 801 1834 animarum
833 1767 971 1833 salutem
999 1768 1190 1850 respiciunt,
1224 1765 1363 1834 libenter

58 1881 236 1947 annuimus
260 1899 361 1963 eaque
383 1879 550 1946 fauoribus
574 1881 799 1963 prosequimur
822 1881 1000 1963 oportunis.
1043 1880 1175 1947 Dudum
1201 1881 1362 1964 siquidem

59 2015 120 2078 pro
144 2001 236 2077 parte
257 1992 449 2059 dilectorum
479 1991 627 2074 liliorum,
657 1992 770 2060 decani
802 1999 835 2059 et
855 1993 988 2075 capituli
1019 1994 1156 2060 ecclesie
1178 1994 1361 2077 Prngensis,

57 2129 99 2175 ac
121 2108 258 2174 rectoris
281 2106 496 2190 parrochialis
519 2106 656 2172 ecclesie
671 2107 775 2172 sancti
791 2103 972 2174 Wenceslai
996 2106 1030 2171 in
1045 2105 1214 2189 Pniewica,
1238 2126 1361 2173 necnon

56 2221 275 2304 opidanorum
296 2219 518 2286 fraternitatis
541 2217 628 2285 dicta
649 2217 690 2284 de
713 2217 838 2284 Cnecha
861 2219 953 2301 opidi
976 2219 1100 2286 Montis
1122 2219 1271 2302 Outhnis,
1286 2222 1363 2288 Pra-

55 2335 174 2420 gcnsis
196 2333 347 2415 diocesis,
375 2333 471 2401 nobis
497 2333 655 2417 exposito,
685 2333 771 2415 quod
795 2334 871 2399 olim
893 2332 972 2401 dicti
1001 2333 1136 2416 opidani
1166 2335 1234 2401 zelo
1265 2334 1363 2402 deuo·

56 2449 167 2514 cionis
189 2446 317 2514 accensi
339 2453 372 2514 et
394 2446 562 2528 cupientes
584 2452 714 2513 terrena
729 2446 763 2513 in
780 2444 912 2514 celestia
934 2452 968 2514 et
981 2446 1173 2513 transitoria
1199 2447 1233 2513 in
1250 2453 1362 2514 eterna

56 2563 152 2630 ielici
182 2562 370 2628 commercio
402 2567 607 2644 commutare,
640 2560 682 2628 de
709 2560 804 2628 bonis
826 2561 875 2628 eis
898 2580 918 2626 a
940 2561 1011 2626 Deo
1043 2561 1171 2627 collatis
1201 2561 1362 2643 quandam

56 2676 223 2759 capellam
246 2677 279 2740 in
303 2675 456 2742 honorem
483 2681 516 2741 et
539 2674 598 2740 sub
628 2673 785 2741 uocabulo
809 2674 963 2757 Corporis
987 2673 1108 2741 domini
1132 2675 1236 2741 nostri
1259 2673 1363 2742 Jhesu

59 2790 188 2856 Christi
218 2795 250 2854 et
284 2787 379 2854 beate
408 2787 552 2854 Barbare
583 2786 731 2870 virginis,
761 2806 859 2870 opere
889 2806 953 2854 non
982 2787 1143 2853 modicum
1174 2793 1363 2872 sumptuoso

58 2922 165 2988 prope
186 2902 308 2968 dictum
332 2901 463 2983 opidum
486 2902 520 2966 in
543 2900 643 2967 fundo
665 2920 703 2968 ac
726 2901 869 2967 dominio
892 2901 1048 2984 Pragensi
1071 2919 1110 2966 ac
1132 2900 1217 2967 infra
1240 2901 1362 2968 limites

57 3017 275 3101 parrochialis
306 3016 444 3082 ecclesie
476 3014 631 3098 predicte,
664 3015 820 3082 ordinarii
851 3016 913 3082 loci
936 3016 977 3081 ad
1000 3016 1061 3082 hoc
1083 3014 1257 3081 accedente
1289 3034 1363 3082 con·

57 3149 171 3210 sensu,
194 3129 408 3196 fundauerant
430 3136 463 3196 et
492 3130 635 3197 construi
658 3129 819 3209 fecerant3
842 3148 881 3195 ac
903 3129 1098 3194 cimiterium
1120 3129 1207 3195 circa
1229 3129 1363 3195 eandem

57 3243 219 3326 capellam
244 3262 301 3324 pro
335 3244 503 3325 sepultura
526 3241 650 3309 Christi
680 3241 824 3309 fidelium
855 3242 975 3307 ibidem
1006 3241 1138 3324 sepeliri
1167 3242 1362 3324 eligentium

57 3376 100 3426 ac
116 3359 222 3423 scolas
239 3374 297 3439 pro
313 3356 493 3422 scolaribus
517 3356 637 3422 ibidem
660 3353 732 3422 fieri
748 3360 781 3422 et
796 3356 938 3422 construi
963 3355 1171 3435 ordinarant;
1195 3356 1362 3440 ipsamque

58 3470 230 3552 capellam,
262 3471 295 3535 in
317 3489 379 3553 qua
414 3470 517 3535 eciam
539 3469 728 3553 quamplura
759 3469 874 3534 alteria
904 3469 987 3551 erigi
1017 3467 1171 3549 iecerunt,
1201 3468 1363 3536 sufficien-

57 3584 152 3651 tibus
173 3585 291 3650 annuis
314 3582 496 3649 redditibus
528 3600 587 3664 pro
608 3585 766 3664 perpetuo
790 3589 915 3649 rectore
944 3600 1000 3664 per
1023 3581 1210 3648 huiusmodi
1234 3582 1361 3648 ordina-

58 3698 159 3779 rium,
182 3698 237 3778 qui
253 3703 340 3763 esset
355 3715 412 3778 pro
428 3702 581 3778 tempore,
606 3695 648 3761 ad
663 3695 837 3761 eorundem
853 3695 1067 3778 opidanorum
1083 3695 1363 3777 presentationem

60 3810 264 3878 instituendo
297 3809 456 3889 deturant,
491 3813 587 3889 prout
616 3807 649 3872 in
680 3809 855 3874 autenticis
888 3808 1007 3874 litteris
1046 3826 1144 3889 super
1176 3807 1362 3875 huiusmodi

59 3925 226 3991 erectione
249 3922 413 4003 conlectis,
444 3940 578 4005 quarum
609 3926 753 3987 tenorem
776 3922 897 3988 nostris
923 3921 1042 3987 litteris
1067 3921 1177 3987 haberi
1200 3922 1362 3988 uoluimus

59 4058 122 4123 pro
146 4039 317 4121 expressis,
340 4036 508 4104 dicebatur
538 4036 666 4119 plenius
697 4037 877 4116 contineri;
912 4037 1060 4122 quodque
1091 4034 1218 4118 prefata
1240 4037 1363 4119 capella

59 4157 139 4237 post
160 4152 264 4233 ipsius
280 4150 474 4217 erectionem
490 4154 523 4215 et
539 4148 746 4217 dotacionem
768 4149 954 4216 huiusmodi
967 4154 1092 4216 rectore
1114 4156 1191 4216 tunc
1213 4154 1364 4216 caruerat

59 4269 96 4333 et
119 4264 259 4346 carebat,
290 4269 323 4331 et
346 4263 464 4329 debitis
497 4267 668 4345 propterea
698 4263 733 4328 in
764 4262 887 4329 diuinis
918 4262 1156 4329 destituebatur
1188 4262 1362 4346 obsequiis,

58 4378 209 4446 fidelium
241 4378 282 4443 ad
313 4378 448 4443 eandem
477 4376 633 4458 capellam
668 4375 903 4444 confluencium
935 4376 1123 4458 tepescebat
1160 4376 1296 4443 deuocio
1330 4383 1363 4443 et

58 4494 128 4560 alia
151 4491 268 4557 exinde
290 4490 489 4558 incommoda
511 4489 640 4556 fuerant
663 4496 834 4557 consecuta
859 4494 893 4555 et
914 4491 1067 4574 consequi
1091 4508 1187 4570 posse
1210 4489 1361 4556 formida-

58 4607 196 4683 bantur;
233 4603 381 4687 quodque
410 4603 498 4685 apud
536 4604 671 4671 eandem
705 4604 862 4687 capellam
893 4604 987 4687 longe
1008 4622 1028 4669 a
1050 4603 1138 4669 dicta
1168 4604 1362 4686 parrochiali
