3098 5392
715 431 789 482 1848.

659 622 724 706 bns.
747 640 820 706 ans.

506 794 602 875 1348,
624 797 645 864 2
668 796 758 864 ndi-i.
785 795 818 864 V
841 795 972 864 Prone.

116 948 177 1014 llrdl
194 952 291 1017 Karel
311 953 333 1016 l
340 952 366 1016 V
376 954 540 1036 potaraje
567 955 745 1019 medianam
767 954 781 1017 i
800 954 851 1019 obt
870 952 937 1019 abab
958 956 1059 1019 mdata
1085 954 1176 1018 Mun
1198 953 1383 1039 privilegiis,

113 1060 149 1138 ab
158 1063 210 1144 pm
225 1062 507 1146 preoccupasse
523 1044 744 1142 decumana,
766 1088 789 1131 a
803 1066 999 1150 percaeca,
1021 1069 1065 1143 a,
1079 1064 1177 1132 anons
1191 1065 1384 1150 mamae,

113 1175 227 1255 ababa(
247 1199 268 1242 o
290 1176 390 1244 basae
412 1199 475 1263 pro
497 1180 606 1247 obccac‘
628 1179 722 1246 dobrc'
742 1184 844 1246 mesta
876 1181 1034 1256 ustanooi,
1064 1185 1149 1246 lenm
1170 1178 1267 1246 aikdo
1289 1180 1382 1265 odpo·

380 1292 485 1358 rooatc'
506 1292 600 1359 aerari
614 1294 682 1376 ped
704 1292 885 1380 abutebay'm
908 1293 1084 1360 eratenim.

193 1450 330 1518 llarolus
353 1451 405 1517 dei
428 1452 539 1535 gracia
560 1453 778 1520 Romanorum
793 1471 849 1518 rex
865 1471 991 1535 semper
1013 1457 1171 1535 augustus
1197 1456 1230 1517 et
1251 1452 1384 1520 Boemie

118 1576 164 1627 rer.
183 1564 228 1629 ld
250 1570 439 1647 perpetuam
461 1567 510 1632 rei
532 1567 726 1633 memoriam.
751 1566 824 1632 Etsi
846 1567 935 1649 regie
957 1565 1125 1648 dignitatis
1150 1566 1384 1648 circumspecta

116 1669 270 1758 benignitas
304 1677 474 1744 uniuersos
503 1676 616 1745 fideles
647 1696 724 1745 suos
746 1680 858 1744 innato
886 1678 1092 1745 liberalitatis
1120 1678 1295 1745 clemencia
1323 1698 1383 1762 pro

117 1783 204 1855 fanore
233 1791 448 1874 prosequitur,
487 1790 528 1857 ad
560 1793 689 1858 illorum
726 1797 833 1857 tamen
867 1792 1023 1858 utilitates
1057 1797 1090 1857 et
1123 1791 1288 1857 commoda
1320 1791 1385 1858 fer-

116 1902 223 1969 nandus
244 1905 390 1986 aspirare
416 1909 553 1986 tenetur,
583 1923 663 1988 quos
686 1904 784 1971 certis
815 1905 1013 1988 argumentis
1036 1905 1077 1971 ad
1100 1923 1158 1971 sue
1180 1903 1384 1972 celsitudinis

115 2008 240 2099 obsequia
262 2019 406 2100 repperit
429 2020 581 2085 contiuuo
603 2024 799 2102 preparatos.
826 2017 910 2084 Sane
932 2018 1123 2086 dilectorum
1144 2017 1238 2084 uobis
1261 2017 1383 2085 ciuium

115 2129 361 2195 ntnniuersitatis
376 2135 486 2196 nostre
501 2131 672 2213 Lunensis,
695 2131 838 2198 fidelium
854 2136 1046 2211 nostrorum,
1069 2132 1187 2199 merita
1201 2131 1382 2214 probitatis,

114 2238 205 2317 quibus
226 2248 337 2309 nostre
358 2244 538 2310 maiestatis
562 2246 663 2312 oculis
686 2227 842 2312 hactenus
865 2247 1056 2329 placuerunt
1074 2249 1107 2310 et
1126 2262 1162 2311 se
1183 2250 1337 2328 poterunt
1351 2249 1385 2311 et

117 2348 254 2421 debebunt
277 2356 464 2422 continuato
486 2356 654 2424 fidelitatis
678 2358 831 2442 obsequio
857 2358 993 2424 reddere
1016 2358 1178 2442 graciores
1189 2355 1226 2442 ¹),
1261 2360 1294 2424 iu
1328 2377 1384 2426 no-

115 2466 166 2529 stre
183 2469 297 2534 mentis
320 2469 391 2534 acie
415 2469 630 2551 reuolueutes,
663 2470 743 2553 ipsis
767 2477 800 2536 et
829 2471 955 2537 ciuitati
987 2490 1045 2537 sue
1074 2471 1219 2554 predicte
1248 2490 1383 2554 poscen-

113 2574 180 2644 bbns
194 2581 344 2663 meritisb
361 2583 557 2664 supradictis
574 2584 725 2649 uniuersa
741 2589 774 2650 et
788 2585 916 2667 singula
936 2585 1118 2667 priuilegia,
1142 2585 1278 2667 litteras,
1302 2585 1384 2666 iura,

113 2686 265 2760 laudabiles
290 2700 322 2759 et
344 2695 538 2777 approbatas
561 2697 821 2778 consuetudines,
844 2696 1022 2777 libertates,
1047 2698 1241 2764 emunitates
1264 2702 1297 2764 et
1312 2718 1384 2781 gra·

113 2802 173 2885 tias,
187 2808 266 2889 ipsis
282 2826 302 2872 a
318 2809 404 2873 clare
419 2809 571 2875 memorie
593 2809 680 2875 diuis
693 2810 827 2875 Boemie
848 2810 979 2892 regibus
1003 2815 1035 2874 et
1056 2810 1204 2877 Morauie
1225 2812 1382 2878 marchio-

113 2914 193 2999 nibus,
226 2921 486 3003 progenitoribus
516 2922 647 3005 nostris,
679 2923 754 2987 date
784 2929 818 2988 et
839 2922 941 3003 datas,
973 2940 1125 2988 concessa
1148 2927 1181 2987 et
1203 2942 1382 3005 concessas,

113 3024 213 3097 indulta
235 3038 267 3097 et
289 3033 442 3113 indultae,
474 3035 515 3099 de
536 3033 635 3100 uerbo
658 3034 699 3099 ad
722 3034 865 3116 uerbum,
897 3041 993 3117 prout
1015 3036 1128 3100 eadem
1154 3035 1328 3117 priuilegia
1350 3043 1383 3102 et

113 3140 195 3210 littere
215 3146 249 3210 in
272 3147 340 3211 suis
363 3146 529 3213 tenoribus
560 3148 841 3229 comprehendunt,
874 3148 906 3212 in
931 3147 1078 3213 omnibus
1113 3148 1181 3213 suis
1210 3150 1383 3214 sentenciis

113 3259 134 3318 nt
160 3258 318 3339 clausulis,
351 3260 419 3325 acsi
440 3259 586 3342 predicta
612 3261 697 3344 jura,
729 3261 988 3341 consuetudines,
1020 3260 1195 3343 approbate
1218 3267 1250 3327 et
1272 3261 1384 3327 lauda·

113 3365 171 3436 biles
191 3370 366 3453 libertates,
397 3373 591 3439 emunitates
614 3379 647 3438 et
669 3373 778 3455 gracie
800 3375 833 3438 in
857 3373 1060 3456 presentibus
1087 3374 1205 3439 litteris
1231 3374 1386 3440 distincte

113 3484 286 3550 ntssriatim
307 3485 414 3550 forent
445 3504 598 3568 expressa
620 3492 654 3552 et
675 3505 835 3568 expresse,
863 3486 1087 3569 approbamus,
1119 3486 1317 3553 ratificamus
1347 3506 1384 3554 ac

113 3590 140 3658 la
156 3598 302 3680 specialis
323 3598 414 3680 regie
434 3597 646 3680 benignitatis
678 3605 828 3682 certaque
850 3605 962 3666 nostra
985 3600 1128 3665 sciencia
1150 3599 1393 3666 confirmamus·

113 3700 206 3776 benun
222 3710 265 3776 ad
280 3716 391 3777 nostre
413 3711 618 3778 celsitudinis
641 3714 795 3779 noticiam
817 3718 867 3778 est
882 3713 1064 3793 deductum,
1088 3713 1173 3795 quod
1190 3715 1382 3797 quandoque

113 3826 299 3890 ammanitas
316 3824 460 3890 ciuitatis
475 3825 620 3906 predicte
635 3830 668 3891 et
683 3826 782 3908 aliqui
799 3827 832 3891 in
848 3824 1011 3906 aliquibus
1035 3825 1163 3892 casibus
1179 3831 1212 3892 et
1226 3828 1381 3909 negociis,

113 3945 155 4013 que
173 3956 229 4020 per
251 3939 442 4020 magistrum
466 3938 597 4018 ciuium,
617 3938 743 4021 juratos
767 3943 799 4003 et
814 3937 962 4004 scabinos
985 3937 1105 4004 ibidem
1127 3958 1186 4021 pro
1207 3939 1335 4006 meliori
1350 3944 1383 4006 et

113 4051 250 4118 ammodo
274 4049 419 4117 ciuitatis
442 4049 546 4132 ipsius
570 4050 761 4116 ordinantur
792 4055 824 4115 et
846 4050 937 4131 liunt,
960 4051 1042 4133 ipsis
1066 4051 1222 4134 magistro
1252 4052 1384 4134 ciuium,

113 4166 199 4231 naas
223 4169 256 4230 et
279 4163 420 4230 scabinis
451 4182 613 4246 opponere
646 4169 767 4230 temere
792 4183 827 4231 se
849 4166 1022 4246 presumit;
1053 4165 1137 4248 quod
1160 4165 1253 4231 ualde
1275 4166 1384 4232 incon·

113 4293 198 4345 nuum
220 4282 409 4360 reputantes
433 4277 606 4344 statuimus
629 4283 662 4344 et
684 4279 887 4345 decernimus
909 4279 1102 4344 auctoritate
1124 4280 1329 4360 presencium
1351 4286 1383 4346 et

113 4392 260 4459 nectimus
284 4409 322 4457 ac
337 4391 579 4473 inperpetuum
595 4393 741 4457 volumus
763 4391 898 4456 firmiter
921 4391 1096 4471 obseruari,
1118 4393 1203 4475 quod
1227 4392 1380 4476 quicquid

113 4505 239 4589 agister
262 4503 394 4584 ciuium,
414 4504 515 4586 jurati
535 4509 568 4571 et
583 4503 707 4570 scabini
731 4505 894 4586 sepedicte
917 4504 1071 4586 ciuitatis,
1094 4506 1149 4588 qui
1164 4525 1222 4586 pro
1237 4510 1380 4589 tempore

113 4620 213 4700 erint,
237 4636 297 4700 pro
322 4616 463 4682 utilitate
485 4622 518 4682 et
540 4617 704 4684 commodo
728 4618 871 4683 ciuitatis
893 4618 997 4700 ipsius
1020 4617 1252 4701 ordinarerint,
1278 4618 1380 4685 dicta·
