3098 5392
753 411 828 463 rest,

710 598 774 683 Cla.
797 619 849 685 45.

636 786 747 876 [Picrl
770 808 802 858 r.
824 788 935 879 lass]

128 945 213 1010 Krail
243 943 357 1010 Viciae
382 946 438 1020 11,
463 946 554 1028 pr'cje
576 945 655 1020 sols,
679 945 740 1031 obp
771 967 844 1014 asse
864 946 1025 1015 vskvitala
1046 952 1159 1025 mista,
1184 950 1240 1033 jes
1253 969 1297 1031 po
1324 954 1403 1016 asni

129 1064 192 1123 otcc
206 1056 281 1141 jebo
298 1079 360 1141 pro
383 1056 500 1123 mnobci
516 1056 645 1140 pr'lkor'i
657 1060 721 1142 jem
743 1059 856 1126 &nans
876 1060 951 1144 bplo
966 1082 1000 1128 se
1019 1060 1108 1129 dala
1128 1061 1392 1145 liduprriadnrimp·

128 1174 235 1255 soaaje
256 1172 332 1237 nove
352 1175 452 1238 misto
476 1173 576 1258 (saed
598 1172 734 1258 Kadoi)
758 1195 779 1239 a
810 1178 1006 1259 mtaoooeje,
1029 1178 1064 1245 is
1083 1176 1161 1243 novi
1178 1175 1319 1245 occissi
1335 1176 1393 1259 apl

128 1307 146 1350 a
167 1283 305 1351 baidilo
328 1285 406 1351 ltine
428 1284 448 1350 lc
469 1290 572 1353 miste
599 1286 818 1370 pr'imair'ena‘bo
840 1289 990 1372 rapiatili
1010 1291 1076 1355 teci
1096 1286 1209 1356 Micon
1229 1288 1340 1356 serora
1353 1287 1389 1353 ai

130 1398 217 1481 lupa
239 1396 392 1481 epictiti
423 1402 517 1465 roias
549 1398 665 1466 Μίνωι
697 1400 819 1467 stiibra
840 1401 879 1467 do
901 1399 1028 1484 kebam
1059 1399 1226 1468 beemots
1250 1422 1293 1484 po
1306 1399 1391 1483 proiit(

128 1512 258 1591 pensabo
279 1512 367 1589 roba,
385 1535 430 1597 po
452 1513 541 1599 latensi
555 1515 591 1598 je
613 1514 653 1580 od
661 1514 794 1597 placent
812 1513 914 1581 tiroli
928 1514 1113 1599 osvoboaaje.
1137 1513 1295 1599 massas
1308 1510 1390 1581 molo

130 1627 270 1692 arestosi
291 1626 375 1693 sami
407 1627 437 1693 si
466 1627 556 1693 veliti
588 1650 610 1693 a
623 1630 714 1711 joma
730 1630 826 1711 petit
852 1628 974 1697 docimi
994 1648 1013 1695 n
1045 1628 1139 1696 tane
1157 1628 1308 1706 nimir
1334 1627 1390 1694 tm

461 1739 615 1826 masnp'cb
636 1762 658 1806 a
680 1740 761 1807 cisoa
781 1739 947 1827 oblebnp'clt
968 1741 1092 1808 trimi.

233 1898 300 1964 Nos
323 1897 532 1964 Wenceslaus
563 1898 616 1964 dei
647 1900 758 1982 gracia
778 1917 836 1965 rex
857 1898 990 1966 Boemie
1012 1905 1046 1966 et
1074 1899 1219 1967 marchio
1246 1892 1390 1977 Moraniai

129 2016 239 2076 notum
261 2010 397 2077 facimus
420 2011 582 2076 uniuersis
605 2016 747 2077 tenorem
781 2013 984 2094 presencium
1006 2013 1236 2096 perspecturis,
1257 2011 1334 2095 qnod
1350 2027 1391 2075 nos

131 2126 306 2206 cupientes,
331 2130 366 2189 vt
398 2124 549 2190 ciuitates
580 2130 699 2206 nostre,
722 2144 784 2209 que
805 2130 880 2208 post
913 2126 1035 2192 obitum
1058 2122 1163 2207 olim¹)
1187 2126 1288 2210 patris
1314 2122 1391 2190 nostri

128 2243 259 2320 propter
280 2237 491 2319 multiplicem
524 2237 743 2303 turbacionem
776 2238 1022 2321 tranquillitatis
1044 2244 1195 2323 expertes
1223 2243 1257 2305 et
1276 2238 1336 2304 fere
1352 2237 1391 2301 b-

130 2351 324 2417 bitatoribus
347 2351 511 2416 exinanite
526 2350 666 2431 luerunt,
682 2351 918 2433 tranquillitate
932 2356 1037 2418 status
1059 2351 1224 2435 gaudeant
1244 2356 1278 2418 et
1296 2349 1391 2417 babila·

127 2464 251 2531 toribus
273 2465 468 2546 repleantur,
499 2463 664 2529 ciuitatem
693 2467 884 2530 nostram..
908 2464 1087 2531 locauimus
1117 2464 1279 2531 minensis
1299 2470 1329 2529 et
1345 2463 1390 2528 sin·

130 2580 216 2662 gulis
238 2578 422 2644 bominibus
445 2580 478 2644 in
502 2598 540 2644 ea
556 2578 747 2661 degentibus
770 2584 804 2644 et
818 2579 927 2645 omnia
948 2578 1032 2646 bons
1046 2579 1088 2645 ad
1109 2579 1217 2663 ipsam
1238 2576 1390 2664 spectantia

128 2713 200 2759 oum
223 2693 326 2774 siluis,
348 2692 461 2774 pratis,
484 2693 624 2775 pascuis,
661 2694 753 2776 aquis
776 2697 809 2760 et
831 2710 986 2776 aquarum
1008 2690 1241 2777 deernsibusb,
1262 2694 1306 2760 ita
1329 2686 1390 2775 quod

128 2807 168 2871 de
190 2806 333 2891 quolibet
354 2808 457 2887 laneo,
481 2808 536 2889 qui
567 2811 772 2873 mensuratus
794 2806 949 2875 fueritin
972 2806 1137 2873 territorio
1167 2807 1309 2874 eiusdem
1333 2800 1390 2873 cini·

127 2921 215 2999 tatis
240 2939 296 3001 pro
326 2926 420 3001 torta,
450 2940 512 3003 que
542 2922 644 2986 anleit
677 2920 860 3005 ulgsriter⁴)
893 2920 1022 3002 dicitur,
1055 2938 1112 2987 sex
1140 2938 1267 2987 mareas
1293 2913 1389 3003 argenti

126 3035 249 3100 usualis
271 3035 306 3099 in
319 3034 510 3117 subscriptis
527 3035 673 3101 terminis
693 3035 786 3101 nobis
809 3033 940 3115 dabunt,
963 3033 1116 3101 uidelicet
1148 3033 1183 3101 in
1206 3028 1390 3116 carnisprluio

127 3149 229 3230 prrimo
263 3151 399 3213 uontmo
433 3152 499 3213 tres
523 3145 686 3231 marcas),
720 3149 754 3212 in
788 3147 871 3214 lesto
893 3146 1017 3213 Pasche
1049 3148 1199 3231 sequenti
1227 3144 1391 3215 marcanct

128 3257 334 3346 ‹limicliam⁰),
357 3262 391 3326 in
421 3260 503 3327 festo
534 3280 609 3327 vero
640 3261 727 3327 beati
757 3257 957 3343 Michaelis')
990 3278 1133 3327 marcam
1162 3264 1198 3327 et
1225 3251 1389 3336 dimidiau')

127 3376 277 3441 similiter
299 3375 391 3441 nobis
414 3376 550 3457 soleant,
573 3395 631 3459 pro
667 3375 851 3441 eorumdem
873 3393 999 3458 quoque
1020 3375 1188 3441 laneorum
1208 3368 1392 3458 quorumlibet

126 3509 266 3556 marcam
287 3490 414 3571 arpenti
435 3490 556 3555 usualis
580 3490 747 3555 anrrnratim
778 3490 811 3553 in
834 3488 959 3554 duobus
989 3487 1067 3553 anui
1088 3486 1298 3569 temporibus,
1325 3479 1392 3555 uiui·

128 3602 243 3681 ‹liam‘³)
267 3604 392 3668 scilicet
413 3603 447 3667 in
470 3604 553 3667 festo
575 3602 661 3667 beati
684 3601 771 3667 Galli
790 3606 824 3666 et
845 3596 1055 3683 dimidiamW)
1070 3598 1106 3665 in
1127 3598 1213 3667 festo
1236 3590 1392 3682 Georglinl,

129 3736 244 3782 consus
266 3718 395 3782 nomino
425 3734 550 3782 canrore
580 3719 689 3780 nostre
718 3715 854 3779 soluent.
889 3712 940 3778 Ad
963 3706 1065 3795 hoe¹¹)
1088 3716 1210 3795 autem,
1238 3716 1276 3779 vt
1300 3708 1393 3778 hillen

130 3831 218 3895 ciues
240 3830 355 3894 molius
372 3832 404 3893 ot
425 3829 554 3893 facilius
571 3828 689 3891 (lictum
705 3825 875 3908 pecuniam
898 3825 1026 3891 soluere
1039 3823 1134 3891 nobis
1155 3826 1294 3909 possint,
1307 3825 1394 3891 danus

128 3944 176 4009 eis
199 3964 218 4007 a
240 3944 316 4008 slata
338 3943 540 4024 presencium
564 3941 726 4023 usquead
749 3941 866 4005 festrrm
889 3938 976 4004 beati
999 3934 1216 4021 Michaelis¹⁸l
1239 3945 1274 4007 et
1293 3958 1314 4007 a
1332 3936 1395 4003 foto

127 4056 213 4121 besti
237 4052 449 4136 bliobaelis¹⁴t
474 4074 574 4136 usque
597 4072 654 4136 per
677 4053 771 4117 vnius
788 4053 864 4117 anni
888 4052 1034 4134 spacium
1048 4053 1302 4135 percompletunr
1322 4048 1397 4117 uber·

127 4174 236 4250 tatem,
260 4174 293 4234 vt
315 4169 400 4234 infra
423 4170 509 4235 idem
531 4173 657 4250 tempus
680 4167 773 4233 nobis
790 4185 922 4232 censum
944 4185 1008 4233 non
1023 4166 1153 4232 soluant
1175 4184 1283 4251 neque
1296 4162 1400 4231 solnm

127 4287 305 4347 terrcantur.
336 4283 511 4347 Transacto
545 4299 619 4345 voro
650 4279 773 4361 prolato
807 4283 951 4361 tempora
972 4282 1049 4345 tuno
1078 4296 1214 4345 causum
1242 4278 1402 4363 prouisam

128 4396 255 4459 solnout
276 4393 368 4460 nobis
391 4395 423 4458 in
448 4393 594 4459 terminis
618 4392 799 4458 subnotatis
823 4392 873 4457 rel
896 4392 1082 4474 pretaxatis.
1106 4390 1159 4457 Ad
1180 4391 1244 4459 bec
1264 4388 1406 4459 uniuersi·

127 4508 188 4573 tati
211 4504 338 4585 (licto¹⁵)
361 4508 504 4573 ciuitatis
528 4506 732 4572 concedimus
766 4505 893 4572 stubam
913 4506 1110 4589 balnearem,
1132 4504 1198 4572 (luo
1226 4506 1410 4574 macellus

128 4622 209 4687 duas
231 4639 370 4700 mensas,
393 4622 426 4686 in
452 4620 568 4702 quibus
592 4621 684 4700 panis
708 4616 912 4702 venditur¹⁰),
934 4637 997 4702 que
1027 4616 1136 4685 omnia
1157 4618 1260 4686 index
1279 4620 1415 4687 einsdm
