3098 5392
208 376 291 441 1110
821 366 897 415 1410.

205 581 387 648 renissimis
404 584 437 645 et
459 576 640 643 illustribus
663 575 824 660 quondam
847 576 924 644 diue
947 573 1199 644 recordacionis
1226 568 1383 636 dominis
1399 575 1432 633 et
1447 567 1522 648 prin

205 695 341 777 cipibus,
358 693 491 759 Boemie
503 691 645 773 regibus,
659 695 692 754 et
715 690 882 772 signanter
905 691 1077 769 Ottalraro,
1098 689 1260 756 iohanne
1277 703 1391 763 anuo,
1404 681 1521 747 Karoia.

205 809 420 875 Romanorum
443 808 647 887 imperatore,
671 806 827 885 genitore,
851 804 1136 886 predecessoribus
1160 801 1299 865 nostris
1339 795 1520 863 carissimis.

209 941 332 988 necnon
355 939 374 985 a
398 919 491 985 nobis
516 937 614 998 super
636 919 779 998 ipsorum
800 919 940 1000 juribus,
972 918 1102 1001 graciis,
1135 913 1375 992 libertatibus,
1399 926 1518 976 consue-

205 1033 374 1099 tudinibus
397 1038 430 1096 et
452 1032 588 1096 indultis
612 1032 743 1095 obtenta
766 1036 799 1094 et
821 1030 969 1097 obtentas
992 1068 1036 1077 —
1056 1027 1341 1096 confirmauimus
1365 1062 1409 1071 —
1432 1030 1464 1088 et
1483 1056 1518 1067 -

205 1145 439 1213 confirmamus.
463 1181 507 1191 -—
524 1144 716 1208 Mandomns
741 1144 903 1209 uniuersis
927 1153 960 1208 et
976 1144 1116 1226 singulis
1139 1142 1238 1222 regni
1265 1140 1382 1207 nostri
1398 1135 1519 1202 Boemie

206 1260 380 1339 nobilibus,
403 1257 587 1336 baronibus,
612 1254 814 1337 ‹afficialibus
840 1258 1030 1339 capitaneis,
1054 1255 1272 1336 burggrauiis
1299 1261 1338 1318 et
1362 1253 1519 1333 signanter

208 1373 446 1439 subcamerario
469 1389 593 1436 necnon
617 1371 735 1435 ceteris
759 1372 850 1452 regni
871 1372 973 1436 nostri
988 1369 1122 1435 Boemie
1138 1367 1291 1432 subdit-is
1311 1403 1356 1411 -
1374 1364 1519 1437 dissice

206 1493 366 1569 qnatenus
397 1486 459 1566 ipsi
490 1484 681 1564 magistrum
705 1483 837 1561 ciuium,
864 1485 1013 1549 consules
1039 1484 1169 1565 juratos
1193 1486 1231 1545 et
1255 1482 1519 1547 communitatem

208 1600 354 1681 predicta
385 1597 529 1663 ciuitatis
560 1603 671 1661 nostre
694 1590 895 1662 Cadanensis
927 1598 961 1662 in
984 1597 1129 1678 ipsorum
1149 1594 1290 1677 juribus
1314 1631 1363 1641 —-
1387 1613 1450 1660 non
1471 1594 1520 1660 im.

210 1712 344 1794 pediant
357 1747 411 1790 —,
428 1709 507 1789 quin
522 1708 636 1791 pocius
660 1709 749 1789 ipsos
768 1710 862 1788 juxta
878 1708 1095 1790 predictorum
1112 1708 1377 1789 priuilegiorum
1401 1724 1519 1772 suorum

209 1831 242 1889 et
271 1825 440 1888 literarum
474 1821 709 1886 continenciam
731 1858 776 1867 —
799 1820 974 1887 efficaciter
1004 1827 1167 1900 tueantur,
1203 1828 1310 1903 prout
1349 1820 1520 1904 indignaci-

208 1956 301 2002 onem
325 1941 466 2000 nostram
491 1935 719 2015 grauissimam
742 1935 904 2001 voluerint
926 1936 1033 2000 arcius
1056 1934 1192 1998 enitare.
1207 1971 1254 1981 —
1275 1936 1405 2001 Datum
1427 1934 1519 2013 Prope

209 2069 294 2114 anno
317 2048 439 2114 domini
455 2049 627 2112 millesimo
645 2048 964 2130 quadringentesimo
977 2047 1110 2126 decimo,
1134 2048 1191 2113 die
1206 2048 1414 2115 duodecima
1428 2048 1519 2113 Junii.

209 2180 381 2243 regnorum
404 2166 587 2226 nostrorum
610 2181 695 2225 anno
711 2162 844 2227 Boemie
860 2162 1107 2243 quadragesimo
1132 2164 1289 2244 septimo,
1306 2164 1519 2230 Romanorum

210 2294 286 2340 vero
308 2274 474 2339 tricesimo
497 2279 622 2353 quarto.

316 2465 387 2531 Kop.
406 2479 423 2514 r
440 2462 588 2530 registrum
608 2463 745 2531 privilegii
764 2463 876 2518 archivu
895 2480 929 2516 m.
948 2461 1065 2516 Kadanb
1081 2460 1122 2515 N⁰
1139 2467 1222 2517 232a
1236 2464 1387 2534 napisem:
1407 2465 1518 2531 ‚mam

212 2559 431 2614 confirmacionis
451 2559 525 2627 regis
544 2558 703 2613 Wenceslui
722 2565 788 2613 ete⁸⁴

785 2824 851 2907 Cis.
875 2841 948 2908 837.

593 3030 691 3110 1410,
714 3031 758 3099 12
784 3033 931 3098 cervna.
956 3032 988 3100 V
1011 3031 1139 3098 Praze.

216 3224 299 3288 Ir'rcil
330 3200 445 3287 l'dclav
468 3223 520 3285 Il'
534 3221 681 3304 poaroloje
699 3222 911 3303 purknristru,
944 3220 1104 3287 koascltim
1129 3222 1143 3284 ἑ
1164 3225 1217 3286 nsi
1238 3224 1309 3287 obca'
1331 3230 1432 3288 assisto
1455 3223 1513 3288 Ka·

216 3338 308 3410 dane,
332 3336 394 3419 aby
415 3335 578 3417 aukoapc'la'
600 3338 689 3399 roc'm'
710 3335 788 3399 oroi·
804 3338 847 3398 20
861 3336 921 3417 lcop
944 3359 987 3399 aa
1009 3334 1164 3399 ceillerius
1187 3335 1303 3401 stallae
1326 3339 1513 3401 seoboilaim.

215 3449 378 3514 aloterelao
412 3449 451 3529 by
473 3471 507 3512 se
529 3450 711 3529 cyliraocale'
740 3448 860 3528 loploa
883 3472 904 3511 c
926 3450 1003 3521 ccci,
1027 3447 1108 3510 lter-i
1129 3447 1169 3527 by
1191 3470 1229 3511 ee
1244 3451 1382 3533 sororina
1412 3450 1514 3513 bos-talc

212 3585 247 3643 p.
272 3564 379 3628 atarto
401 3565 500 3626 rasari
522 3563 585 3626 mil
607 3563 736 3642 spiculi,
761 3585 780 3625 a
802 3563 929 3644 acalcie
942 3563 1007 3643 joa
1024 3562 1127 3644 provo
1144 3567 1381 3641 praesentasti
1400 3563 1512 3627 kobso·

492 3676 605 3739 accurri
627 3675 730 3737 toireio
753 3676 868 3739 nocebo
891 3679 988 3741 orista
1011 3672 1235 3756 kaplcaskc‘lro.

321 3868 530 3933 Weuceslaus
644 3868 763 3931 Notum
797 3868 933 3933 iaciums
963 3875 1075 3933 tenore
1109 3869 1316 3950 presencium
1351 3868 1508 3934 ruinarsis.

217 3981 309 4045 Licet
331 3981 371 4044 ad
393 3981 596 4046 diuersorum
621 3981 682 4045 sibi
707 3980 849 4045 fidelium
875 3981 1075 4045 sulnlitorum
1100 3981 1269 4046 comodum
1293 3990 1329 4047 et
1344 3982 1508 4063 profectum

217 4100 327 4157 nostra
358 4094 510 4173 dignatur
541 4096 698 4158 serenitas
722 4095 900 4174 intendere,
924 4095 966 4157 ad
997 4094 1077 4157 illud
1111 4101 1231 4172 tannen,
1266 4096 1354 4175 quod
1388 4095 1507 4160 diuinus

218 4207 323 4270 cultus
347 4213 554 4285 aucmentum
579 4208 705 4288 recipit,
730 4209 783 4288 pia
806 4208 984 4272 derrocione
1008 4206 1173 4271 liberalius
1198 4225 1234 4271 se
1258 4209 1413 4274 extendit.
1436 4207 1508 4271 Sane

217 4337 274 4398 per
298 4321 491 4399 magistrum
514 4321 646 4399 ciuium,
678 4322 767 4385 ciues
800 4327 832 4384 et
856 4322 978 4386 incolas
1013 4320 1157 4385 ciuitatis
1181 4327 1294 4385 nostre
1319 4319 1508 4387 Gatianensis

216 4438 370 4495 —extat
404 4435 566 4497 rrraiestati
600 4440 709 4497 nostre
742 4435 909 4499 humiliter
940 4433 1166 4515 supplicatum,
1199 4436 1358 4514 quatinus
1388 4435 1428 4499 ad
1449 4434 1507 4501 boc,

217 4549 251 4606 vt
275 4544 337 4623 ipsi
362 4564 419 4625 pro
444 4547 683 4610 instauracioue
715 4554 840 4611 mature
864 4547 963 4612 misse
996 4548 1028 4610 iu
1061 4547 1201 4612 ecclesio
1224 4550 1405 4629 parochiali
1428 4549 1508 4611 beate
