3150 5378
139 407 207 474 824
761 408 838 460 ¹⁸⁹¹·

139 611 210 683 logie
229 612 381 682 professor,
405 611 615 668 archidiaconus
632 611 800 681 Belineusis,
823 611 976 667 Bouessius
999 609 1035 665 de
1057 608 1219 681 (lbobolics,
1236 608 1441 679 Weucaeslaus,

139 707 261 764 decanus
280 707 369 762 sancti
387 707 576 778 appollinaris
594 707 754 776 Prageusis,
772 706 881 763 Gunsso
899 706 934 762 de
945 705 1124 774 Traieborrel,
1143 704 1323 762 decmtorum
1342 705 1441 775 donor,

137 810 242 873 custos,
258 803 356 859 Haslro
381 802 416 857 de
433 802 581 873 Knyeaica‚
604 802 737 859 Nicolaus
762 802 797 857 de
822 802 971 871 Basoror,
994 801 1140 858 lohannes
1164 801 1200 857 de
1224 800 1342 871 Jaraeu,
1364 802 1440 859 liceu-
1466 862 1469 871 ,

138 900 228 955 rietus
252 900 280 954 in
305 899 432 966 decretis,
456 898 632 955 Hermauuua
656 898 692 955 da
716 898 829 969 lieror,
857 898 991 968 magister
1011 897 1168 965 Jobauusa,
1194 914 1279 955 sacre
1301 898 1438 969 theologie

140 996 290 1068 professor,
307 995 446 1052 Martinus
465 995 554 1051 dictus
574 995 692 1067 liispan,
709 995 821 1052 Blasius
840 995 930 1051 dictus
947 995 1054 1066 Lupus,
1070 994 1204 1051 Nicolaus
1223 994 1439 1053 dePoteustu'u

139 1093 268 1148 Andreas
285 1093 321 1148 de
339 1092 484 1148 Gerioala
504 1099 533 1147 et
548 1093 694 1150 imoslaus
719 1092 753 1147 de
771 1092 938 1164 Poraessyn‚
962 1091 1096 1158 manici,
1121 1096 1272 1161 totumque
1293 1092 1438 1165 capitulum

141 1190 257 1245 ecclesie
283 1189 432 1260 Pragensie
463 1188 602 1245 antedicto
631 1188 666 1244 ad
696 1189 826 1245 humilem
854 1189 1088 1261 supplicaciouem
1118 1194 1248 1244 nostram
1276 1202 1437 1244 commum

139 1284 262 1357 ipsorum
280 1287 435 1356 graciosum
454 1286 488 1341 ad
507 1287 560 1342 hoc
576 1286 750 1356 prebuerunt
773 1291 802 1340 et
817 1284 932 1341 fundum
956 1270 1081 1357 ipsorum
1105 1299 1139 1341 ac
1156 1282 1225 1339 dicti
1249 1284 1367 1355 capituli
1383 1299 1437 1355 pre

139 1381 242 1436 dictum
260 1398 311 1453 pro
328 1382 488 1437 huiusmodi
512 1381 641 1452 cappella
658 1380 802 1437 fundanda
820 1388 850 1436 et
866 1379 1054 1437 construenda
1075 1378 1156 1436 nobie
1175 1394 1209 1436 ac
1226 1379 1303 1435 dicte
1319 1378 1437 1437 fraterni·

139 1478 191 1533 tati
208 1484 303 1533 nosne
323 1478 501 1534 donauernnt
528 1476 564 1531 de
581 1476 764 1532 conniucucia
790 1482 818 1532 et
842 1492 981 1533 consensu
1006 1490 1141 1546 expresso
1167 1475 1437 1532 reuerendissimiiu

140 1572 231 1628 cristo
249 1574 336 1644 patris
350 1579 378 1628 et
390 1571 503 1640 domiui,
525 1572 630 1628 domini
641 1572 788 1639 Johaunis,
805 1571 1007 1642 archiepiscopi
1023 1570 1181 1642 Prageusis,
1197 1572 1358 1643 apostolice
1369 1571 1436 1626 sedis

140 1670 233 1739 legati,
251 1670 303 1725 sub
322 1668 531 1726 condicionibus
550 1668 748 1739 infrascriptis:
766 1668 858 1723 Primo
876 1666 1013 1735 videlicet,
1030 1666 1105 1737 quod
1122 1683 1184 1735 nos,
1207 1666 1302 1739 ipsius
1319 1668 1436 1741 cappello

141 1765 312 1829 fundatores,
330 1783 412 1821 vnum
431 1766 615 1836 presbiterum
634 1781 684 1820 seu
703 1765 788 1819 eciam
806 1764 934 1819 clericum
952 1764 982 1819 in
999 1763 1153 1819 minoribus
1176 1763 1328 1821 ordinibus
1343 1762 1435 1820 consti

137 1868 227 1917 tutum
245 1862 384 1932 ydoneum
409 1862 444 1917 ad
470 1861 586 1916 eandem
609 1862 765 1932 cappellam
790 1859 864 1915 dicto
889 1859 1002 1915 domino
1030 1858 1244 1931 archiepiscopo
1270 1866 1322 1916 aut
1338 1859 1432 1915 suieiu

138 1958 329 2029 spiritualibus
348 1958 456 2013 sicariis
475 1958 503 2012 in
516 1963 652 2012 rectorem
671 1957 760 2026 ipsius
778 1955 905 2027 cappello
922 1954 1122 2011 instituendum
1141 1972 1194 2027 per
1211 1971 1266 2024 noe
1284 1955 1432 2027 proprius

139 2055 196 2109 rice
214 2053 376 2110 babebimus
402 2061 430 2110 et
449 2055 600 2125 poterimus
620 2060 792 2123 presentare,
816 2057 844 2106 et
862 2051 972 2106 demum
1000 2051 1097 2107 eodem
1125 2058 1238 2107 rectore
1264 2052 1381 2108 cedente
1397 2048 1431 2103 rel

138 2147 299 2216 decedente,
317 2149 429 2219 quocies
449 2155 476 2203 et
495 2147 606 2217 quando
624 2149 702 2204 locus
720 2147 875 2203 vocacionis
895 2146 1050 2214 occurrerit,
1068 2146 1171 2218 prefati
1187 2147 1297 2204 domiui
1313 2190 1323 2204 .
1341 2188 1349 2203 .
1371 2146 1430 2217 capi·

137 2246 226 2301 tulum
252 2246 394 2315 Pragense
419 2261 473 2301 rna
500 2245 643 2301 nobiscum
671 2252 811 2313 tamquam
839 2260 899 2298 cum
927 2243 1122 2299 fundatoribus
1149 2241 1226 2299 dicte
1253 2240 1429 2316 cappellead

139 2342 255 2397 eandem
274 2342 428 2412 cappellam
446 2357 594 2412 personam
613 2341 749 2411 ydoneum
767 2341 878 2397 insimul
897 2340 1040 2395 habebunt
1056 2338 1263 2397 etbabsbimua
1281 2346 1429 2412 presentare

137 2438 308 2509 temporibus
317 2444 454 2509 perpetuo
462 2437 598 2493 affutmis.
609 2437 686 2505 Item,
696 2437 770 2507 qnod
780 2437 808 2491 iu
819 2435 977 2492 huiusmodi
986 2436 1113 2507 cappella
1122 2450 1173 2507 per
1182 2442 1247 2492 octo
1257 2452 1348 2493 anuos
1356 2434 1428 2491 coufi-

138 2549 208 2588 nuos
227 2532 376 2588 immediate
395 2541 544 2603 sequentes
564 2540 723 2605 atemporo
740 2532 915 2588 fundacionis
934 2532 1037 2588 fabrice
1054 2531 1146 2602 ipsius
1162 2534 1295 2604 cappella
1312 2534 1426 2590 maurus

137 2629 322 2700 computando
335 2637 416 2686 serta
427 2647 494 2700 pars
506 2629 639 2685 offertorii
651 2635 680 2684 et
693 2630 808 2685 aliarum
822 2629 995 2685 oblacionum
1008 2626 1090 2685 modo
1102 2638 1280 2700 quocumque
1292 2629 1425 2685 obueniss-

137 2727 208 2781 cium
227 2731 321 2797 preter
332 2726 464 2781 fabricam
476 2731 504 2781 et
524 2741 625 2780 census
637 2732 789 2796 perpetuos
800 2726 861 2781 siue
870 2726 899 2781 in
909 2726 983 2796 agris
993 2725 1053 2781 siue
1069 2724 1236 2795 inpscuuifs
1244 2741 1297 2796 pro
1308 2724 1426 2781 altaribus

137 2822 197 2876 siue
216 2822 308 2878 missis
327 2823 470 2893 perpetuis
488 2822 682 2896 comparandis
701 2828 730 2878 et
746 2823 894 2878 luminaria
911 2828 1056 2893 perpetua,
1080 2820 1211 2878 videlicet
1226 2817 1425 2893 lampabant

136 2918 261 2989 prefatos
280 2918 406 2975 dominos
420 2962 448 2976 ..
465 2920 647 2991 prepositum,
662 2960 686 2978 ..
705 2919 840 2975 decanum
859 2924 888 2974 et
898 2919 1048 2989 capitulum
1058 2918 1089 2973 iu
1101 2918 1213 2988 signum
1233 2918 1349 2974 dominii
1361 2913 1426 2973 furii

137 3015 265 3085 prelibati
278 3016 440 3086 pertinebit;
458 3016 578 3071 residuis
597 3032 663 3071 vcro
678 3016 801 3086 quinque
819 3016 945 3086 partibus
965 3014 1098 3070 offertorii
1115 3022 1145 3069 et
1156 3013 1425 3072 oblaciouumbuirs·

136 3111 210 3167 modi
229 3129 279 3181 pro
297 3111 402 3168 lubrica
419 3120 570 3168 memorate
589 3114 715 3184 cappella
739 3111 928 3168 conuertendo
947 3112 1107 3169 reserastis.
1135 3110 1275 3167 Predictis
1292 3128 1361 3168 uero
1376 3114 1426 3166 coit

138 3208 219 3262 annis
238 3210 395 3276 mansuetis,
414 3209 475 3265 siue
493 3208 651 3265 huiusmodi
668 3208 775 3265 fabrica
792 3215 955 3265 consumata
978 3207 1062 3263 fuerit
1085 3206 1148 3263 siue
1170 3222 1238 3275 uon,
1263 3212 1366 3264 extum
1380 3218 1425 3260 ne

135 3303 225 3358 dietas
243 3303 374 3358 offertorii
393 3312 421 3358 et
439 3305 555 3361 aliarum
574 3304 777 3360 obuencionum
801 3304 830 3359 in
850 3303 946 3359 eadem
966 3302 1084 3374 cuppola
1106 3300 1190 3358 modo
1208 3318 1375 3375 quocunque
1388 3300 1426 3357 ob

133 3399 307 3455 uenieucium
327 3399 451 3455 adinstar
470 3408 568 3470 quarte
587 3400 680 3456 debite
698 3400 758 3455 iure
783 3399 920 3455 communi
944 3398 1005 3455 dari
1023 3415 1041 3454 a
1057 3396 1280 3457 mendicantibus
1305 3400 1365 3457 suis
1379 3397 1426 3469 ple

135 3496 214 3551 benis
233 3496 363 3552 censibus
381 3497 524 3567 perpetuis
549 3497 609 3553 siue
634 3496 664 3551 iu
682 3495 860 3566 agriculturis
879 3496 939 3551 siue
964 3495 994 3551 iu
1018 3494 1143 3567 pecuniis
1168 3510 1223 3567 pro
1248 3492 1426 3553 altanbueiu

135 3591 231 3646 eadem
250 3592 378 3663 cappella
396 3591 535 3661 erigendis
561 3593 607 3647 uel
625 3592 718 3647 missis
744 3591 887 3663 perpetuis
911 3590 1105 3662 comparandis
1124 3590 1213 3648 miam
1237 3596 1268 3649 et
1290 3590 1427 3647 luminibus

134 3687 287 3758 perpetuis,
306 3695 373 3759 puts
390 3689 565 3759 lampadibus
584 3688 685 3744 ibidem
712 3688 903 3759 procurandis,
926 3687 1072 3744 dumtaxat
1095 3687 1221 3758 exceptis
1245 3686 1283 3744 ad
1302 3686 1427 3761 predictos

134 3782 301 3839 dominos..
319 3785 500 3855 prepositum,
514 3826 541 3842 ..
560 3785 694 3841 decanum
714 3794 742 3840 et
759 3785 909 3856 capitulum
929 3784 1053 3856 ipsorum
1072 3782 1231 3854 insignum
1258 3783 1330 3841 iuris
1348 3790 1427 3856 patre·

134 3885 218 3936 natus
237 3895 271 3933 ex
291 3887 370 3950 parte
389 3897 443 3937 rua
461 3889 489 3936 et
507 3882 562 3937 alia
579 3882 714 3938 medietas
742 3882 777 3937 ad
795 3888 930 3937 rectorem
953 3880 1043 3953 ipsius
1066 3878 1204 3952 cappella,
1221 3880 1272 3952 qui
1289 3880 1371 3939 fuerit
1385 3892 1427 3950 prr

134 3981 268 4045 tempore,
286 3977 430 4048 perpetuis
447 3978 619 4049 temporibus
638 3978 789 4049 pertinebit
806 3978 930 4047 qualibet
951 3976 1174 4034 contradiccioue
1197 3978 1300 4049 procul
1311 3970 1427 4033 mota-Si

134 4076 226 4125 autem
244 4074 402 4142 quempiam
420 4088 506 4145 super
522 4071 609 4128 fundo
624 4072 784 4130 huiusmodi
797 4073 923 4145 cappello
941 4072 1085 4129 eumuxar
1096 4080 1126 4128 et
1136 4088 1194 4129 uon
1206 4072 1280 4130 alias
1297 4090 1350 4131 nac
1359 4071 1429 4127 aliter

133 4168 214 4221 nouis
234 4169 365 4238 protectis
383 4169 491 4225 ciuibus
509 4169 693 4225 fraternitatis
717 4169 848 4243 Corporis
872 4168 976 4227 (lhristi
998 4186 1050 4241 per
1071 4167 1161 4225 dictos
1184 4167 1317 4227 dominos
1340 4182 1427 4242 praue

133 4263 224 4331 situm,
243 4264 376 4319 decanum
396 4272 423 4319 et
442 4266 595 4336 capitulum
614 4266 727 4336 donato,
749 4272 781 4320 ut
797 4250 945 4339 prefertur,
962 4266 1039 4322 litem
1061 4264 1168 4321 moueri
1192 4265 1350 4338 contigerit
1372 4271 1428 4320 tuus

133 4358 267 4429 sepedicti
285 4360 429 4416 domini..
448 4363 619 4433 prepositus,
638 4362 760 4418 decanus
780 4368 808 4418 et
825 4362 976 4434 capitulum
993 4362 1071 4418 litem
1088 4360 1249 4419 huiusmodi
1267 4362 1300 4419 iu
1317 4374 1427 4419 musu-
1470 4346 1472 4351 ⁵

133 4472 208 4511 mere
227 4464 254 4511 et
271 4456 413 4512 fundum
406 4474 496 4528 ipsum
515 4457 664 4513 defensare
688 4458 887 4514 tenebuntur'
877 4475 1001 4530 ipsorum
1021 4465 1050 4514 et
1066 4458 1184 4532 capituli
1201 4474 1301 4517 eorum
1318 4454 1472 4559 proprii!
1470 4472 1472 4477 '

133 4553 289 4639 sumptibus
308 4560 336 4608 et
354 4556 494 4625 expensis.
511 4554 631 4625 Insuper
647 4554 775 4623 fatemur,
794 4556 869 4626 quod
887 4557 997 4626 prefate
1023 4556 1140 4613 aarum
1162 4560 1335 4629 parrochiali
1351 4510 1472 4615 sustl'
