3098 5392
757 412 833 465 mor.
1376 413 1439 480 397

245 617 317 686 Orig.
343 634 418 687 pcrg.
433 635 447 672 v
461 616 572 671 archiva
585 633 619 671 m.
633 615 728 671 Cbebn
746 616 865 687 (druhdy
879 615 900 671 d.
914 621 968 679 78).
994 617 1011 671 S
1027 616 1128 671 velkou
1147 616 1238 687 pedeti
1262 618 1439 675 kralovslrou.

135 715 182 769 Na
199 715 284 769 rubu:
304 713 414 783 ¹‚Knnig
432 713 596 781 Wenezlaw,
615 712 666 767 daz
684 711 750 766 keiu
769 713 873 767 brucke
892 712 962 766 noch
981 710 1073 782 plorte
1091 728 1150 766 mer
1166 711 1211 766 hie
1230 713 1280 768 aui
1295 713 1346 769 daz
1364 696 1439 771 haus

136 811 181 865 sol
194 810 260 864 vber
273 810 325 865 daz
338 826 443 866 wazser
455 816 579 881 gepawet
600 809 691 864 werde
705 807 759 862 vnd
781 806 833 863 daz
845 808 894 863 wir
906 824 990 862 unser
1006 812 1062 863 atat
1076 807 1129 861 und
1144 813 1249 863 vorent
1261 808 1310 864 mit
1322 816 1440 881 tarmen,

135 906 241 975 greben
265 907 319 961 und
338 921 453 961 mauren
476 906 593 961 beasern
616 919 725 975 mugen,
749 904 801 959 arie
819 903 867 958 wir
885 904 1009 958 wellen!
1028 934 1057 944 -
1087 903 1181 972 Gradl,
1204 903 1369 975 Privilegieu
1390 902 1440 961 der

135 1006 175 1057 Sc·
194 1001 268 1073 Eget
285 1010 339 1059 atr:
354 1010 387 1059 19
405 1020 423 1059 a
440 1003 530 1071 tehoi,
549 1000 714 1058 Geacbichte
734 1001 785 1055 dea
803 999 976 1069 Egerlandee
994 1000 1008 1054 I
1027 1007 1075 1056 str.
1095 1006 1148 1055 278
1167 1018 1186 1056 a
1203 1004 1263 1057 288.

710 1281 775 1365 dis.
798 1264 879 1365 690.Ι
979 1270 982 1274 ⁴
1014 1268 1018 1275 ⁵
1084 1266 1085 1271 Ἰ

466 1488 568 1568 raon,
592 1489 637 1556 ro
659 1440 771 1574 sons.
796 1491 829 1559 v
851 1487 1125 1557 nonmusios.
1175 1459 1178 1463 ’

134 1681 224 1749 Krcil
254 1680 368 1748 Vocloo
389 1683 412 1747 Ι
417 1681 445 1746 V
467 1681 610 1764 ouiich
634 1679 847 1764 pacrkms'atm,
878 1679 1040 1747 kordcltlm
1062 1702 1085 1746 a
1105 1681 1157 1746 ubi
1183 1679 1252 1746 obcs'
1271 1702 1312 1748 m.
1336 1683 1438 1756 Loum

135 1796 200 1878 uby
221 1794 261 1860 od
282 1817 327 1860 so.
344 1793 454 1861 Haclu
473 1794 601 1880 nejbliic
620 1790 760 1879 pescallo
783 1795 931 1861 ododddls'
950 1792 1085 1877 oiecbny
1106 1790 1206 1876 crolup
1227 1815 1249 1859 a
1262 1792 1335 1879 js'ob
1343 1795 1439 1877 plulp

132 1910 174 1974 do
197 1907 362 1975 krdlovskc'
382 1907 511 1992 koooory
538 1908 673 1976 ababa
701 1906 898 1974 morbrablm
927 1907 1135 1993 Midcnslcpm,
1163 1904 1285 1992 btcrp‘m
1313 1908 1354 1973 ul
1374 1913 1440 1974 otcc

126 2021 207 2112 jabo
228 2022 315 2088 nicar*
336 2022 441 2089 Karai
454 2021 510 2087 IV
523 2025 625 2089 oreste
647 2022 732 2088 Most
755 2044 776 2087 a
798 2019 909 2104 Lourm
930 2043 949 2087 v
973 2022 1080 2086 10000
1101 2018 1224 2104 amuco
1242 2043 1291 2106 pr.
1308 2044 1364 2106 pr.
1386 2020 1439 2104 bal

710 2135 856 2203 reuoca.

237 2328 448 2395 wenceslaus
482 2328 536 2395 dei
574 2329 686 2411 gracia
714 2328 932 2406 Romanorum
965 2345 1021 2394 rex
1057 2346 1185 2412 semper
1212 2335 1370 2412 augustus
1406 2337 1440 2397 et

133 2443 269 2510 Boemie
292 2461 358 2509 rex.
382 2443 541 2524 Magistro
565 2442 696 2523 ciuium,
720 2441 917 2523 consulibus,
936 2443 1056 2525 juratis
1086 2447 1119 2507 et
1146 2443 1335 2509 comunitati
1358 2444 1439 2511 ciui·

130 2558 214 2622 tatis
238 2557 340 2638 Lune,
362 2555 513 2623 fidelibus
536 2557 662 2623 nostris
678 2555 817 2638 dilectis,
841 2556 984 2638 graciam
1006 2556 1128 2637 regiam
1145 2562 1178 2621 et
1193 2574 1287 2623 omne
1309 2556 1436 2624 bonum.

132 2669 265 2737 Fideles
302 2670 429 2736 dilecti!
471 2670 749 2751 Quemadmodum
787 2670 869 2735 alias
908 2668 984 2734 diue
1017 2670 1171 2736 memorie
1209 2670 1437 2737 serenissimus

134 2782 300 2867 quondam
315 2783 477 2865 princeps,
501 2782 650 2849 dominus
669 2783 820 2864 Karolusr,
843 2782 1060 2849 Romanorum
1082 2783 1265 2864 imperator,
1288 2782 1437 2850 dominus

131 2903 166 2962 et
190 2898 319 2979 genitor
340 2902 450 2963 noster
473 2898 672 2979 carissimus,
696 2916 735 2964 ac
758 2898 860 2963 eciam
892 2916 950 2964 nos
976 2896 1157 2963 illustribus
1180 2897 1343 2979 quondam
1365 2897 1437 2963 lii·

132 3011 254 3092 dorico,
271 3010 444 3076 Balthezar
460 3017 493 3076 et
508 3009 692 3091 Wilbelmo,
709 3010 949 3076 marchionibus
973 3008 1228 3091 Miesnensibus,
1245 3014 1278 3075 et
1291 3009 1437 3093 ipsorum

131 3124 309 3191 heredibus
333 3124 483 3191 ciuitates
506 3130 636 3191 nostras
659 3125 853 3190 Ponteneem
876 3129 909 3190 et
930 3125 1113 3190 Lunensem
1136 3141 1342 3190 cumeorum
1364 3143 1436 3206 per·

130 3238 286 3305 tinenciis
309 3257 366 3321 pro
390 3257 515 3304 summa
537 3238 691 3304 videlicet
712 3238 823 3304 decem
845 3236 972 3303 milium
995 3256 1228 3320 sexagenorum
1250 3255 1435 3319 grossorum

132 3353 344 3435 pragensium
366 3352 497 3418 racione
527 3353 672 3434 pignoris
707 3350 932 3434 obligauimus‚
965 3357 1061 3433 prout
1090 3352 1150 3417 hoc
1181 3350 1288 3433 ipsum
1317 3349 1437 3432 prelati

133 3465 294 3549 genitoris
318 3466 421 3532 nostri
444 3484 483 3532 ac
506 3467 608 3531 eciam
635 3471 747 3531 nostre
776 3464 886 3530 littere
917 3465 992 3530 date
1022 3465 1162 3547 desuper
1192 3464 1311 3530 clarius
1333 3464 1437 3532 mani·

131 3580 264 3661 tentant,
287 3580 336 3646 sic
358 3584 466 3645 vestre
488 3578 639 3645 fidelitati
663 3577 860 3660 precipimus
884 3578 1088 3660 presentibus
1111 3578 1270 3645 seriosius
1292 3583 1325 3644 et
1346 3597 1435 3644 man-

131 3694 248 3760 damus
271 3694 402 3760 omnino
435 3693 591 3773 volentes,
623 3696 781 3774 quatenus
804 3691 987 3758 illustribus
1008 3691 1186 3774 Friderioo,
1207 3690 1380 3759 Wilhelmo
1402 3697 1436 3758 et

133 3808 303 3890 Gregorio,
326 3806 567 3874 marchionibus
599 3805 854 3887 bliesnensibus,
888 3806 1089 3889 principibus
1119 3811 1152 3872 et
1180 3805 1435 3891 consanguineis

131 3922 254 3989 nostris
277 3921 416 4002 dilect-is,
440 3921 530 3987 iuxta
553 3920 671 4003 prefati
694 3920 851 4002 genitoris
875 3921 979 3986 nostri
1003 3925 1036 3986 et
1051 3924 1235 3986 nostrarum
1253 3918 1435 3985 litterarum

132 4034 368 4102 continenciam
395 4034 526 4100 racione
549 4034 694 4116 pignoris
719 4033 908 4115 promittere
931 4033 1087 4114 ipsisque,
1112 4051 1170 4099 seu
1194 4032 1247 4099 cui
1270 4032 1435 4116 idipsum

132 4150 279 4232 ipsorum
302 4147 432 4213 nomine
455 4147 683 4227 commiserint,
707 4147 876 4212 uniuersos
901 4151 933 4211 et
955 4146 1100 4228 singulos
1130 4163 1256 4228 oeneus,
1285 4145 1434 4213 redditus

131 4269 164 4329 et
195 4267 375 4345 prouentus
406 4279 531 4328 camere
565 4267 675 4327 nostre
708 4279 766 4341 per
789 4279 844 4326 vos
869 4260 953 4325 solui
984 4265 1157 4326 consuetos
1189 4265 1223 4326 et
1243 4259 1434 4345 nominatim

134 4393 269 4442 censum
291 4393 348 4456 pro
372 4374 455 4441 festo
479 4375 583 4442 sancti
607 4375 693 4441 Galli
718 4379 852 4439 venturo
883 4373 1028 4455 proxime
1055 4374 1150 4440 annis
1182 4373 1320 4457 singulis
1343 4374 1433 4441 dein·

132 4508 211 4572 ceps
234 4488 313 4555 dare
335 4494 369 4554 et
390 4489 559 4570 assignare
581 4489 686 4554 modis
718 4487 865 4553 omnibus
890 4486 1038 4553 debeatis
1062 4487 1195 4568 tandiu,
1226 4488 1328 4555 donec
1350 4488 1432 4572 ipsis

129 4603 258 4686 prefata
281 4600 419 4685 [decem]
444 4601 608 4686 millium]
633 4620 863 4681 sexagenorum
896 4620 1020 4665 srrrrrrua
1050 4621 1113 4666 non
1135 4601 1235 4667 luerit
1256 4601 1429 4683 persoluta.
