3098 5392
225 421 287 487 748
829 420 904 471 1382.

219 652 241 694 a
261 630 404 714 aoiiaaje
426 629 507 694 lar-ol.
525 627 717 711 patriarchiae
739 627 986 713 rDooeailica'cb
1009 649 1031 691 a
1054 649 1104 692 ao·
1126 627 1265 703 mimda,
1280 626 1382 711 Jokod
1399 629 1413 694 ἑ
1433 627 1512 711 rycd-

219 743 326 811 idr'dm
341 765 362 808 o
377 742 537 822 doas'eldm
558 741 672 823 screbat
691 741 837 825 iedcrey‘cb
860 745 948 814 torcat,
972 741 1034 822 obp
1050 743 1229 806 meditandae
1244 741 1446 826 Str'tbrsky'm
1460 742 1515 823 dgla'

217 857 414 940 adpcacocai,
435 854 562 937 coplata·
583 856 622 937 by
644 856 701 919 lito
723 853 820 937 dapce
841 876 885 919 aa
902 852 1114 937 postranm'cb
1136 853 1261 920 cestdcb
1276 855 1411 938 dopadla‘
1426 877 1446 920 o
1459 856 1512 938 ῥίνη

639 968 772 1051 abaciam
786 967 856 1051 jicio
877 968 943 1033 odoi
958 969 1098 1050 patrati.

323 1196 532 1263 wenceslaus
567 1196 619 1261 dei
654 1196 764 1278 gracia
794 1197 1009 1261 Romanorum
1044 1214 1100 1262 rex
1137 1215 1264 1280 semper
1298 1202 1457 1281 augustus
1485 1202 1512 1262 et

220 1309 353 1375 Boemie
374 1328 439 1374 rex.
463 1309 583 1375 Notum
605 1309 742 1375 facimus
765 1315 877 1375 tenore
906 1310 1111 1392 presencium
1133 1310 1307 1392 uniuersis,
1340 1311 1512 1395 quodlicet

219 1423 301 1488 alias
329 1423 370 1488 ad
393 1422 587 1488 instanciam
610 1421 808 1488 honorabilis
833 1471 840 1485 .
865 1473 872 1487 .
897 1421 1024 1487 abbatis
1048 1421 1294 1489 Cladrubiensis
1323 1424 1511 1498 monasterii,

218 1535 327 1601 deuoti
350 1535 452 1601 nostri
477 1535 598 1616 dilecti,
630 1535 803 1600 transitum
833 1541 1047 1602 mercatorum
1070 1542 1102 1601 et
1132 1554 1285 1601 curruum
1317 1555 1392 1603 cum
1414 1554 1510 1603 eorum

217 1649 313 1715 rebus
337 1654 369 1714 et
391 1648 566 1729 mercibus,
591 1649 646 1730 qui
670 1668 727 1730 per
750 1650 917 1715 ciuitatem
939 1655 1082 1715 nostram
1106 1649 1287 1716 Misensem
1309 1655 1344 1715 et
1367 1669 1430 1716 non
1444 1647 1510 1714 alibi

219 1780 258 1827 ex
281 1764 407 1829 indulto
430 1768 539 1829 nostro
562 1764 652 1845 regio
676 1782 714 1828 ac
736 1763 838 1828 eciam
862 1762 938 1828 diue
960 1763 1113 1829 memorie
1136 1763 1295 1846 genitoris
1325 1765 1431 1829 nostri
1450 1761 1511 1827 lieri

220 1882 447 1957 consueuerat,
478 1878 704 1943 reuocauimus
731 1876 764 1941 iu
786 1877 872 1942 lurnc
894 1877 1033 1957 modum,
1068 1876 1230 1957 videlicet,
1253 1877 1341 1959 quod
1364 1875 1511 1942 transitus

220 1991 346 2055 riarum
368 1990 554 2055 huiusmodi
578 2009 650 2056 cum
673 1989 768 2056 rebus
796 1995 829 2054 el
851 1989 1011 2056 mercibus
1034 2007 1092 2072 per
1115 1988 1311 2055 Cladrubam
1336 1990 1466 2072 opidum
1485 1993 1512 2052 et

221 2104 338 2168 blisam
361 2104 528 2170 ciuitatem
551 2105 583 2168 in
607 2109 820 2170 mercatorum
843 2108 875 2167 et
904 2104 1042 2169 aliorum
1065 2104 1135 2168 rias
1158 2104 1248 2186 ipsas
1277 2103 1512 2169 transcuncium

220 2235 408 2298 permanere
431 2215 561 2282 deberet
591 2217 727 2282 arbitrio
750 2217 937 2283 voluntatis.
985 2216 1195 2283 Considerate
1220 2222 1341 2298 tamen,
1375 2215 1460 2300 quod
1479 2233 1513 2279 en

220 2331 345 2396 indulto
369 2350 426 2396 seu
449 2331 661 2397 reuocacione
683 2332 741 2395 tali
757 2331 844 2398 dicte
866 2337 976 2397 nostre
1000 2331 1144 2396 ciuitatis
1160 2330 1318 2397 Misensis
1334 2335 1370 2395 et
1385 2330 1514 2395 aliarum

219 2444 565 2510 circumadiacencium
588 2445 758 2510 ciuitatum
781 2450 964 2510 nostrarum
987 2449 1020 2509 et
1042 2443 1217 2509 earundem
1236 2443 1419 2510 incolarum
1432 2447 1514 2508 nota-

217 2556 284 2623 bile
305 2564 477 2640 generetur
499 2557 715 2639 dispendium,
747 2563 925 2640 vergalque
947 2557 1133 2622 huiusmodi
1155 2574 1218 2637 res,
1249 2560 1349 2639 prout
1377 2557 1514 2639 ipsorum

221 2676 254 2735 et
276 2671 413 2736 aliorum
436 2672 617 2738 certissimo
641 2672 831 2737 documento
856 2671 1038 2752 didicimus,
1070 2672 1103 2736 in
1126 2688 1237 2735 earum
1260 2669 1430 2752 singulare
1451 2684 1514 2751 pre

219 2782 375 2850 iudicium
399 2791 433 2849 et
455 2786 613 2850 iacturam
636 2791 669 2850 et
690 2786 920 2851 nichilominus
950 2784 1041 2866 regia
1064 2788 1174 2849 nostra
1207 2783 1365 2849 maiestas
1388 2801 1408 2848 a
1429 2780 1516 2848 celsi·

219 2898 343 2963 tudinis
357 2905 467 2964 nostre
481 2904 573 2979 grato
589 2898 744 2964 beneficio
768 2900 815 2964 sic
838 2899 964 2980 gracias
989 2915 1123 2980 erogare
1139 2896 1359 2977 consueuerit,
1376 2902 1421 2973 vt,
1436 2893 1516 2978 quod

220 3012 275 3076 vni
299 3012 350 3076 rel
373 3011 520 3093 pluribus
554 3012 726 3093 elargitum
747 3011 846 3077 fuerit
875 3031 914 3077 ac
936 3012 1027 3094 regia
1048 3010 1245 3076 liberalitate
1276 3008 1443 3089 donatum,
1467 3007 1516 3090 ju·

219 3125 319 3205 ribus,
350 3123 554 3189 libertatibus
576 3131 609 3190 et
639 3126 820 3208 impetratis
851 3145 914 3190 non
938 3125 1072 3206 deroget
1104 3123 1223 3207 graciis
1254 3123 1412 3189 aliorum:
1444 3139 1517 3203 qua·

219 3243 351 3320 propter
373 3257 436 3302 non
459 3256 517 3320 per
536 3257 676 3304 errorem
692 3244 750 3303 aut
772 3238 962 3320 improuide,
987 3237 1043 3303 sed
1067 3256 1145 3303 sano
1168 3235 1313 3302 fidelium
1335 3240 1516 3302 nostrorum

219 3351 393 3417 accedente
415 3352 551 3417 consilio
582 3352 743 3417 indultum
766 3357 799 3417 el
821 3352 948 3434 gracias
979 3351 1065 3417 dicto
1095 3350 1204 3416 abbati
1227 3356 1260 3416 et
1282 3349 1459 3416 conuentui
1480 3348 1518 3413 de

219 3465 361 3529 transitu
384 3465 511 3530 viarum
533 3484 591 3546 per
614 3484 673 3531 nos
697 3465 799 3532 lactas
823 3484 862 3531 ac
884 3466 987 3531 eciam
1009 3465 1121 3530 literas
1145 3464 1284 3547 desuper
1300 3463 1366 3530 sibi
1382 3462 1518 3530 traditas

220 3584 252 3642 et
275 3596 456 3658 concessas,
480 3584 515 3643 rt
537 3580 744 3660 premittitur,
769 3579 809 3644 de
832 3584 919 3645 certa
941 3583 1053 3644 nostra
1068 3576 1209 3644 sciencia
1224 3597 1429 3660 reuocamus,
1452 3594 1520 3644 cas·

220 3710 329 3756 samus
352 3696 385 3755 et
406 3691 623 3771 annullamus,
647 3691 778 3757 easdem
800 3692 1012 3773 peramplius
1028 3692 1149 3757 nullius
1167 3692 1297 3772 penitus
1312 3691 1385 3758 fore
1399 3694 1520 3776 vigoris

219 3805 271 3868 uel
295 3802 421 3869 roboris
444 3803 664 3885 decernentes,
688 3825 726 3871 ac
748 3805 850 3871 eciam
873 3805 1077 3887 presentibus
1100 3804 1205 3870 edicto
1250 3805 1341 3886 regio
1364 3813 1521 3890 perpetue

220 3917 360 3983 valituro
382 3915 517 3982 firmiter
541 3923 730 3999 statuentes,
763 3918 848 4001 quod
879 3918 1036 3983 transitus
1058 3923 1282 3998 mercatorum,
1313 3936 1469 3985 curruum
1491 3927 1522 3986 et

218 4030 366 4112 bigarum
389 4050 461 4096 cum
485 4050 595 4097 eorum
617 4031 713 4097 rebus
738 4038 771 4098 et
792 4031 954 4098 mercibus
976 4031 1232 4114 quibuscunque,
1257 4049 1385 4098 necnon
1408 4053 1521 4116 pecco

217 4143 307 4208 ribus
339 4159 397 4209 seu
431 4144 608 4227 pecudibus
640 4164 697 4227 per
731 4145 896 4211 ciuitatem
931 4151 1074 4210 nostram
1096 4144 1273 4211 Misensem
1307 4163 1383 4212 esse
1406 4146 1523 4214 debeat

218 4275 344 4323 exnunc
366 4264 399 4323 et
421 4259 553 4324 inantea
576 4260 741 4340 perpetuis
765 4259 963 4340 temporibus
986 4257 1145 4338 affuturis,
1167 4258 1278 4322 taliter
1299 4258 1467 4343 videlicet,
1490 4269 1521 4326 rt

218 4370 338 4451 singuli
362 4377 565 4453 mercatores,
597 4378 742 4437 vectores
765 4378 799 4437 et
820 4373 934 4454 aurige
956 4392 1027 4437 cum
1057 4389 1168 4438 eorum
1200 4372 1349 4438 curribus
1380 4380 1415 4439 et
1436 4374 1523 4458 bigis

220 4482 312 4563 bona,
337 4504 389 4550 res
413 4491 446 4549 et
467 4504 590 4552 merces
614 4486 647 4549 iu
672 4486 752 4567 ipsis
777 4486 967 4550 ducentibus
990 4504 1010 4549 a
1033 4482 1221 4550 claritatibus
1252 4486 1376 4552 nostris
1398 4488 1523 4556 Tacho-

221 4598 336 4678 uieusl,
360 4598 613 4680 Pirimbergensi
636 4605 669 4663 et
691 4600 860 4681 Tepeleusl
885 4617 997 4664 versus
1012 4599 1149 4682 Pragam
1171 4598 1296 4666 directo
1311 4603 1446 4668 tramite
1461 4604 1524 4670 iter
