3150 5378
226 409 293 477 590
826 410 903 461 ress.

227 646 319 714 ribus
349 645 512 714 debebunt
540 650 574 712 et
601 645 796 713 tenebuntur
822 646 900 713 dere
921 650 955 713 et
975 646 1170 714 ministrare.
1215 644 1354 729 Insuper
1384 644 1525 729 prefatus

223 759 334 845 iudex,
356 760 493 827 heredes
515 765 550 827 et
571 778 775 829 successores
797 761 849 827 sui
871 759 912 827 eb
929 759 1005 827 eliis
1028 758 1176 828 omnibus
1196 756 1360 841 oneribus,
1383 758 1523 825 mnodo

228 873 334 955 nibus,
358 873 487 955 steens,
509 874 655 957 losungis
679 878 712 941 et
733 873 965 941 donacionibus
994 871 1192 958 qmbuslibet
1222 888 1348 939 necnon
1381 871 1526 938 serviciis

233 987 383 1054 omnibus
406 986 525 1054 debent
546 1005 618 1054 esse
639 989 779 1071 exempti
793 987 922 1071 penitus
941 986 1069 1054 euobis
1091 990 1125 1053 et
1142 982 1387 1053 successoribus
1399 985 1527 1066 nostrie,

229 1099 484 1183 archiepiscopis
496 1098 724 1183 Pregensibus,
748 1099 843 1166 liberi
866 1104 899 1166 et
920 1099 1028 1166 soluti.
1051 1096 1088 1164 In
1112 1116 1250 1182 quorum
1271 1098 1418 1165 omnium
1438 1098 1528 1164 testi·

228 1213 374 1280 monium
404 1219 438 1279 et
465 1212 563 1279 robur
595 1218 751 1297 perpetue
783 1211 947 1281 firmitetis
981 1218 1126 1280 nostrum
1155 1218 1190 1279 et
1222 1210 1360 1296 capituli
1395 1211 1528 1279 ecclesie

229 1329 340 1392 nostre
361 1325 535 1408 Pregensis
558 1325 667 1409 sigillo
688 1325 729 1391 de
751 1330 840 1393 certe
858 1324 1001 1393 sciencie
1021 1324 1226 1409 presentibus
1256 1330 1309 1392 est
1337 1343 1524 1409 eppensum.

230 1440 350 1505 D'etnm
362 1439 466 1521 Prege
480 1456 564 1504 enno
580 1436 700 1504 domini
716 1437 888 1504 millesimo
904 1437 1131 1505 trecentesimo
1147 1438 1391 1522 septuagesimo
1406 1438 1526 1522 quinto¹

232 1552 286 1618 die
308 1552 434 1619 decime
456 1556 570 1618 octeve
595 1550 717 1617 mensis
739 1550 817 1616 Mei.

335 1715 394 1771 Nos
412 1731 522 1786 quoque
546 1716 634 1770 Hinco
658 1713 788 1781 decenus,
815 1714 906 1770 Pothe
929 1712 1138 1769 orchidisconus
1163 1719 1192 1769 et
1209 1714 1343 1784 megistos
1361 1714 1528 1771 edelbertus

234 1810 397 1869 scolasticus
416 1816 558 1881 totumque
580 1809 731 1881 cepitnlnm
750 1810 865 1866 ecclesie
880 1809 1030 1881 Pregensis
1049 1808 1160 1881 publice
1178 1808 1405 1881 recognoscimus
1423 1819 1452 1867 et
1469 1828 1529 1866 con-

233 1907 351 1973 fitemur,
371 1906 444 1976 quod
469 1922 553 1977 super
570 1906 739 1973 condicione,
763 1906 962 1976 resignecione‚
990 1905 1132 1978 empcione
1150 1912 1179 1962 et
1194 1905 1334 1977 promisso
1354 1922 1388 1962 sc
1406 1908 1528 1962 omnibns

233 2010 260 2060 ct
279 2002 395 2072 singulis
420 2002 618 2073 suprascriptis
644 2008 672 2057 et
695 2001 817 2072 quolibet
842 2018 935 2057 eorum
960 2018 1016 2058 nne
1039 2018 1100 2058 cum
1123 1992 1356 2059 reverendissimo
1375 2004 1405 2058 in
1423 2004 1528 2058 christo

233 2107 261 2154 et
278 2098 390 2153 domino
408 2104 513 2166 nostro,
532 2097 642 2153 domino
661 2097 798 2168 Johsnne,
816 2104 913 2155 sencte
926 2098 1075 2168 Pregensie
1094 2098 1209 2154 ecclesie
1226 2098 1450 2172 erubieplscopo,
1467 2117 1528 2170 spo-

235 2195 332 2251 stolice
349 2193 424 2249 sedis
442 2195 533 2264 legato
553 2192 721 2264 supradicto,
739 2197 881 2250 solennem
904 2201 1051 2251 trecteturn
1069 2210 1102 2250 ec
1118 2194 1279 2265 diligentem
1302 2194 1527 2255 delibemcionem

232 2291 378 2347 habuimus
398 2290 493 2361 eisque
511 2289 638 2344 omnibus
657 2295 685 2345 st
703 2290 818 2360 singulis
836 2289 979 2361 premissis
998 2290 1144 2345 annuimus
1163 2297 1191 2346 et
1208 2291 1405 2349 consensimus
1421 2308 1456 2349 ec
1472 2308 1526 2364 prs

234 2386 359 2443 sentibus
382 2385 569 2441 consentimus
588 2391 616 2439 et
634 2385 668 2439 ed
688 2401 721 2440 es
739 2385 831 2441 omnis
848 2390 877 2439 et
894 2386 1003 2456 singule
1026 2393 1151 2442 nostrum
1175 2401 1341 2458 expressum
1365 2403 1525 2444 consensuro

232 2489 260 2538 et
284 2482 438 2538 benivolum
465 2497 611 2537 assensum
636 2481 806 2537 adhibemus.
842 2482 878 2536 Et
900 2482 929 2536 in
948 2498 1043 2537 comm
1070 2481 1155 2537 robur
1180 2488 1346 2553 perpetuum
1373 2489 1402 2538 et
1418 2482 1524 2539 evidens

231 2576 419 2631 testimoninm
448 2581 593 2646 presentes
621 2576 730 2631 litterss
756 2576 837 2647 sigilli
864 2576 978 2648 cepitull
1005 2578 1094 2633 nostri
1121 2577 1294 2649 eppenslone
1319 2578 1438 2636 fecimus
1460 2594 1524 2636 corn·

234 2690 342 2728 munim.

336 2864 431 2919 Knihs
456 2862 569 2919 erekbnl
586 2862 600 2916 1
617 2863 689 2920 nel
710 2869 758 2920 too
776 2880 810 2919 rs
827 2863 952 2935 ntpisem
978 2865 1088 2930 „Litore
1111 2866 1282 2925 vendicionis
1304 2867 1404 2937 judicii
1427 2870 1457 2925 in
1476 2866 1521 2923 Pl

232 2975 333 3031 preme,
351 2958 420 3015 sliss
433 2959 462 3013 in
473 2958 678 3015 Pelhrzimow¹‘.
696 2989 729 2999 -
748 2958 865 3030 Boeoti,
883 2959 959 3014 Libri
978 2959 1146 3016 erectionem
1163 2961 1177 3015 1
1195 2967 1244 3017 str.
1264 2968 1323 3018 los.
1336 2993 1373 3003 -
1384 2964 1409 3019 V
1420 2962 1521 3019 erebim

232 3041 359 3112 Ceslrtho
388 3071 484 3110 museo
510 3055 598 3109 choro
621 3071 651 3109 se
670 3057 734 3125 σήμ.
754 3056 816 3109 liele
833 3075 861 3109 ze
878 3058 928 3109 cine
947 3059 980 3107 13
998 3058 1077 3110 leden
1096 3061 1171 3122 1414,
1199 3057 1308 3128 lrterym
1326 3058 1454 3132 emmeno
1469 3056 1520 3113 Pel·

231 3151 392 3222 blimossky
418 3150 529 3220 rychtei
546 3150 644 3206 Buublr
673 3151 754 3220 spolu
782 3151 929 3205 sknezem
957 3150 1056 3206 Jenem
1078 3151 1206 3207 Hlumcm
1231 3152 1340 3223 prodsli
1368 3154 1521 3225 ryclsttlstrl

233 3265 265 3302 re
284 3248 325 3303 vsi
343 3248 436 3302 Debre
455 3246 533 3302 Vode
551 3246 682 3315 Metejovi
701 3246 800 3314 cJeho
819 3247 989 3316 potomlrum.
1014 3246 1076 3302 List
1093 3254 1141 3303 ten
1158 3251 1204 3303 sni
1220 3248 1313 3305 trito:
1334 3248 1400 3322 ,bip
1415 3249 1521 3320 Bnnyel

231 3344 380 3399 richtsrzss
406 3342 651 3413 zPslhrzymone,
678 3343 797 3413 lrnysses
816 3342 872 3397 Jen
895 3343 1019 3398 meczeni
1043 3344 1153 3414 Hiems,
1175 3342 1262 3401 odtml
1290 3346 1520 3418 sPslbrrymors

233 3440 360 3510 cspplen,
385 3454 565 3509 wyzneweme
584 3438 700 3506 melem,
719 3439 784 3494 ktoz
807 3445 884 3494 tento
908 3438 955 3494 list
979 3439 1055 3495 bndu
1077 3440 1164 3510 crystl
1181 3440 1254 3497 neb
1271 3449 1384 3501 mtucuo
1401 3440 1522 3515 elperici,

233 3551 264 3590 ze
294 3535 442 3608 zdobrym
460 3535 638 3605 rozsmyslem
667 3534 784 3605 prodely
817 3550 891 3590 seme
924 3535 1073 3591 swobodne
1107 3535 1304 3594 ricbtsmstsrie
1337 3539 1521 3612 spolulsuyu

233 3650 256 3687 w
274 3631 362 3700 neesij
382 3647 439 3702 wsy
457 3648 479 3687 w
498 3631 617 3686 Dobrzie
636 3630 736 3686 Wodie
755 3631 943 3687 slcchetnemu
960 3630 1110 3687 cnlowieke
1126 3630 1313 3717 bisthieyosri,
1331 3634 1404 3705 gebo
1422 3634 1523 3706 clystere

233 3728 340 3800 ygeho
372 3728 465 3783 erbom
492 3727 644 3797 buduczym
670 3744 704 3783 ze
734 3734 793 3782 sest
823 3726 880 3798 lrop
909 3742 1052 3797 grossuow
1081 3728 1163 3785 berse
1192 3726 1366 3798 wicrdunlrn,
1394 3746 1523 3803 pensores

233 3822 414 3879 streiebmich
440 3822 596 3893 prezslseho
622 3839 696 3890 rnen,
723 3822 897 3892 ktereyzssto
925 3837 1051 3892 penyesy
1074 3838 1151 3893 genu
1174 3839 1239 3879 nem
1262 3822 1363 3882 (leuno
1388 3826 1525 3899 vplnpss

234 3919 346 3975 docsels
363 3920 529 3990 esplecreni,
556 3918 576 3973 k
594 3918 762 3975 wiecsnemn
779 3934 887 3989 gmeny,
904 3916 1000 3974 dmoni
1016 3934 1034 3989 y
1052 3918 1072 3974 k
1088 3920 1234 3990 posysreni
1249 3920 1317 3977 toho
1335 3922 1446 3993 glstsbo
1462 3923 1525 3979 rios

234 4015 372 4072 terreturio
388 4016 460 4071 telru
478 4015 603 4082 vnlnere,
626 4030 658 4070 ze
682 4016 789 4071 swrcbu
813 4015 893 4086 pssni
917 4014 1059 4087 Methiepg
1075 4032 1092 4086 p
1111 4016 1182 4086 gebo
1207 4015 1323 4073 budncsl
1340 4018 1434 4091 gunt
1450 4018 1528 4092 mysll

233 4113 300 4169 seis
317 4126 482 4183 przygemne
499 4128 517 4181 y
535 4111 665 4181 wzdsyne
690 4110 725 4166 od
752 4110 816 4182 lydi,
841 4110 906 4166 lrtor
930 4110 1061 4182 prodens
1079 4128 1271 4186 eprnpppms,
1292 4114 1394 4185 nnlcb
1417 4115 1528 4173 venem

234 4208 346 4265 neseich
367 4207 526 4280 poplstlrow
551 4223 614 4278 guse
637 4205 774 4279 prumien
791 4206 858 4278 byti,
890 4205 1009 4264 lessnow
1039 4206 1152 4263 neseich
1177 4224 1241 4280 με
1267 4224 1393 4283 mssnpe
1420 4210 1528 4282 bleisty

236 4322 253 4360 e
270 4305 387 4375 wiernye
404 4303 491 4375 hegiti
508 4320 526 4361 s
543 4320 622 4360 ceoss
639 4303 729 4376 produ
746 4304 831 4372 lessu,
851 4309 881 4358 to
899 4318 964 4359 nem
982 4301 1056 4376 duty,
1082 4319 1233 4374 persessus
1249 4320 1312 4376 pure
1329 4304 1368 4363 od
1383 4306 1454 4365 tollo
1471 4326 1530 4382 pro

235 4399 325 4471 denye
351 4401 443 4471 moreti,
472 4400 567 4470 srrolry
596 4417 633 4455 ne
662 4399 780 4471 nessych
807 4398 897 4454 lidech
923 4397 1046 4469 pletnich
1070 4416 1132 4470 gms
1152 4398 1304 4473 srpbierety
1326 4416 1346 4457 s
1367 4406 1400 4473 ty
1426 4406 1531 4478 ssplnps

236 4496 345 4566 wybers
362 4513 425 4566 grus
436 4512 488 4568 gye
505 4513 569 4552 num
582 4495 654 4564 ‹lsti3
673 4513 691 4551 e
708 4511 721 4551 s
735 4494 801 4551 tolno
819 4495 975 4566 polulenye,
993 4494 1120 4553 ktererss
1138 4513 1183 4553 me
1198 4497 1308 4553 ktomu
1318 4498 1533 4569 rpclrlsrssstri,

237 4592 335 4647 stobo
363 4609 463 4664 negms
489 4592 587 4664 plstyti
612 4591 737 4649 esdneho
762 4592 850 4649 rrolre
867 4606 921 4663 unp
950 4591 1096 4663 poplstku.
1125 4592 1240 4666 kronye
1268 4592 1376 4666 stupe
1404 4596 1533 4666 eumne,
