3150 5378
734 400 809 453 1²6⁶.
1387 398 1432 461 f)

129 609 351 674 hereditatum
383 612 416 670 et
448 622 600 687 agrorum
631 605 697 670 iam
729 606 889 672 cultorum
921 605 1007 671 inira
1027 605 1175 687 spatium
1194 605 1333 670 tiburis
1355 623 1433 686 sepe

132 722 222 799 dicti,
245 720 305 801 qui
326 725 512 800 respectum
532 718 695 783 habebunt
715 719 751 783 in
773 719 924 784 Policzek
952 719 1130 799 eiuintem
1151 718 1281 783 soluerat
1299 736 1434 783 censum

133 841 164 897 et
184 840 328 916 pactum
350 833 441 895 iuxta
464 831 550 912 quod
571 831 705 896 libertas
728 832 777 896 eis
800 831 876 896 data
902 830 1106 913 dignoscitur
1125 831 1300 913 exspirare.
1320 830 1364 896 ln
1385 831 1434 896 bii

135 948 203 1027 agri
224 963 291 1009 vna
313 962 388 1009 cum
410 945 499 1025 agris
521 943 625 1008 adbuc
648 945 827 1009 nemorosis
850 949 884 1009 et
905 944 1048 1013 incultis.
1078 944 1135 1027 qui
1157 943 1199 1009 ab
1219 963 1259 1009 eo
1279 949 1433 1025 tempora

136 1079 196 1140 qno
229 1058 373 1140 primum
406 1056 529 1122 fuerint
561 1057 721 1135 seminati,
755 1075 813 1138 per
843 1058 962 1139 viginti
993 1075 1096 1123 annos
1118 1057 1264 1138 plenaria
1284 1056 1435 1122 leena

137 1171 321 1253 madebunt
343 1176 377 1235 et
398 1174 601 1251 apponentur
620 1169 664 1233 ad
686 1169 781 1235 villas
801 1169 888 1235 inira
908 1171 1038 1236 miliare
1058 1188 1078 1234 a
1100 1170 1234 1235 duitate
1255 1168 1434 1251 sepedicta

139 1284 283 1349 Policzek
311 1284 395 1347 sitas
416 1288 451 1346 et
472 1282 515 1346 ad
535 1299 616 1360 mm,
643 1286 679 1345 vt
699 1282 916 1362 promisimus,
938 1283 1147 1363 pertinentes.
1168 1281 1212 1346 Et
1233 1276 1433 1364 postquam‘l

139 1395 353 1478 exspirauerit
375 1394 517 1471 libertas,
539 1393 669 1458 dabitur
690 1393 783 1459 nobis
798 1395 966 1459 annuatim
981 1394 1021 1458 de
1035 1413 1098 1460 vno
1120 1412 1248 1477 quoque
1269 1395 1434 1459 laneorum

142 1511 269 1574 istorum
291 1508 378 1573 ferto
400 1524 484 1570 vnus
506 1506 770 1572 lutomielicensis
792 1506 945 1588 ponderis
967 1512 1001 1572 et
1021 1507 1165 1589 argenti;
1202 1507 1281 1571 item
1302 1507 1436 1589 insuper

143 1620 302 1685 dabuntur
325 1620 366 1683 de
389 1618 483 1682 laneo
505 1616 650 1697 quolibet
671 1636 727 1682 sex
748 1619 818 1682 tine
840 1618 982 1700 siliginis
1009 1625 1043 1683 et
1064 1620 1204 1684 sextiae
1224 1638 1328 1684 auena
1348 1638 1437 1684 men-

145 1752 210 1799 sore
239 1734 282 1796 ad
304 1748 442 1814 precem
472 1730 557 1811 apud
579 1730 739 1796 Lutomisl
762 1732 889 1796 usitate.
913 1731 955 1796 Et
978 1738 1014 1797 rt
1036 1730 1207 1797 Cunradua
1229 1731 1435 1813 supradictus

144 1846 243 1926 magis
275 1845 319 1908 sit
350 1843 512 1909 sollicitus
545 1846 579 1908 et
600 1844 744 1908 intentus
778 1843 813 1907 in
847 1844 1012 1909 locacione
1045 1851 1199 1925 protacta.
1229 1844 1435 1908 concedimus

147 1957 244 2020 eidem
266 1961 298 2020 et
319 1957 389 2021 auis
401 1954 576 2019 heredibus
598 1959 656 2018 aut
677 1955 824 2036 emptori,
847 1956 934 2038 quod
955 1957 1070 2021 laneus
1091 1957 1235 2022 decimus
1258 1975 1317 2038 per
1332 1963 1435 2023 totam

148 2069 232 2133 istam
244 2069 468 2146 hereditatem,
489 2066 531 2130 de
546 2085 611 2150 qua
625 2067 776 2145 dximm
792 2064 870 2150 οἰῶ)
885 2069 1047 2150 pertineat
1068 2070 1164 2150 pleno
1185 2071 1265 2134 iure.
1288 2069 1434 2150 Insuper.

148 2189 173 2244 rt
204 2182 372 2246 videamur
402 2180 539 2244 attolere
568 2186 602 2244 et
622 2180 794 2245 meliorare
826 2180 1033 2246 condiciones
1054 2188 1088 2245 et
1109 2188 1230 2248 statum
1250 2183 1293 2246 ad
1314 2182 1435 2247 dictam

148 2293 349 2359 hereditatem
371 2298 514 2359 noemam
535 2293 571 2357 in
593 2292 743 2358 Policzelu
766 2294 877 2358 venne
898 2295 1089 2373 volentium
1111 2300 1222 2360 nostre
1242 2296 1352 2377 gracie
1373 2294 1436 2360 sub

149 2406 268 2472 obtentu
290 2404 476 2471 inhibemus
492 2405 652 2484 striccius,
674 2425 716 2470 ne
739 2407 812 2487 quis
833 2425 890 2472 eos
912 2407 1069 2488 impediat
1090 2408 1143 2472 uel
1164 2407 1318 2486 retardet,
1338 2406 1436 2473 liber·

149 2517 336 2602 tamusqnc⁸l
364 2520 455 2600 ipsos
477 2519 518 2583 ab
539 2518 627 2584 omni
648 2519 797 2585 theloneo
826 2520 898 2585 siue
930 2527 1029 2599 muta,
1063 2538 1314 2600 secmamuaque
1345 2520 1435 2601 ipsos

151 2638 174 2694 et
192 2632 391 2698 absoluimus
421 2649 478 2714 per
506 2632 673 2697 biennium
695 2631 736 2696 ab
757 2633 844 2697 omni
866 2633 1074 2714 impeticione
1095 2635 1316 2715 cuiuscunque
1337 2650 1436 2697 cause

152 2750 173 2807 ct
201 2747 295 2827 culpe
319 2743 400 2809 alibi
422 2749 614 2826 perpetrate,
646 2744 754 2810 debito
777 2745 944 2811 dumtaxat
973 2752 1123 2828 except03
1145 2747 1211 2812 biis
1232 2747 1434 2829 interpositis

153 2864 175 2920 et
193 2858 339 2938 adiectis,
363 2857 449 2939 quod
471 2858 525 2922 via
546 2862 580 2922 et
602 2863 704 2923 strata
726 2858 856 2939 publica
870 2859 912 2924 de
926 2859 1003 2924 Alta
1017 2861 1110 2924 blata
1133 2878 1246 2925 serare
1268 2859 1434 2924 Brunnam

153 2986 195 3046 per
224 2972 348 3035 dictam
381 2971 547 3035 ciuitatem
580 2970 613 3035 in
636 2970 785 3036 Policzek
817 2976 851 3035 et
880 2990 944 3036 non
965 2970 1044 3036 alibi
1066 2990 1104 3035 ex
1127 2971 1250 3036 directo
1271 2971 1432 3052 procedat.

153 3080 315 3148 Statuimus
339 3083 481 3163 insuper,
504 3083 590 3163 quod
611 3083 830 3148 thelonearius
853 3084 925 3148 siue
958 3085 1116 3149 nunccius
1138 3085 1210 3148 elus
1233 3084 1326 3164 signa
1346 3087 1435 3146 mute

154 3211 197 3258 sne
217 3203 309 3260 extra
332 3196 498 3260 ciuitatem
531 3197 565 3261 in
588 3197 738 3260 Policzek
772 3203 805 3262 et
837 3216 900 3260 non
923 3198 958 3261 in
980 3215 1019 3261 ea
1041 3202 1172 3278 expietat
1193 3204 1226 3261 et
1247 3195 1395 3276 requirat
1415 3212 1435 3256 a

154 3308 326 3385 petoritum,
352 3316 445 3389 prout
466 3309 552 3389 apud
575 3308 683 3374 Altam
705 3310 829 3375 llutam
851 3311 921 3375 lieri
944 3318 1132 3376 consuetum
1155 3317 1213 3375 est.
1244 3309 1289 3373 Et
1310 3313 1345 3372 vt
1365 3306 1436 3370 rni-

154 3435 231 3485 uerso
264 3427 299 3485 et
332 3421 461 3501 singula
493 3421 591 3485 robur
613 3429 646 3485 et
666 3422 808 3498 visorem
831 3429 986 3504 perpetuo
1008 3424 1182 3488 valiturum
1203 3423 1333 3487 valeant
1354 3418 1436 3484 obti-

154 3548 223 3611 nere,
246 3540 415 3614 presentes
438 3534 617 3612 sigillorum
639 3540 822 3599 nostrorum
844 3543 1007 3601 caractere
1035 3537 1262 3601 mandauimua
1295 3550 1436 3598 commu-

155 3643 214 3721 nin',
235 3647 384 3715 testibus,
408 3647 462 3726 qui
486 3646 628 3725 aderant,
653 3647 843 3713 subnotatis.
868 3650 1038 3729 quisunt:
1063 3649 1209 3713 Andreas
1228 3645 1434 3711 camerarius

157 3752 304 3823 llinissius
336 3757 471 3838 dapifer,
504 3758 616 3822 Gallus
639 3760 793 3839 pincerna
815 3766 847 3823 et
871 3759 999 3825 l'lrious
1022 3762 1062 3825 de
1084 3761 1177 3824 Noua
1199 3760 1301 3824 Domo
1325 3775 1436 3822 succa·

96 3908 98 3913 -
156 3871 294 3934 nemrius
318 3870 461 3945 Boemie,
479 3870 606 3935 l'lricus
629 3871 670 3935 de
689 3872 928 3953 Dozwenhoch,
943 3874 1046 3938 Zmilo
1063 3873 1102 3937 de
1118 3873 1274 3951 Brumow,
1291 3868 1435 3947 Henko⁹l

96 3964 100 4061 l
157 3983 352 4046 marescalcus
387 3982 529 4060 Boemie,
563 3979 782 4063 Ludizlausw)
816 3984 1007 4049 forestarius
1040 3985 1197 4064 blorauie,
1233 3982 1337 4047 Cbum
1369 3997 1437 4044 ma-

158 4088 242 4156 siser
264 4094 413 4175 coquina,
437 4093 576 4158 Wenczo
599 4095 823 4176 subpincerna,
841 4096 1009 4162 Conradus
1033 4099 1072 4163 de
1096 4098 1184 4162 Reno
1197 4102 1231 4161 et
1244 4094 1301 4158 alii
1316 4092 1436 4172 plures.

96 4204 100 4249 ἱ·
158 4199 255 4269 letum
293 4207 381 4287 apud
416 4205 659 4289 Misemburk11)
694 4228 778 4274 anno
824 4210 946 4274 domini
996 4211 1168 4275 millesimo
1215 4202 1438 4270 ducentesimo

158 4319 340 4398 &nogesimo
375 4321 496 4399 quinto.
533 4321 651 4386 Datum
684 4323 770 4402 apud
804 4322 940 4403 Prapam
974 4342 1031 4404 per
1064 4340 1178 4387 manus
1209 4317 1440 4398 magistrorum

157 4420 226 4492 Petri
249 4436 281 4493 et
303 4430 406 4496 l'lrici
428 4433 742 4512 prothonotariorum
764 4440 956 4503 nostrorum.
973 4436 1086 4518 quinto
1109 4431 1265 4498 kalendas
1279 4423 1441 4499 Octobris,

156 4544 363 4607 coronacionis
387 4551 496 4609 nostre
518 4564 602 4610 auno
627 4553 749 4633 quarto.
