3098 5392
652 330 729 384 assa
1277 328 1344 401 203

101 531 335 605 tantammodo
357 538 448 621 certi,
479 537 540 606 sub
569 538 663 607 cuius
690 543 796 607 status
817 538 920 607 forma
940 539 976 605 in
997 537 1114 605 dandis
1143 539 1287 607 collectis
1308 544 1343 608 et

101 650 269 718 accionibus
295 650 434 720 debeant
462 651 624 720 stabiliter
652 670 849 736 permanere,
884 653 966 719 hanc
996 651 1169 735 specialem
1198 655 1342 737 greciam

101 761 179 830 timus
211 764 247 830 in
280 770 473 850 perpetuum
505 767 702 849 duratricem
740 770 919 834 statuentes
952 762 1087 832 firmiter
1119 770 1154 832 et
1184 766 1339 849 volentes,

101 875 320 963 addeinceps,
355 879 611 965 quandocunque
640 885 674 947 et
703 879 983 965 quocienscunque
1011 896 1070 961 per
1098 895 1157 946 nos
1186 876 1273 945 dicte
1295 879 1340 946 ci-

101 989 139 1055 nti
160 1009 224 1056 vna
246 1009 320 1058 cum
341 991 416 1058 aliis
439 992 628 1059 ciuitatibus
657 992 748 1076 regni
776 991 879 1058 nostri
901 990 1052 1059 collectae
1074 990 1127 1056 uel
1149 991 1338 1059 exacciones

101 1120 252 1187 uscunque
273 1104 397 1188 imponi
419 1107 602 1190 contigerit,
623 1106 689 1189 ipsi
711 1106 800 1172 ciues
820 1104 952 1172 racione
973 1104 1118 1187 ipsarum
1132 1104 1337 1172 collectarum

101 1217 305 1284 exaccionum
334 1237 398 1286 non
427 1221 622 1302 plusquam
649 1219 856 1286 medictatem
885 1217 967 1300 eius,
1000 1216 1086 1300 quod
1116 1222 1185 1284 tam
1214 1217 1255 1284 de
1283 1236 1339 1302 pe

101 1331 139 1396 lia
169 1349 268 1415 quam
304 1330 379 1398 aliie
411 1331 509 1398 rebus
546 1332 690 1417 ipsorum
725 1329 898 1399 mobilibus
935 1329 1013 1396 dare
1048 1328 1260 1412 tenebuntur,
1298 1330 1339 1397 de

101 1443 165 1510 lem
186 1444 267 1513 dare
287 1444 522 1512 hereditatibus
552 1449 731 1512 teneantur.
777 1446 848 1526 Quo
878 1443 965 1510 circa
993 1447 1105 1510 tenore
1133 1442 1336 1527 presencium

101 1559 204 1625 uersis
226 1564 261 1625 et
281 1559 430 1643 singulis,
459 1560 515 1645 qui
542 1558 584 1626 ad
606 1559 821 1642 colligendum
851 1576 910 1624 seu
939 1557 1160 1641 recipiendum
1189 1557 1222 1623 in
1252 1557 1339 1624 dicta

101 1670 176 1737 itate
206 1671 486 1739 Luthomericensi
523 1671 708 1739 huiusmodi
745 1672 896 1739 collectas
928 1676 962 1737 et
993 1669 1181 1745 exacciones
1216 1668 1340 1737 inerint

101 1785 221 1867 adtuli,
251 1785 440 1853 mandamus
469 1783 605 1853 firmiter
633 1790 667 1852 et
688 1803 848 1869 expresse,
882 1788 1041 1869 quatenus
1074 1783 1166 1851 iuxta
1193 1782 1339 1866 predicte

101 1899 154 1962 dre
181 1899 291 1980 gracie
319 1904 354 1965 et
383 1898 601 1966 ordinacionis
629 1897 765 1966 formam
794 1903 828 1964 et
856 1915 921 1964 non
951 1896 1047 1963 aliter
1068 1915 1088 1963 a
1109 1896 1264 1981 predictis
1293 1897 1338 1963 ci·

101 2027 141 2074 tuo
171 2009 313 2093 metuas
346 2011 497 2079 collectas
531 2017 565 2078 et
596 2012 783 2079 exacciones
817 2011 946 2095 erigere
978 2029 1037 2077 seu
1068 2011 1233 2095 requirere
1265 2027 1338 2092 pre-

101 2127 182 2204 mant,
212 2123 298 2191 sicut
325 2125 586 2208 indignacionem
615 2130 759 2192 nostram
784 2123 969 2208 cupiueriut
997 2123 1130 2190 euitare.
1175 2122 1212 2189 In
1243 2123 1335 2189 cuius

101 2237 334 2304 testimonium
353 2242 521 2321 presentes
542 2237 654 2304 literas
675 2236 746 2303 fieri
769 2242 803 2303 et
824 2236 932 2319 sigillo
955 2241 1064 2304 nostro
1080 2235 1235 2302 iussimus
1250 2254 1337 2302 com-

101 2349 172 2415 niri.
215 2350 337 2417 Datum
356 2350 461 2435 Prage
482 2369 567 2419 enno
590 2351 711 2419 domini
736 2349 907 2418 millesimo
934 2349 1159 2416 trecentesimo
1181 2347 1335 2416 vicesimo

101 2462 156 2543 rio,
177 2461 271 2530 ΧΠΙο
291 2463 447 2531 kalendae
469 2462 674 2548 Septembris.

151 2648 221 2722 Kop.
240 2649 299 2707 XV.
318 2652 380 2708 stol
399 2668 415 2706 v
432 2651 566 2723 rukopiae
584 2633 711 2706 dositho
729 2665 826 2706 musea
843 2650 913 2720 sign.
931 2653 965 2705 it
984 2645 1016 2705 G.
1035 2654 1067 2705 12
1085 2662 1124 2704 na
1139 2646 1206 2706 lietu
1223 2655 1257 2705 ιι
1274 2668 1293 2704 a
1318 2665 1337 2706 ι

108 2763 121 2796 c
139 2762 170 2801 aa
185 2749 325 2819 nipisem:
346 2747 458 2816 ,Litora
473 2749 547 2819 regis
565 2747 712 2815 lobannis,
730 2746 867 2817 quomodo
886 2746 962 2802 ciues
980 2745 1156 2801 medietatem
1173 2745 1209 2800 de
1226 2745 1334 2803 heredi·

102 2839 150 2896 bus
161 2850 188 2897 et
200 2844 230 2913 (l)
242 2844 325 2899 rebus
343 2844 490 2900 mobilibus
503 2843 607 2899 debent
617 2843 747 2899 collectas
757 2840 851 2909 dare“,
868 2857 886 2897 a
902 2843 1019 2897 rttmie
1036 2841 1169 2912 rnlropiae
1186 2857 1224 2898 na
1240 2842 1259 2898 l.
1277 2845 1336 2898 tot

101 2935 134 3005 tii
150 2939 263 3008 pielrlad
280 2958 296 2994 a
314 2942 376 2995 tede
393 2939 465 3011 doby
483 2956 517 2995 aa
534 2939 673 3010 capisam:
695 2938 772 3005 ,List
795 2936 873 2992 krala
891 2937 1009 3003 denuoi,
1027 2940 1059 2990 te
1077 2933 1199 2991 medient
1218 2938 1336 3008 polonici

101 3028 226 3089 ltdiostvie
243 3052 261 3090 a
278 3055 293 3089 z
311 3036 442 3091 statknov
460 3035 596 3106 movitych
617 3034 702 3090 berne
720 3033 787 3102 maji
804 3031 888 3088 dati“.
924 3031 949 3085 V
966 3031 1103 3101 plekladu
1121 3033 1176 3088 arci
1195 3048 1225 3088 ee
1244 3037 1335 3105 pravi:

101 3136 128 3181 oo
138 3132 265 3187 zalaitnie
278 3132 370 3187 milost
380 3132 478 3187 iintmc
489 3131 574 3188 rdine
585 3133 683 3198 troald,
696 3130 850 3199 ustavnjlce
862 3129 950 3199 perne
960 3144 977 3183 a
986 3128 1099 3200 chtiece,
1110 3132 1143 3183 le
1153 3134 1247 3199 potom
1259 3129 1336 3200 vidy,

101 3227 125 3290 pl
140 3227 191 3282 loli
210 3228 288 3284 berni
305 3229 399 3285 vloaiti
417 3231 448 3284 ab
465 3228 556 3296 ndtlo,
574 3228 621 3284 oni
638 3227 760 3283 millene
779 3226 805 3280 te
823 3226 908 3280 berne
927 3241 944 3280 a
960 3225 1082 3281 loznnku
1100 3225 1145 3280 nic
1156 3225 1277 3296 [ricdtti
1289 3243 1335 3283 ne-

101 3320 136 3391 ·j1]‚
151 3329 198 3378 nei
212 3325 339 3395 polonici,
357 3328 405 3380 eoi
424 3325 512 3380 atech
530 3325 617 3394 penda
635 3324 706 3378 nabo
722 3321 818 3392 jinych
836 3320 972 3392 movltych
989 3323 1048 3376 vect
1065 3319 1123 3375 dati
1139 3320 1234 3376 dlnlni
1252 3322 1335 3390 budda,

101 3417 145 3472 obo
161 3421 319 3477 dediostril.
340 3453 371 3461 -
391 3420 487 3488 Hicine,
504 3419 632 3474 Mittheil.
650 3419 669 3474 f.
688 3417 786 3473 Gescb.
805 3416 831 3470 d.
849 3416 882 3470 D.
907 3417 936 3470 in
954 3415 985 3469 B.
1011 3416 1137 3472 xxvna
1155 3423 1204 3472 atr.
1223 3423 1282 3473 308.
1302 3447 1335 3459 -

101 3510 139 3568 boi
152 3516 213 3584 dno,
231 3517 288 3589 kdy
307 3517 369 3572 kral
386 3517 441 3573 Jan
460 3516 540 3587 vydal
560 3515 754 3571 Litomeiicdm
771 3519 831 3568 tuto
850 3513 954 3579 listina,
972 3510 1019 3568 dal
1036 3513 1208 3583 obyvateldm
1227 3513 1335 3569 krilov·

102 3594 241 3668 tdeskcho
261 3616 305 3668 tei
323 3629 425 3680 revers,
443 3616 476 3666 ie
494 3611 530 3668 od
548 3611 611 3666 nich
629 3609 741 3666 obdriel
764 3609 886 3679 vdeohny
904 3609 996 3675 berne,
1014 3609 1130 3679 kterymi
1148 3625 1193 3663 mu
1212 3609 1268 3679 byli
1284 3626 1334 3680 po-

101 3705 134 3772 ni,
149 3723 167 3762 a
182 3711 214 3763 ie
232 3708 269 3765 od
287 3708 352 3764 nich
369 3707 478 3764 nebude
499 3706 586 3763 tadnt
605 3707 690 3762 barne
707 3705 807 3772 iadati,
825 3704 867 3760 led
884 3704 920 3775 by
939 3720 969 3760 ee
986 3721 1033 3759 mu
1050 3704 1132 3761 dcera
1149 3703 1264 3761 vdavala
1281 3706 1335 3762 neb

101 3818 105 3853 ι
115 3802 176 3870 jobo
194 3805 241 3876 byl
259 3805 428 3860 lrorunovin.
464 3803 603 3872 Slibovalt,
623 3801 712 3875 ,quod
730 3818 748 3857 a
765 3800 846 3856 dictis
864 3801 961 3857 incolis
981 3808 1008 3857 et
1026 3816 1110 3871 reguo
1122 3800 1246 3871 predicto
1258 3817 1334 3858 occa·

101 3912 123 3951 no
139 3899 220 3956 bnins
238 3901 283 3955 rel
296 3899 353 3954 alis
364 3915 525 3970 quacunque
538 3915 623 3955 causa
634 3912 775 3968 nunquam
787 3897 900 3952 inantea
912 3896 1030 3967 aliquam
1045 3897 1209 3968 recipiemus
1220 3898 1334 3954 bernam

113 4003 247 4066 petemus,
259 3997 314 4052 nisi
331 4003 448 4064 tantum,
468 3996 492 4051 si
510 3996 590 4052 nobis
603 3996 694 4066 alique
712 3993 769 4050 filie
782 4001 846 4065 post
862 3994 955 4050 datam
974 3995 1148 4065 presencium
1167 3993 1334 4066 disponente

101 4110 136 4150 na
154 4094 250 4164 gracia
267 4101 455 4161 nascerentur,
476 4100 504 4149 et
520 4100 586 4149 tunc
604 4109 654 4163 pro
672 4093 736 4160 illis,
754 4090 882 4147 videlicet
899 4108 949 4162 pro
962 4091 1084 4162 qualibet
1101 4106 1206 4161 earnm,
1224 4089 1288 4147 dam
1300 4089 1335 4147 ad

101 4207 127 4246 os
154 4190 266 4246 nubiles
294 4190 453 4261 peruenerit
470 4196 498 4246 et
523 4189 626 4246 tradita
642 4189 725 4245 inerit
753 4190 851 4261 copule
869 4190 996 4257 maritali,
1020 4196 1084 4261 post
1108 4190 1159 4246 hoc
1176 4188 1332 4245 immediate

101 4304 132 4344 oo
150 4304 207 4344 vno
226 4303 303 4343 anno
320 4289 409 4343 incolo
427 4286 552 4358 predicti,
569 4287 690 4343 rniuersi
710 4295 737 4344 ot
756 4288 864 4358 singuli,
883 4287 1034 4358 predictam
1052 4288 1165 4343 bernam
1183 4302 1235 4357 per
1253 4300 1335 4340 mum

101 4403 182 4452 mem,
200 4382 330 4440 videlicet
348 4380 465 4439 sedecim
485 4398 596 4452 grossos
615 4382 744 4439 denarios
762 4383 829 4439 dare
847 4381 881 4439 dc
902 4384 983 4440 laneo
1002 4383 1125 4454 quobbet
1141 4382 1333 4438 tenebuntur.“

101 4483 147 4550 ier,
167 4480 295 4550 Regesta
311 4478 360 4533 ΠΙ.
378 4477 400 4533 b.
418 4482 484 4564 8933
504 4495 575 4534 eros.
594 4481 638 4534 tsi
656 4478 678 4533 d.
699 4482 786 4548 1046.)
