3098 5392
695 446 772 499 1860.
1329 442 1394 509 553

101 653 148 720 uel
171 654 255 736 ipsis
277 674 336 738 pro
359 655 477 723 debitis
499 655 685 724 huiusmodi
707 654 844 723 fecerint
865 654 994 721 iusticie
1014 653 1297 736 complementum
1320 673 1393 738 pro·

101 767 227 835 uisurus
252 771 390 852 omnino,
413 788 456 836 ne
477 770 511 835 in
538 771 731 837 execuaione
760 768 891 836 iusticie
919 773 953 834 te
981 768 1199 851 negligentem
1228 768 1302 850 biis,
1336 769 1391 852 qui

101 881 184 946 illam
207 887 322 964 petunt
344 888 377 950 et
399 883 558 965 pecierint
579 884 779 963 infuturum,
803 881 964 962 exhibeas,
996 881 1054 947 sed
1078 881 1163 947 omni
1188 899 1265 947 aura
1287 887 1320 946 et
1342 900 1393 948 so·

101 995 267 1061 licitudine
288 995 371 1062 iuris
393 1003 426 1063 et
448 997 579 1064 iusticie
601 997 704 1064 cultor
727 995 858 1078 existas,
882 1001 978 1078 prout
996 995 1256 1078 indignacionem
1269 995 1392 1078 regiam

101 1114 128 1173 et
151 1126 268 1192 penam
298 1129 357 1194 pro
380 1111 582 1194 negligencia
604 1111 745 1178 debitam
775 1109 886 1194 diligis
916 1111 1050 1176 euitare.
1094 1108 1303 1175 Presenoium
1333 1107 1392 1173 sub

101 1222 276 1304 imperialis
313 1223 494 1291 maiestatis
529 1230 639 1291 nostre
672 1225 781 1307 sigillo
817 1223 1003 1292 testimonio
1037 1222 1226 1289 litterarum.
1272 1222 1392 1287 Datum

101 1333 201 1417 Prage
222 1355 307 1402 anno
329 1336 451 1404 domini
470 1337 643 1405 millesimo
657 1337 885 1405 trecentesimo
900 1336 1168 1420 quinquagesimo
1182 1355 1277 1417 nono,
1300 1333 1395 1401 vn1⁰

102 1447 252 1513 lralendas
274 1447 367 1531 iulii,
390 1468 561 1534 regnorum
587 1456 769 1517 nostrorum
790 1469 875 1516 anno
889 1450 991 1517 tercio
1007 1450 1141 1531 decimo,
1164 1449 1292 1532 imperii
1316 1466 1391 1514 vero

102 1563 219 1644 quinto.

202 1719 265 1798 [Na
291 1719 407 1805 rubu:]
452 1722 488 1787 R.
512 1721 685 1788 Milionius.

393 1859 457 1943 [Na
479 1859 595 1944 obbnt]
616 1860 679 1927 Per
701 1861 865 1927 dominum
881 1909 913 1926 ..
937 1860 1139 1927 Mindensem
1162 1860 1348 1943 episcopum

779 1973 933 2040 Nicolaus
956 1974 997 2040 de
1020 1972 1199 2040 chremser.

200 2145 273 2215 Orig.
291 2161 365 2216 perg.
385 2164 400 2200 v
419 2145 531 2200 archivo
550 2163 584 2200 m.
601 2146 699 2201 Peme.
726 2144 744 2199 S
762 2144 862 2200 vellrou
880 2144 968 2215 pedeti
985 2145 1131 2202 olsalskou
1148 2144 1333 2213 ronlomenon,
1353 2160 1389 2199 na

102 2257 169 2310 perg.
190 2240 318 2311 prouilru
329 2241 493 2296 sardienou.
511 2272 546 2282 —
562 2240 767 2307 Posern-Klett,
784 2240 1008 2297 Urlrundenbueh
1026 2242 1077 2297 der
1087 2241 1182 2296 Stante
1193 2240 1321 2296 Dresden
1335 2238 1390 2294 und

102 2335 177 2391 Pirna
196 2342 246 2390 atr.
265 2342 323 2391 862.

664 2500 729 2582 Cis.
754 2517 826 2582 380.

428 2688 526 2770 1359,
548 2687 591 2755 16
613 2683 705 2756 aiii.
728 2688 1054 2758 Vbltomeiiolob.

103 2858 191 2928 Oisar'
224 2863 325 2928 Kurel
355 2864 377 2928 I
381 2864 409 2926 V
435 2865 579 2948 acibuje
612 2863 765 2931 Beaetoei
794 2884 815 2928 u
843 2859 971 2930 Jestovi
998 2882 1016 2928 e
1043 2858 1264 2928 Varcenuerta
1297 2880 1318 2924 a
1346 2880 1390 2924 aa

103 2979 224 3053 De'dtnd,
248 2977 309 3059 obp
330 2977 477 3043 neiddali
498 2978 538 3044 od
552 2981 698 3044 ‚narone
713 2975 907 3061 Perenskgicb
928 2977 978 3042 cla
1006 2997 1024 3041 a
1046 2974 1115 3060 jict
1147 2974 1220 3040 osob
1252 2995 1274 3039 a
1306 2971 1389 3047 boni,

103 3090 175 3173 idyl
199 3111 234 3156 ee
255 3090 342 3156 eboli
353 3090 535 3173 kapeclce‘bo,
549 3094 603 3174 βοὶ
622 3092 746 3176 nopr'ed
762 3091 893 3173 periali,
912 3089 1007 3155 anebo
1022 3090 1075 3172 jei
1095 3109 1134 3154 ea
1154 3088 1236 3153 nimi
1256 3108 1290 3153 ae
1311 3107 1390 3161 arete,

392 3207 437 3272 clo
459 3207 662 3273 oKninicieb
683 3207 740 3272 neb
762 3206 916 3271 obeant
934 3203 1091 3289 sapietati.

201 3380 342 3448 Karalus
375 3387 509 3465 quartus
539 3383 653 3449 diuina
682 3383 813 3448 fauente
842 3381 1016 3448 clemencia
1045 3379 1261 3446 Romanorum
1291 3377 1390 3459 impe·

104 3501 184 3561 rator
208 3512 336 3577 semper
357 3501 515 3579 augustus
538 3502 571 3562 et
593 3497 724 3563 Boemie
743 3516 807 3563 rex.
831 3494 1001 3562 Nobilibus
1016 3493 1196 3560 Benescbio
1211 3497 1245 3558 et
1259 3489 1390 3556 Jesaoni

104 3609 135 3676 le
165 3608 390 3692 Wartemberg
421 3609 518 3676 dietis
548 3610 588 3676 de
618 3610 767 3704 Themin,
801 3607 949 3674 fidelibus
980 3608 1049 3673 suis
1079 3607 1216 3686 dilectis,
1249 3604 1390 3687 graciam

104 3742 189 3788 snam
213 3729 247 3789 et
269 3722 509 3789 omnebonum.
538 3723 704 3789 Fidelitati
726 3728 834 3789 vestre
855 3721 1051 3805 precipimus
1075 3724 1107 3785 et
1128 3718 1316 3785 mandamns
1339 3735 1388 3782 se-

104 3837 193 3915 ipse,
217 3841 387 3935 quatenus,
410 3836 486 3902 dum
509 3842 541 3902 et
563 3837 716 3920 quociens
740 3837 828 3903 ciues
850 3836 953 3902 nostri
976 3835 1149 3900 Pinnenses
1172 3850 1294 3899 merces
1314 3848 1390 3897 suas

108 3969 128 4014 n
151 3967 239 4031 aqua
260 3967 318 4016 seu
342 3951 375 4015 in
397 3955 485 4015 terra
507 3950 699 4016 deduxerint
728 3955 760 4015 et
789 3951 919 4016 racione
949 3949 1124 4015 earundem
1146 3948 1300 4013 mercium
1321 3944 1391 4011 the·

105 4064 219 4130 eninm
242 4062 275 4128 in
298 4062 445 4146 Knyniea
467 4068 524 4128 ant
546 4066 579 4130 in
602 4064 742 4130 Theczin
757 4064 981 4146 permiserint,
1005 4069 1039 4128 rt
1061 4067 1177 4128 extunc
1193 4059 1272 4126 dicti
1287 4059 1391 4125 nostri

105 4178 186 4244 tiues
212 4193 311 4244 causa
334 4177 535 4243 mercimonii
558 4183 670 4243 euntes
694 4178 765 4243 siue
786 4177 995 4244 mercimonia
1018 4194 1086 4249 sua,
1116 4176 1157 4241 de
1182 4174 1299 4258 quibua
1321 4173 1391 4240 the-

105 4291 228 4371 unium,
263 4295 298 4354 vt
331 4290 519 4373 predicitur,
553 4291 787 4372 persoluerunt,
824 4291 1040 4373 precesserint
1072 4296 1129 4354 aut
1162 4288 1285 4354 fuerint
1317 4286 1391 4353 sub·

107 4405 208 4486 ecuti
241 4402 281 4470 de
314 4402 461 4485 personis
487 4408 544 4469 aut
573 4403 665 4486 equis
688 4422 798 4469 eorum
820 4404 1003 4469 theloneum
1026 4403 1156 4483 aliquod
1178 4401 1306 4467 soluere
1327 4420 1389 4467 non

105 4524 264 4603 ogantur,
288 4518 434 4583 nolentes
458 4534 513 4582 eos
538 4517 571 4582 in
594 4518 654 4583 hoe
676 4517 859 4599 aliqualiter
882 4517 1041 4599 impediri.
1065 4517 1102 4581 In
1125 4516 1217 4582 cuius
1236 4517 1284 4582 rei
1299 4516 1391 4582 lesti-

105 4634 239 4702 nonium
261 4631 406 4713 sigillum
428 4636 572 4696 nostrum
595 4631 701 4696 minus
728 4631 932 4712 presentibus
955 4636 1006 4697 est
1026 4648 1226 4712 appressum.
1270 4630 1389 4697 Datum
