3098 5392
688 429 765 483 rear.
1309 431 1374 498 735

68 642 140 706 uelo
166 641 356 707 deuocionis
379 640 508 705 accensi
532 641 565 705 in
592 658 724 705 suarum
741 646 774 706 et
788 642 1030 722 progenitorum
1047 659 1177 707 suorum
1193 643 1372 708 animarum

67 752 250 818 remedium
280 754 382 817 altars
404 751 498 818 beate
520 752 626 818 Maris
648 754 788 835 virginis
811 753 953 834 gloriose
980 754 1014 818 in
1037 754 1175 820 ecclesia
1196 756 1374 837 parochiali

65 867 101 930 in
127 866 306 949 Pilgrsyms
328 864 370 930 de
393 883 477 930 nouo
500 864 720 946 fundaucrint,
743 867 954 947 extraxerint,
978 868 1140 932 erexerint
1159 886 1282 935 necnon
1299 888 1373 936 con-

65 979 160 1061 gruis
184 977 334 1044 censibus
357 978 400 1043 ad
421 996 499 1044 rsus
523 979 667 1044 ministri
691 980 804 1045 altaris
827 980 932 1062 ipsius
956 978 1155 1047 sufficienter
1178 981 1372 1061 domuerint,

64 1090 233 1158 maiestati
254 1096 365 1157 nostre
387 1090 554 1157 humiliter
576 1096 609 1156 et
623 1091 743 1158 denote
765 1093 995 1175 supplicantes,
1021 1098 1180 1175 quatenus
1203 1095 1244 1160 ad
1260 1096 1373 1162 huius·

63 1205 156 1272 modi
169 1204 406 1285 fundacionem,
426 1205 675 1284 extruccionam,
691 1207 892 1272 ereccionem
907 1211 940 1272 et
954 1206 1157 1273 dotacionem
1180 1227 1372 1276 consensum

62 1322 214 1384 nostrum
230 1322 264 1383 et
277 1335 448 1383 assensum
470 1323 617 1384 nostrum
631 1318 758 1401 regium
780 1304 933 1386 adbibere
948 1339 1128 1403 censusque
1143 1322 1369 1404 infrascriptos

64 1432 155 1499 dicto
178 1432 274 1497 altari
298 1436 332 1497 et
353 1449 411 1513 pro
434 1432 546 1497 ssibus
577 1432 721 1498 ministri
751 1433 865 1499 altaris
896 1434 1002 1517 ipsius
1026 1436 1242 1517 incorporare,
1265 1436 1369 1501 inuis·

64 1565 188 1627 cerate,
212 1550 386 1611 annectere
409 1552 443 1610 et
457 1546 550 1611 unire
572 1547 766 1612 auctoritate
789 1547 880 1630 regia
896 1548 1028 1614 Boemie
1051 1549 1232 1631 graciosius
1255 1549 1368 1630 digna·

61 1678 185 1726 remur.
222 1659 347 1725 Census
371 1676 446 1725 vero
470 1658 550 1725 dicti
573 1659 687 1725 altaris
711 1664 786 1724 sunt
815 1660 872 1740 hii,
904 1660 1072 1726 videlicet:
1108 1665 1179 1728 octo
1210 1680 1370 1745 sexageno

61 1791 252 1857 grossorum
276 1791 392 1838 census
415 1773 516 1837 annui
539 1772 572 1836 in
596 1777 629 1838 et
651 1790 749 1855 super
772 1773 850 1838 villa
872 1773 913 1838 de
928 1773 1085 1839 Brawoda
1109 1775 1184 1858 (sic)
1208 1793 1267 1857 per
1281 1776 1369 1842 Bun·

59 1888 182 1953 iconem
204 1886 363 1967 prefatum
386 1887 510 1967 legate,
542 1886 619 1950 item
653 1885 717 1950 due
739 1903 899 1967 sexageno
921 1905 1106 1967 grossorum
1129 1906 1245 1954 census
1268 1889 1368 1954 annui

61 2019 124 2084 per
146 1999 268 2065 dictum
293 1998 457 2064 Andream
487 1999 519 2063 in
543 2003 576 2064 et
598 2017 696 2081 super
726 1998 850 2063 duobus
883 1999 986 2065 laneis
1016 2000 1057 2065 ad
1079 2001 1188 2066 villam
1211 1999 1367 2068 Holokow

61 2113 301 2197 pertinentibus
324 2112 439 2193 legate.
462 2111 531 2177 Nos
554 2130 640 2192 vero,
671 2112 726 2193 qui
749 2111 961 2177 racionabilia
993 2118 1067 2178 vota
1091 2113 1307 2194 quorumlibet
1327 2115 1367 2180 li·

59 2228 178 2292 beuter
200 2225 434 2307 amplectimur,
459 2225 501 2290 ad
523 2225 652 2290 laudem
675 2225 905 2307 omnipotentis
932 2226 993 2289 Dei
1018 2225 1153 2309 eiusque
1176 2228 1366 2294 intemerate

59 2340 232 2422 genitricis
255 2339 393 2421 virginis
416 2338 521 2404 Mario
544 2338 664 2404 dictam
686 2337 922 2419 fundacionem,
954 2340 1201 2421 entrnccionem,
1225 2343 1365 2408 ereccio·

58 2471 137 2519 nem
152 2456 185 2517 et
200 2451 403 2518 dotacionem
419 2452 479 2517 sub
495 2452 582 2518 omni
605 2451 698 2518 modo
715 2456 749 2518 et
763 2451 876 2533 forma,
900 2452 1017 2535 quibus
1040 2472 1098 2536 per
1111 2453 1255 2535 prelatos
1276 2455 1364 2521 Bun-

57 2566 181 2632 konem
210 2569 243 2630 et
272 2563 436 2631 Andream
465 2564 654 2631 fundatores
688 2563 783 2645 facta,
819 2565 967 2630 ordinata
1000 2570 1033 2631 et
1061 2567 1181 2633 litteris
1214 2567 1364 2634 roborata

58 2679 217 2758 existunt,
239 2682 328 2743 ratas
351 2683 384 2744 et
405 2682 515 2760 gratas
538 2677 693 2744 habentes
725 2678 987 2761 proscriptosque
1014 2697 1130 2745 census
1154 2680 1241 2747 dicto
1267 2682 1363 2748 altari

14 2814 17 2819 ·
59 2800 92 2858 ct
116 2810 175 2874 pro
199 2791 310 2857 vribus
333 2791 474 2857 ministri
498 2792 613 2873 ipsius,
636 2792 692 2875 qui
715 2796 765 2857 est
788 2792 838 2857 vel
854 2809 911 2873 pro
927 2796 1073 2874 tempore
1094 2791 1203 2874 fuerit,
1226 2812 1288 2860 nou
1304 2812 1362 2876 per

57 2923 204 2972 errorem
217 2912 274 2971 aut
288 2905 480 2986 improuide,
505 2905 563 2970 sed
585 2907 692 2971 animo
708 2904 897 2985 deliberato,
913 2907 1109 2971 auctoritate
1123 2907 1214 2989 regia
1229 2906 1362 2973 Boemie

57 3023 91 3084 et
115 3017 156 3082 de
189 3022 277 3082 certa
299 3022 411 3083 nostra
442 3017 583 3084 sciencia
605 3018 858 3099 incorporamus,
889 3019 1136 3100 inuisceramus,
1158 3021 1360 3086 annectimus

57 3136 91 3196 et
125 3131 263 3211 vnimus,
298 3130 509 3197 decernentes
534 3137 566 3197 et
596 3131 636 3197 de
666 3131 869 3213 plenitudine
902 3133 1072 3213 potestatis
1105 3133 1195 3214 regie
1225 3131 1361 3199 firmiter

58 3249 253 3321 statuentes,
286 3245 372 3326 quod
395 3244 494 3311 iidem
517 3265 632 3312 census
656 3245 803 3310 adinstar
825 3245 962 3311 aliorum
985 3245 1139 3311 bonorum
1162 3246 1358 3312 ecclesiasti·

56 3376 171 3425 corum
193 3363 350 3440 perpetua
371 3359 534 3441 gaudeant
549 3365 582 3424 et
596 3360 737 3440 gaudere
757 3358 895 3423 debeant
910 3356 1069 3439 libertate,
1093 3359 1224 3440 prouiso
1240 3365 1357 3440 tamen,

56 3471 144 3553 quod
163 3472 218 3553 jus
242 3477 431 3553 patronatus
454 3473 566 3538 altaris
599 3473 736 3554 predicti
769 3473 810 3536 ad
837 3471 1000 3553 predictos
1023 3472 1214 3537 Buukouem
1237 3479 1270 3538 et
1292 3474 1357 3537 An·

55 3585 170 3651 dream
200 3590 233 3650 et
261 3586 406 3667 ipsorum
440 3587 574 3652 heredes
608 3587 773 3668 perpetuis
804 3586 921 3651 debeat
953 3585 1150 3667 temporibus
1184 3587 1355 3667 pertinere.

55 3697 251 3764 Mandemus
274 3696 375 3779 igitur
405 3698 567 3763 rniuersis
599 3703 631 3762 et
654 3699 790 3779 singulis
822 3699 1034 3780 principibus,
1068 3698 1299 3765 ecclesiasticis
1322 3704 1355 3765 ct

54 3810 270 3890 secularibus,
299 3810 484 3890 baronibus
517 3809 689 3891 nobilibus,
721 3812 890 3891 militibus,
925 3811 1107 3892 clientibus,
1138 3811 1355 3893 burggrauiis,

54 3922 262 4004 officialibus,
286 3923 466 4003 ciuitatum,
483 3924 651 4005 opidorum
667 3930 699 3989 et
715 3925 863 3990 villarum
887 3924 1169 3990 communitatibus
1185 3943 1224 3990 ac
1239 3927 1355 3991 ceteris

53 4035 178 4103 nostris
212 4041 246 4101 et
277 4036 368 4118 regni
399 4037 532 4102 Bosmie
563 4037 701 4103 subditis
732 4045 764 4103 et
792 4036 942 4103 fidelibus
973 4036 1108 4103 firmiter
1138 4043 1170 4103 et
1192 4038 1350 4119 districte,

52 4154 216 4234 qnatenus
247 4150 405 4233 prelatum
435 4152 625 4230 altaristam,
661 4153 715 4234 qui
747 4157 797 4217 est
824 4152 875 4216 vel
910 4171 968 4233 pro
1001 4157 1146 4235 tempore
1178 4150 1286 4232 fuerit,
1320 4152 1354 4217 in

51 4263 263 4348 possessione
293 4270 325 4330 et
348 4265 558 4347 perceptione
588 4285 742 4332 censuum
765 4265 982 4348 predictorum
1005 4285 1069 4332 non
1092 4265 1271 4348 impediant
1293 4284 1353 4332 nec

50 4377 206 4460 impediri
227 4396 287 4461 per
308 4378 491 4461 quempiam
513 4380 692 4462 paciantur,
717 4378 773 4444 sed
789 4378 901 4460 pocius
923 4379 1009 4445 circa
1032 4379 1219 4444 huiusmodi
1242 4383 1351 4447 nostro

50 4493 185 4560 nomine
208 4498 446 4574 manuteneant,
470 4499 640 4575 protegant
656 4500 686 4557 et
703 4491 877 4558 efficaciter
900 4498 1060 4573 tueantur,
1084 4497 1181 4575 prout
1203 4491 1351 4574 indigna·

50 4608 180 4675 cionem
203 4612 347 4673 nostram
362 4608 589 4688 grauissimam
607 4606 767 4671 volueriut
783 4607 890 4672 arcius
910 4607 1041 4672 euitare.
1066 4606 1275 4672 Presencium
1290 4606 1350 4673 sub

1144 4724 1177 4773 so
