3150 5378
131 402 173 468 68
754 394 829 445 12⁷8.

132 611 288 677 violenter
309 608 360 674 vel
383 607 493 673 furtim
516 606 686 688 acceperit,
711 605 738 671 si
768 609 881 687 raptus
909 604 1017 685 luerit,
1050 605 1110 686 illi,
1134 606 1226 672 cuius
1247 607 1321 688 agri
1345 614 1433 689 sunt,

132 726 166 790 in
202 723 326 789 fertone
347 726 381 787 et
401 721 503 787 iudici
526 721 559 786 iu
582 719 716 785 dimidio
746 718 870 784 fertone
897 719 1114 800 respondebit.
1161 719 1196 786 si
1222 725 1333 786 autem
1355 740 1434 789 noc·

132 844 382 918 tumotempore
403 835 623 917 deprehensus
639 833 739 899 simili
761 831 847 899 facto
868 831 977 913 fuerit,
1000 851 1058 915 pro
1081 831 1154 898 fure
1175 833 1432 917 iudicabitur.³⁷)

134 951 210 1036 [52].
233 951 324 1030 Item,
346 949 402 1032 qui
424 948 458 1015 in
480 952 573 1031 prato
596 947 816 1030 deprehensus
831 945 931 1012 fuerit
945 951 1039 1012 nocte
1061 947 1112 1012 rel
1136 946 1199 1028 die,
1221 947 1264 1013 ad
1286 947 1432 1016 iudicem

134 1067 183 1131 vel
207 1065 247 1130 ad
270 1063 428 1129 iudicium
461 1061 596 1127 ducetur
618 1064 652 1125 et
674 1059 784 1125 statim
806 1057 847 1124 de
869 1059 1001 1124 ciuitate
1024 1077 1084 1125 uec
1106 1059 1225 1126 ictibus
1252 1078 1313 1126 nec
1336 1061 1432 1128 iacti-

132 1179 194 1245 bus
216 1176 389 1260 fugabitur,
413 1173 499 1241 infra
520 1193 640 1240 annum
661 1191 724 1239 uon
746 1190 946 1239 reuersurus.
992 1173 1036 1238 Et
1059 1172 1087 1239 ai
1115 1192 1188 1240 cum
1209 1191 1291 1256 equo
1314 1181 1431 1258 raptus

132 1292 233 1359 fuerit
247 1309 320 1356 cum
337 1289 479 1372 pondere
501 1288 690 1371 graminum,
714 1287 814 1352 iudici
833 1284 1041 1368 respondebit
1061 1286 1096 1351 in
1119 1287 1226 1353 lotone
1248 1291 1281 1353 et
1302 1288 1373 1354 leso
1396 1291 1430 1355 in

133 1405 268 1472 dimidio
290 1399 466 1486 farronefli)
492 1398 571 1489 [53].
594 1400 684 1481 Item,
707 1400 815 1465 nullus
837 1399 992 1466 baronum
1012 1399 1063 1466 vel
1085 1400 1241 1467 nobilium
1263 1406 1323 1467 aut
1344 1403 1431 1469 mili·

133 1523 202 1585 tum
224 1524 281 1584 aut
302 1515 550 1599 prouincialium
584 1515 655 1580 siue
685 1514 854 1580 curialium
883 1514 1025 1598 aliquam
1054 1513 1246 1580 violenciam
1275 1516 1329 1581 vel
1359 1534 1432 1599 pre-

135 1632 353 1715 sumpcionem
375 1631 410 1695 iu
428 1629 540 1695 eadem
556 1628 689 1693 ciuitate
704 1632 815 1693 nostra
830 1632 941 1693 contra
952 1627 1091 1711 aliquem
1104 1646 1253 1696 exercere
1263 1637 1433 1711 presumat

135 1764 194 1811 nec
224 1746 331 1827 capiat
351 1744 421 1809 sine
452 1742 536 1807 scitu
566 1739 685 1807 iudicis
707 1741 810 1807 nostri
833 1746 866 1806 et
887 1738 1118 1824 iuratorum.³⁹)
1143 1737 1219 1828 [54].
1242 1741 1337 1823 Item,
1360 1745 1432 1827 qui-

135 1858 214 1924 libet
235 1859 329 1924 homo
352 1855 404 1922 sui
427 1872 545 1937 conpos
569 1872 642 1919 cum
661 1852 755 1919 bonIs
778 1853 846 1919 suis
876 1854 974 1920 faciet
998 1855 1154 1938 quidquid
1177 1855 1257 1936 vult,
1278 1859 1432 1939 quemuis

137 1989 216 2037 vxor
239 1989 298 2036 aue
320 1967 520 2037 contradicat
542 1972 575 2034 et
596 1962 943 2050 pueri'reclamentw)
976 1964 1052 2054 [55].
1087 1967 1177 2048 Item,
1199 1972 1335 2050 propter
1356 1989 1432 2036 cou-

135 2082 277 2150 cordiam
306 2086 339 2147 et
370 2082 489 2148 bonum
520 2081 611 2164 pecis
644 2099 726 2146 nnus
758 2084 883 2146 tentum
917 2079 980 2145 erit
1007 2080 1104 2145 iudex
1125 2081 1160 2145 in
1183 2080 1295 2146 eadem
1318 2088 1432 2149 nostm

136 2197 270 2263 ciuitate
291 2201 325 2262 et
345 2213 408 2262 non
431 2190 593 2277 pluree.⁴¹)
625 2191 703 2280 [56].
724 2193 814 2274 Item,
839 2193 867 2258 si
890 2193 988 2258 iurati
1010 2192 1045 2258 in
1067 2193 1263 2276 maniloquio
1285 2194 1432 2277 aliquem

138 2307 372 2389 accusauerint,
396 2311 429 2373 et
451 2307 480 2372 si
501 2306 598 2372 iudex
621 2325 693 2372 cum
714 2306 796 2387 ipsis
821 2305 966 2371 indidere
986 2305 1135 2386 noluerit,
1152 2306 1255 2390 jurati
1276 2306 1432 2376 iunocen-

135 2428 184 2488 tes
218 2426 313 2489 erunt
346 2426 379 2486 et
410 2419 507 2486 iudex
540 2419 603 2484 erit
635 2419 670 2483 in
693 2414 840 2502 culpa.⁴²)
880 2415 956 2506 [57].
984 2418 1074 2500 Item,
1105 2420 1133 2485 si
1164 2419 1237 2501 quis
1259 2419 1432 2491 honerosis

136 2534 320 2616 implicatus
354 2531 472 2597 debitis
505 2549 569 2598 non
601 2530 712 2597 valens
755 2530 852 2597 rebus
889 2530 1061 2598 mobilibus
1098 2533 1292 2615 persoluere,
1331 2541 1366 2602 et
1402 2539 1431 2603 si

137 2648 233 2713 hebet
261 2645 483 2726 hereditatem,
514 2663 609 2728 quam
634 2644 683 2709 illi
706 2662 763 2726 pro
793 2642 901 2710 debito
931 2643 1099 2727 obligabit:
1131 2645 1197 2727 ille,
1220 2648 1273 2713 cui
1297 2648 1430 2732 obliget,

134 2760 220 2825 infra
249 2778 305 2826 ser
338 2759 534 2841 septimanae
568 2775 675 2824 corum
707 2757 828 2823 iudicio
862 2757 995 2823 eandem
1028 2758 1240 2825 heredItatem
1271 2762 1324 2827 ter
1355 2782 1430 2846 pro·

135 2872 295 2953 clamabit,
329 2877 361 2938 et
393 2878 467 2957 post
498 2873 617 2939 trinam
645 2872 931 2955 proclamacionem
963 2873 992 2938 si
1023 2892 1086 2939 non
1116 2874 1301 2958 excoluerit,
1330 2878 1430 2944 iudex

136 2987 198 3054 sibi
242 2987 283 3053 ed
318 3004 439 3052 annum
475 2989 508 3052 et
543 2986 585 3052 ad
626 3004 723 3050 vnum
759 2984 845 3050 diem
887 2985 1061 3050 tenendum
1104 2988 1312 3068 presentabit.
1358 2992 1430 3072 Quo

134 3100 226 3168 finito
267 3101 295 3166 si
336 3100 459 3166 nullum
495 3098 571 3164 inde
611 3097 751 3164 fructum
786 3099 940 3181 percepit,
975 3098 1071 3164 iudex
1101 3099 1163 3165 sibi
1196 3118 1268 3166 eam
1299 3104 1429 3186 proprie

136 3214 336 3298 subjugabit;
375 3214 404 3279 ai
441 3217 548 3278 eutem
589 3212 730 3293 aliquem
769 3211 845 3277 inde
885 3211 1025 3278 fructum
1064 3215 1218 3297 percepit,
1260 3219 1328 3282 tem
1373 3217 1429 3283 diu

135 3327 266 3409 tenebit,
300 3327 401 3392 donec
434 3323 558 3391 debitor
598 3320 799 3407 liberabit.⁴¹)
835 3323 912 3408 [58].
953 3326 1044 3409 Item,
1086 3328 1138 3394 cui
1178 3327 1306 3395 debitor
1349 3349 1427 3396 suus

138 3461 210 3507 cum
240 3458 337 3507 mono
367 3456 425 3520 per
452 3437 592 3504 iudicem
613 3437 712 3503 luerit
726 3441 939 3519 presentatus,
954 3438 1078 3505 tenebit
1099 3458 1172 3506 eum
1193 3441 1227 3506 in
1250 3446 1426 3525 temperate

138 3574 196 3621 nec
229 3555 349 3636 frigore
382 3553 482 3619 nimio
514 3571 574 3618 nec
603 3553 718 3633 calore,
747 3551 832 3618 ferro
854 3554 1005 3635 manuali,
1029 3559 1063 3619 et
1083 3561 1195 3636 pascet
1216 3574 1290 3621 eum
1312 3564 1426 3638 quarte

136 3672 228 3749 parte
249 3668 342 3748 panis
365 3684 422 3748 pro
445 3664 577 3731 denario
599 3664 698 3745 empti
721 3670 755 3730 et
777 3665 870 3747 cipho
900 3685 991 3748 aque.
1024 3666 1058 3733 si
1092 3672 1199 3733 arrtem
1232 3668 1331 3734 talem
1354 3688 1426 3736 ero·

137 3781 217 3846 serit
238 3780 469 3862 captiuitatem,
502 3780 536 3844 in
569 3797 768 3861 quocumque
800 3780 871 3845 loco
905 3780 1010 3861 ipsum
1051 3781 1219 3860 invenerit,
1264 3782 1426 3849 mediante

136 3892 258 3959 iudicio
279 3894 386 3976 ipsum
407 3891 537 3958 tenebit.
561 3891 595 3958 Si
617 3895 725 3957 amam
748 3911 820 3957 cum
842 3911 900 3959 suo
927 3912 1085 3960 consensu
1108 3893 1332 3976 captiuitatem
1355 3914 1426 3962 eva·

139 4006 228 4087 serit,
251 4005 315 4071 nisi
332 4005 457 4088 judicio
480 4005 641 4072 mediante
661 4006 811 4087 emplius,
835 4008 863 4072 si
886 4008 963 4088 vult,
997 4006 1037 4071 de
1069 4007 1191 4073 eisdem
1220 4007 1340 4075 debitis
1364 4011 1424 4077 eibi

140 4137 203 4184 non
226 4118 441 4200 respondebit,
464 4125 497 4185 et
519 4121 706 4198 iuramento,
730 4120 758 4184 si
783 4120 859 4199 vult,
883 4138 918 4185 se
939 4121 1141 4202 postmodnm
1157 4121 1349 4204 expurgabit
1369 4143 1425 4207 pro

137 4231 249 4297 eodem
268 4228 428 4314 debito.⁴⁴)
462 4229 539 4315 [59],
571 4232 661 4314 Item,
684 4251 793 4298 omnes
823 4238 956 4314 montes,
980 4233 1035 4314 qui
1058 4233 1091 4298 in
1114 4234 1295 4302 hereditate
1316 4242 1426 4303 nostm

138 4347 170 4409 et
192 4345 226 4408 in
247 4343 341 4410 bonis
362 4345 502 4410 militum
524 4349 557 4410 et
577 4345 714 4410 eliorum
736 4346 900 4410 hominum
929 4351 1112 4412 nostrorum
1140 4346 1266 4412 inuenti
1296 4348 1427 4427 fuerint,

138 4456 179 4522 ed
201 4455 335 4522 eandem
357 4458 523 4523 ciuitatem
556 4462 589 4522 et
622 4457 710 4523 ciues
743 4463 870 4524 nocuos
904 4459 1087 4539 pertineant
1120 4478 1193 4526 cum
1221 4479 1375 4528 mensura
1396 4468 1429 4528 et

134 4571 209 4653 jure
229 4569 332 4649 totali,
355 4576 559 4652 preterquam
580 4569 615 4635 in
637 4571 740 4637 tribus
770 4571 957 4638 ciuitatibus
980 4573 1110 4653 nostris,
1133 4572 1259 4640 scilicet
1279 4573 1427 4659 Slopuns,
