3098 5392
651 109 725 159 rasa.
1282 108 1347 175 319

45 314 133 395 jokoi
155 316 169 379 i
191 314 314 380 111111ηὸ
334 314 371 389 ti,
404 313 481 379 ledea
513 317 597 400 maji
622 316 720 398 rirelcy
749 340 793 382 no
823 315 1059 382 aeacodcstecb
1092 316 1266 402 mestsky'cb
1294 338 1346 382 aa·

48 430 155 510 pacat,
177 430 262 513 maji
280 451 297 496 a
318 433 446 496 mc‘stem
468 429 611 511 spateae
623 430 745 497 sectati
766 430 898 512 abaciam
916 428 1025 512 sbtrky
1039 451 1061 495 o
1074 431 1227 496 tremene.
1255 432 1347 514 Tady

53 541 117 607 take'
139 544 177 618 ri,
201 541 280 608 loct
308 543 380 609 dria'
399 544 597 609 aenoodoslr'
624 545 691 610 obcc'
713 544 942 627 adolescebat,
972 545 1055 627 maja‘
1075 547 1206 610 vmdstc'
1233 545 1349 626 bpdletr'

55 656 141 722 orabo
163 678 210 724 na
231 657 316 722 sorim
337 659 432 723 mlstd
448 658 515 740 jine'
537 659 629 740 osoby
643 659 827 741 jmcnovota',
859 658 944 724 acere
966 658 1005 739 tp
1026 657 1134 723 ate'ch
1155 658 1352 724 aenmatosta'

500 793 516 835 s
538 772 607 837 obet
625 793 661 838 oe
682 775 766 838 edem
788 772 893 854 trpe'li.

147 1000 219 1065 Nos
242 998 384 1066 loannes
408 1001 459 1068 dei
489 1002 599 1083 gracia
621 1001 753 1066 Boemie
775 1019 832 1066 ren
854 1020 891 1066 ac
914 1000 1205 1082 Lucemburgensis
1230 1014 1346 1083 comes,

51 1114 84 1178 ad
109 1116 340 1207 uniuersorum
362 1112 515 1179 noticiam
537 1118 649 1180 tenore
671 1114 874 1196 presencium
893 1114 1042 1179 uolumus
1058 1114 1238 1195 peruenire,
1262 1116 1347 1196 quod

47 1227 291 1293 considerantes
324 1245 442 1309 graues
464 1228 640 1307 molestias,
672 1227 911 1293 destrucciones
943 1232 975 1292 et
996 1229 1195 1309 grauamina,
1230 1227 1347 1309 quibus

45 1340 156 1407 dilecti
189 1338 301 1405 fideles
331 1342 434 1406 nostri
467 1341 556 1406 ciues
591 1341 735 1407 ciuitatis
771 1342 972 1407 Gurimensis
1006 1346 1138 1423 propter
1172 1341 1347 1406 dissimiles

42 1454 308 1522 contributiones
342 1458 375 1519 et
406 1454 632 1519 nonnullorum
670 1454 836 1520 libertates
873 1456 1038 1537 bucusque
1075 1455 1165 1536 passi
1199 1459 1275 1519 sunt
1316 1459 1349 1519 et

41 1571 149 1636 eciam
181 1567 381 1647 tollerarunt,
420 1567 563 1633 volentes
595 1569 676 1649 ipsis
706 1573 739 1633 et
768 1567 989 1634 communitati
1023 1569 1184 1648 ipsorum,
1218 1573 1255 1632 ut
1288 1567 1347 1632 sub

41 1688 159 1748 nostre
184 1681 364 1746 maiestatis
375 1682 534 1747 velamine
557 1700 593 1748 eo
616 1682 732 1748 melius
754 1683 917 1764 respirare
939 1682 1079 1761 valeant,
1095 1681 1284 1764 opportunis
1299 1699 1349 1746 re-

39 1795 164 1862 mediis
196 1812 260 1859 non
290 1794 451 1861 immerito
474 1814 641 1861 occurrere
663 1801 696 1860 et
718 1814 773 1861 eos
797 1796 916 1861 nostris
947 1793 1183 1860 munificenciis
1215 1800 1247 1860 et
1276 1813 1347 1877 gra·

40 1910 105 1974 ciis
128 1906 350 1988 infrascriptis
373 1908 552 1989 gratiosius
576 1909 745 1990 premiere,
768 1909 939 1974 statuimus
967 1908 1097 1989 quidem
1119 1913 1152 1973 et
1174 1908 1346 1989 sancimus,

41 2029 77 2086 rt
102 2038 218 2087 omnes
241 2025 274 2084 et
296 2021 416 2102 singuli
438 2020 584 2086 homines
607 2023 641 2086 in
665 2022 737 2104 ipsa
760 2021 893 2086 ciuitate
919 2020 1110 2102 residentes,
1140 2020 1224 2086 bona
1247 2021 1348 2087 libera

43 2141 77 2201 et
110 2134 311 2200 hereditates
341 2134 405 2214 ipsi
436 2134 562 2200 ciuitati
596 2133 822 2199 admensurata
855 2134 1068 2216 possidentes,
1104 2135 1348 2216 qualiscumque

49 2255 157 2314 status
181 2253 215 2312 et
237 2246 468 2327 cuiuscumque
491 2247 689 2313 condicionis
713 2247 862 2327 existant,
886 2266 995 2312 omnes
1014 2248 1167 2329 losungas
1191 2251 1224 2312 et
1246 2247 1349 2313 serui·

52 2364 133 2428 tutis
158 2379 267 2442 onera,
290 2360 332 2426 ad
355 2378 417 2443 que
439 2362 511 2443 ipsa
534 2361 650 2427 ciuitas
673 2360 765 2427 nobis
777 2362 1000 2444 adstringitur,
1025 2380 1097 2427 cum
1119 2361 1199 2442 ipsis
1223 2360 1348 2426 ciuibus

55 2477 94 2541 de
116 2477 262 2558 ipsorum
283 2474 378 2540 bouis
401 2474 585 2540 huiusmodi
598 2473 753 2540 sufferant
775 2480 808 2540 et
831 2479 1037 2557 comportent,
1060 2495 1123 2540 non
1146 2473 1348 2540 obstantibus

54 2589 195 2671 ipsorum
229 2587 433 2654 libertatibus
465 2587 710 2671 quibuscunque
732 2593 789 2652 aut
816 2588 921 2654 literis
951 2606 1009 2669 per
1038 2606 1093 2653 eos
1125 2588 1263 2653 obtentis
1295 2587 1348 2652 uel

57 2701 272 2784 inposterum
294 2700 488 2782 obtinendis,
518 2719 557 2766 ex
587 2701 820 2767 consuetudine
842 2701 893 2766 vel
914 2701 1016 2767 eciam
1038 2701 1078 2766 ab
1102 2702 1243 2784 antiquo,
1267 2718 1347 2783 quas

61 2816 254 2894 presentibus
278 2817 408 2898 penitus
430 2816 643 2896 annullamus,
667 2834 803 2881 neceas
826 2816 963 2880 alicuius
979 2815 1118 2896 intelligi
1134 2815 1283 2880 uolumus
1298 2814 1347 2878 in·

68 2935 148 2993 antea
168 2928 293 2994 roboris
326 2929 377 2993 uel
399 2930 561 2994 momenti.
607 2929 818 2994 Decernimus
848 2928 950 2993 eciam
982 2928 1136 3009 uolentes,
1171 2933 1206 2992 vt
1236 2947 1346 2994 omnes

70 3037 194 3107 homines
217 3041 302 3107 bona
324 3047 357 3107 et
378 3040 574 3107 hereditates
605 3042 807 3124 possidentes
837 3041 982 3123 predicte
1012 3041 1138 3106 ciuitati
1161 3039 1201 3104 de
1219 3041 1293 3122 jure
1316 3045 1348 3104 et

74 3149 247 3234 abantiquo
270 3156 455 3233 attinentes,
479 3154 598 3220 ibidem
622 3155 655 3219 in
679 3155 813 3219 ciuitate
834 3154 1048 3218 residentiam
1076 3154 1220 3235 ipsorum
1242 3153 1348 3218 fecere

75 3271 114 3329 aut
133 3269 199 3335 loco
223 3271 368 3350 ipsorum
390 3285 544 3349 personas
575 3268 667 3348 alias,
698 3269 753 3350 qui
776 3267 816 3332 de
838 3268 982 3348 ipsorum
1004 3266 1096 3331 bonis
1119 3265 1228 3331 debita
1250 3284 1348 3331 onera

76 3393 128 3444 tam
142 3383 211 3463 ipsa
227 3381 362 3447 ciuitate
382 3385 590 3463 comportent,
614 3382 810 3446 constituere
832 3380 969 3445 debeant
992 3385 1024 3444 et
1050 3380 1152 3445 eciam
1166 3385 1346 3444 teneantur.

76 3485 187 3576 Insuper
220 3495 263 3560 ad
292 3493 424 3559 maioris
455 3494 564 3576 gracie
593 3499 702 3559 nostre
725 3494 887 3559 cumulum
910 3494 1068 3573 uolumus,
1103 3498 1137 3557 vt
1159 3511 1268 3557 omues
1291 3493 1346 3557 bo·

73 3604 155 3673 ninas
185 3626 301 3674 census
325 3609 358 3674 in
384 3608 518 3675 ciuitate
546 3608 692 3690 predicta
721 3608 986 3689 qualitercunque
1008 3605 1172 3685 habentes,
1196 3625 1253 3686 pro
1276 3610 1348 3669 rata

71 3714 195 3797 ipsorum
233 3740 388 3787 censuum
425 3727 515 3786 tanta
551 3723 704 3803 pecunia,
738 3740 796 3802 pro
827 3725 945 3802 quanta
984 3719 1072 3800 ipsos
1109 3723 1258 3782 emerunt
1294 3719 1348 3783 uel

67 3841 167 3915 ament,
191 3835 301 3901 omnia
323 3834 600 3901 contribucionum
623 3853 740 3917 genera
763 3852 835 3898 cum
858 3833 938 3914 ipsis
962 3830 1087 3897 ciuibus
1105 3831 1235 3911 faciant,
1259 3837 1292 3895 et
1306 3832 1348 3896 ad

62 3946 203 4015 daciones
237 3950 446 4030 losungarum
469 3954 502 4014 et
523 3949 659 4014 aliarum
690 3949 959 4031 aggrauacionum
989 3964 1087 4011 onera
1118 3944 1246 4010 obnoxii
1277 3964 1349 4010 esse

55 4063 190 4128 debeant
212 4068 245 4127 et
267 4062 402 4128 astricti.
448 4062 668 4127 Promittimus
695 4063 828 4144 insuper
850 4063 953 4143 ipsam
978 4060 1145 4125 ciuitatem
1167 4059 1202 4124 in
1220 4056 1348 4140 juribus

49 4185 81 4245 et
102 4175 263 4261 predictis
286 4176 406 4257 graciis
429 4176 594 4258 perpetuis
618 4176 749 4241 inantea
771 4174 968 4256 temporibus
992 4170 1223 4238 inuiolabiliter
1245 4176 1349 4236 ratam

46 4298 80 4358 et
102 4294 234 4373 gratam
258 4288 439 4354 omnimodo
462 4307 663 4354 conseruare.
706 4289 749 4351 llt
772 4292 806 4351 vt
828 4287 973 4368 predicta
996 4285 1101 4352 omnia
1123 4286 1276 4369 majorem
1298 4303 1350 4349 ro·
