3098 5392
756 455 832 510 rseo.
1372 452 1436 527 837

135 664 303 746 operarios
332 663 368 729 in
397 662 540 729 tractura
569 663 714 745 lapidum
747 666 781 731 in
805 667 916 747 spacio
947 665 1083 733 duorum
1105 668 1281 734 miliarium
1314 668 1435 736 circum

135 777 258 843 dictam
291 777 459 843 ciuitatem
492 778 745 844 consistencium
778 796 982 862 nequaquam
1013 779 1172 862 impedire
1201 780 1347 850 debeatis
1376 800 1437 849 nec

135 889 289 972 impediri
311 908 369 972 per
397 891 581 974 quempiam
603 909 643 956 en
665 891 784 957 vestris
806 892 1013 975 permittatis,
1047 894 1125 976 quin
1147 894 1262 975 pocius
1281 895 1365 976 ipsis
1393 893 1436 960 sd

138 1004 394 1069 consumendum
425 1005 611 1070 huiusmodi
634 1005 778 1086 ipsorum
800 1005 953 1088 laborem,
984 1006 1061 1072 dum
1082 1011 1117 1072 et
1138 1007 1270 1089 quocies
1299 1024 1358 1089 per
1380 1024 1436 1073 eos

139 1115 270 1181 fueritis
292 1116 452 1199 requisiti,
482 1116 645 1199 prebeatis
668 1118 835 1199 auxilium,
860 1119 1030 1185 consilium
1062 1125 1095 1185 et
1116 1118 1270 1186 fauorem.
1315 1119 1436 1185 Datum

134 1229 242 1310 Prage
263 1229 317 1294 die
335 1230 399 1295 XII
413 1230 612 1312 Decembris,
630 1249 804 1313 regnorum
827 1238 1011 1300 nostrorum
1032 1251 1116 1299 auno
1138 1232 1272 1300 Boemie
1287 1231 1434 1314 XXXIV,

132 1344 356 1408 Romanorum
379 1362 455 1410 vero
477 1343 563 1410 XXL

227 1531 353 1586 Pametnt
369 1531 456 1589 kniha
473 1548 508 1586 m.
527 1517 612 1588 Zatce
635 1552 651 1588 a
668 1550 690 1589 r.
710 1539 777 1588 1383
802 1551 839 1590 ns
856 1534 874 1589 l.
893 1541 927 1590 20
939 1555 956 1588 a
973 1551 1007 1590 za
1025 1536 1165 1606 ntpisem:
1192 1536 1297 1607 ,Super
1313 1534 1436 1590 fractura

132 1628 285 1699 lapidum.“
306 1659 337 1669 -
356 1628 540 1699 Schlesinger,
557 1629 785 1693 Urlrundenbnch
806 1631 856 1685 der
873 1630 910 1686 St
930 1631 999 1687 Saaz
1018 1630 1040 1686 <i
1058 1638 1118 1687 240.

708 1886 773 1971 dte.
796 1904 870 1972 692.
898 1870 901 1877 ⁷

493 2091 592 2174 1396,
616 2093 659 2160 21
682 2094 868 2178 prosince.
900 2092 933 2161 V
954 2092 1084 2162 Prone.

131 2282 221 2348 Kra‘l
250 2282 364 2349 Vocloo
385 2285 409 2348 I
411 2283 440 2348 V
456 2283 603 2367 pooolaja
630 2286 808 2351 madianiten
838 2305 859 2350 a
888 2284 1081 2368 obyoctebtm
1108 2285 1211 2349 mesto
1240 2265 1343 2358 Zetae,
1371 2280 1433 2367 uby

132 2395 314 2463 zkadddbo
345 2395 426 2464 boet
452 2397 492 2463 do
513 2417 591 2464 vom
619 2397 832 2482 simpectotm
861 2397 1076 2481 sopiadaac'bo
1104 2395 1203 2463 nwlrlc'
1228 2395 1366 2479 cybirats‘
1386 2393 1433 2461 clo

124 2509 267 2592 jednobo
283 2510 389 2577 haldis
407 2532 452 2577 nc
466 2531 588 2595 mauu
610 2513 739 2590 bradab,
760 2514 829 2580 cett
841 2534 864 2579 a
872 2511 1014 2597 pr'ikoptt
1026 2509 1210 2597 matstpct,
1232 2510 1271 2593 by
1290 2531 1324 2576 se
1336 2507 1435 2575 oaobli

536 2625 620 2709 pr'ad
640 2626 804 2710 acpr'dtely
825 2626 894 2709 ldpa
914 2624 1044 2693 bandi.

241 2815 452 2882 Wenceslaus
473 2853 518 2864 -
540 2823 652 2884 notum
673 2819 809 2886 iacimus
832 2856 885 2899 -,
911 2818 997 2902 quod
1021 2818 1188 2899 cupientes
1212 2814 1433 2883 condicionem

134 2930 282 2996 ciuitatis
306 2935 417 2996 nostre
439 2931 594 2999 Zacensis
615 2931 686 2998 fieri
708 2932 883 3013 meliorem,
907 2937 939 2998 et
962 2933 1129 3014 signanter
1143 2929 1185 2996 sd
1200 2929 1270 3010 hoc,
1290 2934 1327 2994 ut
1341 2929 1431 2995 ciues

134 3052 166 3107 ct
199 3043 305 3109 incole
336 3043 481 3111 ciuitatis
511 3044 656 3111 eiusdem
687 3045 728 3110 sd
750 3045 968 3111 resistendum
989 3044 1139 3111 hostibus
1170 3048 1203 3108 et
1225 3040 1431 3109 inuasoribus

136 3157 206 3221 suis
230 3157 342 3238 muris,
367 3156 520 3238 turribus,
543 3158 677 3224 fossatis
700 3177 738 3224 ac
760 3159 836 3223 aliis
859 3156 1074 3224 defendiculis
1098 3175 1134 3222 se
1155 3156 1282 3221 munire
1303 3155 1433 3221 valeant

136 3277 237 3352 atque
259 3269 395 3351 possint,
409 3270 592 3337 —ciuibus
608 3276 641 3337 ct
656 3271 771 3338 incolis
792 3269 919 3353 prefate
940 3270 1085 3336 ciuitatis
1107 3270 1261 3337 Zscensis
1272 3268 1433 3335 —indul-

134 3402 258 3465 gemus,
291 3388 326 3448 vt
355 3383 508 3450 videlicet
537 3385 601 3468 ipsi
633 3386 667 3451 in
690 3386 803 3451 eadem
825 3384 960 3451 ciuitate
981 3401 1041 3449 sus
1063 3383 1281 3465 subscriptum
1304 3382 1433 3447 valeant

134 3496 321 3563 theloneum
340 3497 533 3578 instaurare,
564 3499 754 3564 nominatim
784 3503 814 3562 et
846 3514 997 3580 expresse
1019 3497 1139 3577 taliter,
1171 3501 1205 3561 vt
1227 3495 1268 3560 de
1289 3493 1432 3578 quolibet

134 3629 219 3692 equo
241 3610 275 3674 in
300 3629 396 3676 curru
417 3610 566 3676 trahente
600 3628 787 3691 mercesque
809 3610 947 3676 ducente
976 3608 1096 3675 dictum
1117 3627 1243 3692 quoque
1265 3607 1431 3673 ciuitatem

134 3724 279 3789 intrante
308 3741 367 3790 seu
396 3728 533 3790 exeunte
564 3743 662 3789 vnum
690 3724 867 3790 hallensem
899 3724 1021 3791 vsualis
1053 3729 1086 3788 et
1108 3722 1269 3789 currentis
1291 3723 1430 3801 monete,

134 3837 306 3904 duodecim
336 3837 497 3904 bullenses
528 3857 587 3920 pro
619 3857 680 3904 vno
710 3857 822 3921 grosso
852 3837 1021 3905 boemicali
1053 3834 1277 3919 computando,
1311 3832 1432 3919 absque

134 3949 395 4018 contrudiccione
414 3955 447 4016 et
462 3949 701 4033 impedimentis
717 3950 916 4034 quibuslibet
930 3950 1097 4033 percipere
1112 3949 1241 4014 valeant
1256 3952 1289 4013 et
1302 3947 1431 4026 leuare,

135 4065 183 4131 sic
210 4068 329 4145 tamen
352 4063 438 4147 quod
460 4063 646 4130 huiusmodi
661 4064 800 4147 pecunia
813 4083 877 4129 non
893 4064 927 4128 in
943 4065 1099 4147 priuatos,
1115 4061 1173 4129 sed
1195 4059 1339 4128 notorios
1360 4076 1433 4142 pre-

132 4178 200 4244 fate
231 4177 378 4244 ciuitatis
404 4195 481 4243 rsus
504 4177 609 4258 modo,
643 4195 706 4261 quo
730 4177 951 4258 supradictum
974 4181 1033 4258 est,
1065 4179 1272 4243 conuertstur
1300 4191 1431 4257 presen-

131 4294 221 4360 tibus
244 4290 419 4358 addacem
449 4310 551 4359 annos
575 4292 745 4358 continuos
768 4290 989 4357 tantummodo
1012 4290 1171 4356 valituris.
1213 4290 1431 4355 Reseruamus

131 4411 243 4472 sutem
271 4403 365 4470 nobis
396 4403 483 4471 dicto
513 4405 650 4470 durante
680 4404 836 4470 decennio
866 4403 1026 4485 prefatum
1047 4403 1232 4470 theloneum
1254 4386 1433 4468 reuocandi

129 4517 313 4604 plenariam
343 4523 546 4599 potestatem.
591 4517 635 4582 Et
665 4517 816 4582 similiter
841 4516 875 4581 in
899 4535 971 4582 cum
994 4520 1155 4597 euentum,
1187 4535 1251 4599 quo
1273 4502 1432 4598 prelatum

129 4634 302 4703 ciuitatem
323 4636 467 4700 nosunm
497 4650 554 4698 seu
577 4631 721 4697 aduenas
755 4630 838 4698 inibi
866 4630 1066 4697 declinantes
1097 4649 1138 4697 ex
1152 4610 1356 4733 huiusmodi
1371 4612 1431 4729 're-
