3098 5392
667 458 743 509 ¹³42.

614 648 678 733 du.
710 666 783 733 238.

436 817 535 899 1342,
558 822 604 889 21-
627 822 750 890 ledus.
778 823 811 890 V
833 820 962 888 Prone.

107 971 142 1037 rol
157 977 222 1041 Jcrr
243 976 357 1059 slibujc
377 979 555 1043 mediando»
586 974 770 1063 Closer,
798 978 833 1044 dc
853 978 894 1043 od
911 977 982 1063 jen
1002 983 1105 1045 euecta
1126 1001 1148 1045 a
1168 979 1271 1045 suedo
1290 1002 1342 1045 nc·

107 1082 155 1151 'riri
167 1111 183 1152 o
196 1088 285 1155 cellro
307 1089 365 1154 ani
384 1089 495 1157 cccco
515 1095 650 1176 mdstyse
662 1091 721 1168 As,
743 1092 815 1159 selo
830 1114 853 1157 a
866 1074 1005 1167 licum
1021 1114 1042 1159 a
1057 1093 1235 1175 osoooosejc
1248 1095 1346 1158 misto

107 1194 178 1268 boa
199 1201 328 1270 odolen
349 1201 424 1287 ltrcj
447 1204 504 1269 neb
525 1205 605 1271 cond
636 1202 778 1289 Oiebslcp'
798 1205 839 1270 od
862 1205 993 1287 plnccni
1011 1204 1120 1271 obecnc'
1143 1204 1268 1289 peccori
1288 1205 1345 1271 nob

646 1318 745 1384 berec.

154 1474 221 1540 Nos
244 1473 410 1541 lohannes
432 1474 484 1541 dei
507 1474 762 1557 grecisBoemie
783 1495 839 1541 rex
861 1494 899 1541 sc
921 1475 1212 1558 Lucemburgousis
1228 1494 1344 1556 comes,

107 1592 161 1652 tum
181 1587 331 1667 fecimus,
360 1586 477 1670 quibus
507 1593 674 1669 presentes
703 1587 845 1653 exhibite
872 1587 1004 1668 fuerint,
1027 1586 1197 1653 uniuersis.
1243 1588 1346 1654 Decet

107 1701 276 1767 telloncism
299 1700 457 1785 principis
479 1701 593 1766 horum
619 1700 879 1783 promotionibus
902 1707 936 1766 et
957 1699 1237 1766 commoditatibus
1259 1699 1345 1766 inui-

107 1831 151 1879 me
172 1814 357 1895 diligencie,
386 1814 441 1897 qui
464 1831 501 1879 se
522 1813 563 1879 sd
587 1815 702 1896 quouis
724 1813 829 1896 ipsius
850 1813 1053 1896 beneplacito
1079 1831 1238 1896 exponere
1259 1814 1345 1897 peri·

107 1927 134 1992 lis
154 1927 304 1993 intimide
326 1945 454 2011 semper
475 1931 509 1992 et
530 1926 665 1994 vbilibet
687 1945 750 1993 non
772 1926 953 1993 formident
992 1926 1046 1993 Sic
1067 1927 1188 1993 etenim
1211 1945 1250 1993 er
1271 1944 1344 2010 pre-

107 2041 159 2105 ssis
181 2041 223 2106 sd
245 2039 389 2105 fidelium
412 2040 603 2106 dilectorum
624 2045 807 2106 nostrorum
830 2092 837 2106 .
861 2091 868 2104 .
893 2040 1024 2120 ciuium,
1048 2091 1055 2104 .
1079 2040 1290 2122 ‚juratorum
1311 2046 1345 2106 et

107 2153 152 2218 ius
175 2152 414 2220 communitatis
436 2153 594 2236 Egrensis
616 2152 714 2235 digne
737 2152 922 2218 inducimur
944 2157 977 2218 et
998 2151 1116 2219 obinde
1130 2152 1219 2235 ipsos
1234 2153 1345 2235 grecis

107 2266 199 2349 ›sequi
222 2267 369 2332 volumus
399 2267 543 2348 speciali,
577 2267 801 2348 promittentes
830 2264 915 2331 bone
936 2269 970 2330 et
990 2264 1118 2331 sincere
1148 2269 1259 2330 nostre
1280 2263 1344 2331 lide

108 2378 146 2459 ch,
167 2379 283 2447 Selben
307 2382 340 2444 et
361 2379 509 2445 Reduicz
531 2398 603 2445 cnm
626 2378 764 2461 singulis
787 2378 961 2444 eorundem
983 2377 1188 2459 utilitatibus,
1211 2378 1341 2462 juribus

112 2493 323 2574 pertinenciis,
356 2493 390 2557 in
423 2491 677 2575 quibuscumque
709 2490 806 2557 rebus
839 2491 1019 2558 consistant
1050 2496 1108 2557 aut
1141 2509 1343 2574 quocumque

107 2605 232 2670 nitentur
259 2605 398 2684 nomine,
429 2605 463 2670 in
485 2608 552 2670 toto
575 2604 625 2670 vel
648 2605 682 2670 iu
704 2608 805 2686 porte,
828 2604 869 2669 eb
891 2604 963 2685 ipss
993 2604 1128 2669 ciuitate
1149 2604 1288 2687 Egrensi
1311 2610 1345 2671 et

107 2714 172 2783 licio
205 2718 351 2783 eiusdem
373 2717 438 2783 vllo
460 2735 609 2800 nmquam
641 2723 785 2799 tempore
814 2736 877 2782 non
909 2716 1051 2782 alienare
1072 2736 1132 2783 nec
1162 2736 1343 2801 segregare,

107 2832 214 2896 omitti
246 2849 304 2912 per
332 2828 514 2913 quempiam
548 2828 694 2910 alienari,
729 2829 787 2894 sed
820 2830 948 2912 singula
981 2830 1140 2913 promisse
1168 2829 1209 2895 sd
1238 2830 1343 2912 ipssm

107 2942 214 3009 litatem
236 2963 308 3008 oum
339 2962 448 3008 eorum
470 2943 690 3025 pertinenciis,
720 2949 755 3007 vt
781 2943 967 3024 predicitur,
998 2948 1153 3024 perpetuo
1179 2942 1343 3024 pertinere

107 3051 209 3121 bebunt
232 3061 266 3122 et
287 3075 327 3122 es
356 3057 442 3122 circs
475 3056 594 3122 dictem
627 3055 792 3122 ciuitatem
822 3060 855 3120 et
884 3055 918 3121 iu
949 3055 1019 3119 elus
1048 3055 1173 3137 judicio
1196 3055 1343 3121 volumus

107 3185 249 3234 userusre.
275 3169 447 3235 Oesssmus
470 3170 580 3251 itsque
602 3188 712 3234 omnes
735 3174 767 3234 et.
789 3169 934 3250 singulas
957 3167 1093 3248 litteras,
1115 3186 1195 3250 quos
1212 3186 1342 3251 presen-

108 3298 137 3345 ιι
158 3282 305 3349 dedimus
328 3282 362 3347 in
385 3283 580 3348 contrarium
603 3282 653 3347 vel
675 3300 714 3347 ex
737 3280 899 3348 obliuione
922 3282 1071 3347 daremus
1105 3286 1249 3362 tempore
1271 3299 1342 3346 suc·

107 3391 189 3461 lente.
235 3397 386 3461 Preterea
416 3395 449 3460 in
480 3395 633 3460 maiorem
663 3400 773 3459 nostre
803 3394 1017 3475 promotionis
1048 3394 1209 3459 cumulum
1238 3395 1343 3475 ipsam

107 3507 214 3573 litatem
236 3513 269 3573 ot
290 3512 392 3573 totum
416 3507 598 3572 districtum
622 3525 678 3570 seu
700 3506 861 3588 judicium
890 3505 1037 3587 Egrenee
1059 3524 1078 3569 s
1102 3507 1341 3572 communicen

107 3621 190 3686 rereli
210 3621 374 3702 peticione
395 3618 560 3702 perpetuis
582 3619 712 3683 inantea
742 3617 940 3700 temporibus
970 3618 1158 3684 libertemus
1181 3623 1214 3684 et
1236 3617 1341 3684 absol·

107 3750 165 3813 nus,
200 3733 423 3815 promittentes
453 3749 523 3796 eem
554 3730 700 3795 ammodo
723 3730 763 3795 ab
786 3730 867 3812 ipsis
890 3749 954 3797 non
984 3731 1124 3814 exigere,
1158 3735 1269 3813 petere
1290 3733 1341 3797 vel

110 3845 201 3927 ipere,
225 3846 282 3911 sed
300 3846 385 3927 quod
408 3846 497 3910 ciues
520 3850 554 3909 et
574 3844 679 3910 incole
702 3844 846 3909 ciuitatis
870 3844 1086 3926 predictorum
1111 3844 1184 3925 (sic)
1207 3843 1342 3926 abipsa

106 3959 207 4026 icione
228 3959 261 4023 in
284 3963 475 4041 perpetuum
495 3958 589 4025 liberi
612 3977 685 4024 esse
707 3957 845 4024 debeant
867 3963 899 4023 et
921 3959 1068 4042 exempti.
1114 3958 1152 4024 In
1174 3957 1267 4023 cuius
1289 3956 1338 4022 rei

107 4073 268 4139 timonium
297 4077 464 4154 presentes
495 4072 621 4137 littores
643 4070 803 4138 conscribi
827 4077 860 4136 et
881 4071 984 4136 nostri
1006 4070 1138 4137 maioris
1161 4069 1261 4153 sigilli
1284 4086 1341 4153 op-

107 4187 201 4251 :sione
233 4185 389 4250 iussimus
423 4184 621 4250 communiri.
666 4183 787 4248 Datum
816 4184 920 4266 Prcge
942 4185 976 4249 in
999 4184 1052 4248 die
1081 4183 1174 4248 beate
1202 4184 1340 4266 Agnetis

107 4299 183 4381 ginis
206 4316 291 4362 enno
314 4296 435 4362 domini
466 4297 637 4363 millesimo
667 4297 893 4361 trecentesimo
919 4295 1166 4378 quadragesimo
1188 4296 1338 4362 secundo.

149 4451 223 4521 Orig.
242 4467 317 4521 perg.
336 4468 352 4503 r
371 4453 434 4504 stit.
454 4449 564 4504 urchiru
583 4466 617 4503 ve
634 4449 725 4503 Vidni.
743 4449 855 4504 Bohem.
875 4450 914 4503 Nl
930 4454 990 4503 229.
1014 4450 1032 4500 S
1051 4450 1152 4505 rellrou
1169 4449 1259 4521 pedeti
1276 4450 1340 4505 lrrd-

107 4549 162 4603 lou
187 4564 225 4601 ns
247 4545 364 4600 dervensi
388 4545 531 4599 hedvibne
556 4545 639 4599 iiidie
664 4546 826 4599 zeveienou.
861 4544 1012 4615 Nupsisti
1031 4547 1185 4616 vyobrszen
1202 4563 1240 4602 ne
1254 4546 1340 4617 jedne

107 4648 136 4699 rc
152 4641 253 4711 jezdec
270 4657 307 4694 ns
323 4641 385 4695 levo
403 4641 548 4709 ebremud,
570 4639 636 4707 jenl
655 4654 692 4693 ne
709 4639 775 4694 lroni
798 4640 920 4696 bobstou
947 4640 1088 4697 debrnlrou
1111 4642 1170 4697 cele
1193 4643 1338 4713 polrrytem
