3098 5392
217 439 281 504 812
836 435 910 487 raas.

213 647 347 713 Boemie
371 664 438 712 rer.
484 645 613 712 Fideles
648 643 779 711 dilectit
825 643 992 710 Fidelitati
1017 628 1137 710 'vestre
1166 645 1291 711 seriose
1319 644 1515 741 precipimus

214 765 248 826 et
276 760 476 840 mandamus,
511 764 670 841 quatenus
701 757 922 836 honorabilem
956 757 1114 824 Jacobum
1147 758 1281 841 Bedam,
1316 757 1517 841 capellanum

214 879 248 940 et
269 874 421 940 devotum
454 876 600 938 nostrum
631 872 793 953 dilectum,
825 890 920 955 quem
948 871 1129 954 Comedus,
1158 877 1266 939 rector
1288 871 1464 954 hospitalis
1486 872 1516 936 in

214 987 369 1067 Budveis,
400 985 536 1052 devotus
558 990 668 1051 noster
698 985 847 1066 dilectus,
878 985 911 1051 in
936 985 1156 1069 coadJutorem
1178 1003 1272 1051 suum
1295 984 1444 1051 decrevit
1462 1002 1516 1056 ,as-

215 1118 354 1181 sumere,
377 1100 498 1183 quique
520 1117 579 1181 per
601 1099 741 1165 sicarios
764 1099 799 1164 ln
819 1098 1044 1181 spiritualibus
1068 1097 1264 1164 venerabilis
1279 1096 1515 1180 archiepiscopi

214 1214 389 1295 PragensIs
411 1212 580 1296 coadjutor
602 1212 707 1294 ipsius
730 1213 876 1279 noscitur
891 1212 1041 1294 legitime
1056 1211 1241 1297 deputatus,
1259 1212 1293 1277 iu
1308 1212 1515 1293 possessione

144 1324 146 1328 ’
213 1332 247 1392 et
276 1326 558 1393 administratione
587 1325 815 1406 temporalium
841 1343 899 1406 pro
921 1325 1120 1408 pauperibus
1138 1329 1177 1390 et
1199 1322 1343 1391 infirmis
1365 1323 1410 1390 ad
1433 1324 1514 1391 idem

214 1440 377 1522 hospitale
408 1438 641 1521 pertinentium
678 1438 836 1520 impedire
865 1439 1070 1520 nullatenus,
1100 1437 1254 1521 quamdiu
1289 1437 1399 1504 dictus
1435 1436 1513 1504 Con·

213 1552 312 1619 radus
334 1552 539 1618 inhumanis
563 1552 676 1634 egerit,
699 1551 863 1632 debeatis;
886 1552 964 1635 quin
987 1552 1096 1635 potius
1118 1551 1225 1618 eidem
1247 1549 1371 1618 Jacobo
1394 1551 1429 1617 in
1445 1570 1512 1634 pro·

213 1666 339 1733 visione
368 1683 549 1749 pauperum
580 1671 613 1732 et
641 1666 929 1733 adminIstracione
958 1664 1184 1748 temporalium
1210 1664 1315 1748 ipsius
1343 1664 1512 1747 hospitalis

212 1781 366 1862 prestetis
397 1779 569 1846 consilium
599 1784 632 1846 et
657 1780 822 1864 juvamen,
851 1781 1076 1863 permittentes
1107 1780 1216 1863 ipsum
1245 1779 1286 1846 de
1310 1777 1408 1846 bonIs
1438 1778 1512 1845 dicti

212 1893 384 1975 hospitalis
415 1893 477 1959 rite
510 1892 692 1975 disponere,
726 1899 823 1976 prout
851 1899 903 1961 ost
933 1893 1064 1961 solitum
1090 1893 1297 1978 abantiquo.
1342 1892 1382 1960 In
1405 1911 1512 1960 casum

213 2025 299 2087 vero,
332 2026 395 2091 quo
431 2007 538 2074 dictus
574 2005 741 2073 Corradus
775 2013 971 2076 rectoratum
1004 2008 1176 2090 hospitalis
1207 2006 1360 2074 eiusdem
1390 2004 1511 2089 pretato

211 2118 334 2187 Jacobo
357 2119 458 2186 libere
480 2121 647 2202 resignare
670 2128 872 2203 proponeret,
895 2128 1014 2189 extunc
1035 2120 1228 2189 fidelitatem
1248 2125 1392 2188 vestram
1415 2121 1511 2188 serio

213 2235 281 2300 sius
304 2234 499 2318 requirimus
523 2239 556 2300 et
576 2234 753 2317 hortamur,
785 2242 945 2319 quatenus
967 2235 1131 2319 prefatum
1154 2233 1311 2301 iambum
1341 2233 1384 2300 ad
1407 2234 1510 2316 bospi-

212 2348 278 2413 tale
300 2346 493 2429 predictum,
525 2348 611 2415 sicut
632 2348 724 2416 vobis
745 2350 799 2433 jus
823 2351 985 2433 competit,
1017 2348 1122 2415 nostri
1145 2347 1424 2430 contemplacione
1444 2365 1510 2430 prc-

212 2466 342 2527 sentare
370 2461 480 2528 velitis
511 2479 571 2544 per
596 2463 874 2546 archiepIscopum
898 2482 958 2530 seu
980 2480 1057 2529 auos
1080 2461 1220 2529 vicarios
1243 2462 1413 2544 generales
1436 2461 1510 2527 rlte

212 2575 280 2641 rius
312 2574 575 2643 confirmandum.
621 2578 659 2642 In
689 2596 727 2644 eo
754 2578 846 2645 nobis
873 2579 1049 2661 plurimum
1072 2577 1320 2659 complacentes,
1342 2574 1510 2658 presertim

213 2707 285 2754 cum
308 2707 366 2771 per
388 2690 448 2756 hoc
460 2690 529 2773 juri
544 2695 734 2772 patronatus
750 2690 851 2771 vobis,
875 2695 912 2756 ut
931 2691 1126 2773 accepimus,
1151 2688 1349 2772 competenti
1359 2688 1509 2755 nolumus

210 2802 244 2866 in
273 2802 381 2885 aliquo
412 2802 576 2887 derogare.
612 2804 732 2869 Datum
761 2804 934 2886 Burgleins
965 2804 1019 2870 die
1041 2802 1119 2869 XIII
1151 2801 1314 2883 Octobris,
1340 2819 1509 2885 regnorum

212 2920 396 2981 nostrorum
418 2935 501 2983 anno
524 2917 656 2983 Boemie
678 2917 810 2998 XXVII,
833 2918 1049 2984 Romanorum
1072 2934 1148 2983 vero
1175 2913 1259 2981 XIV.

835 3109 886 3176 Ad
909 3110 1096 3175 mandatum
1118 3108 1241 3175 domiui
1265 3108 1357 3190 regis

701 3221 866 3288 lohannes
892 3222 1104 3306 Cemyneusis
1127 3222 1260 3302 electus,
1283 3219 1507 3287 cancellarius.

319 3386 478 3468 Magistro
495 3387 626 3466 ciuium,
650 3386 837 3453 consulibus
854 3393 887 3452 et
903 3387 1125 3453 communiisti
1141 3386 1287 3453 ciuitatis
1308 3386 1343 3474 in
1357 3386 1509 3464 Budveis,

214 3498 364 3565 fidelibus
386 3502 506 3567 nostris
530 3500 667 3567 dilectis.

315 3689 386 3759 Kop.
407 3705 440 3742 ze
459 3688 535 3743 XVII
554 3690 648 3743 stoleti
668 3705 683 3741 r
702 3689 814 3744 urchivu
832 3673 961 3745 Ceskdho
979 3705 1083 3745 musca

755 3979 861 4061 *bs
885 3997 958 4063 oss.
1083 3972 1087 3982 “

489 4185 588 4267 raso,
611 4185 654 4251 ro
676 4184 877 4270 ristopadu.
913 4185 966 4254 ua
990 4152 1228 4255 nervosus.

210 4392 293 4457 lircil
323 4393 436 4460 l'dcloo
463 4395 517 4459 IV
528 4395 674 4479 provoluje
696 4395 806 4479 rrocgjm
828 4394 932 4460 lisdem
949 4393 1162 4476 premonstrat,
1187 4394 1268 4459 rado
1289 4415 1311 4459 o
1330 4398 1509 4461 irrisionum

209 4509 310 4570 resisto
333 4507 510 4590 Litomdic'c,
535 4508 596 4589 uby
617 4509 747 4593 opirodna'
767 4506 819 4571 aa
843 4527 860 4571 o
883 4529 928 4574 so.
945 4506 1075 4573 ‚Iukrsba
1091 4505 1235 4588 apostola
1256 4506 1426 4595 oddp‘rand
1435 4515 1509 4591 pr'e

594 4622 679 4688 turdi
700 4643 743 4687 nc
766 4621 826 4686 deo
857 4620 950 4687 t'seco
972 4621 1118 4706 Svoty‘olu
