3098 5392
686 449 761 499 ¹³9⁹·
1302 448 1366 512 923

67 656 220 720 secundis
245 674 303 737 pro
327 655 472 721 emendis
496 661 529 721 et
551 655 729 721 vendendis
759 673 853 737 pane,
887 657 971 736 vino,
1004 656 1164 737 carnibus,
1196 657 1367 722 frumentis

66 769 209 848 aliisque
231 769 428 836 necessariis
450 769 705 852 quibuscumque
735 769 895 835 visitetur.
935 768 1088 835 Volentes
1112 775 1145 836 et
1167 770 1254 837 dicta
1276 775 1368 837 auto·

65 882 166 946 ritate
180 883 271 965 regia
286 883 420 949 Boemie
436 887 625 964 statuentes,
638 882 724 965 quod
739 882 886 948 homines
902 883 1083 965 predictum
1097 883 1213 965 fomm,
1236 883 1277 950 de
1304 903 1366 966 qno

66 997 277 1078 permittitur,
300 997 489 1062 accedentes
519 1003 550 1062 et
580 995 699 1062 abinde
721 997 909 1063 recedentes
938 998 1034 1063 solita
1062 998 1097 1062 in
1127 1016 1226 1081 regno
1256 1003 1367 1064 nostro

67 1127 150 1191 pace
172 1115 205 1175 et
227 1109 378 1177 libertate
399 1110 616 1193 perfruantur.
639 1108 733 1176 Hanc
748 1116 856 1176 autem
879 1117 1022 1177 nostram
1045 1110 1187 1193 graciam
1211 1112 1367 1177 duntaxat

67 1223 216 1289 volumus
240 1224 386 1290 obtinere
409 1225 529 1307 vigore,
553 1228 588 1289 vt
610 1223 692 1290 nulli
714 1224 844 1306 penitus
867 1243 924 1306 per
947 1224 1187 1290 institucionem
1209 1223 1272 1290 fori
1296 1244 1366 1306 pre

66 1336 148 1403 dieti
168 1338 381 1419 preiudicium
398 1337 530 1420 aliquod
544 1343 725 1421 generetur.
749 1337 942 1402 Mandemus
959 1337 1059 1418 igitur
1074 1338 1236 1404 uniuersis
1252 1344 1286 1404 et
1300 1339 1365 1404 sin·

66 1450 154 1531 gulis
172 1453 264 1533 regni
280 1452 414 1518 Boemie
429 1450 633 1532 officialibus,
648 1449 858 1533 burggrauiis
869 1447 894 1533 ⁹)
911 1468 1034 1517 necnon
1050 1451 1217 1534 magistris
1234 1452 1366 1533 ciuium,

67 1564 266 1645 consulibus,
290 1565 407 1631 iuratis
423 1571 457 1631 et
472 1564 754 1632 communitatibus
777 1565 948 1631 ciuitatum
962 1570 995 1630 et
1011 1565 1211 1646 oppidorum,
1234 1566 1362 1631 ceteris·

65 1695 131 1759 qne
160 1678 300 1745 subditis
323 1685 356 1745 et
369 1678 520 1745 fidelibus
537 1678 657 1744 nostris
673 1683 706 1744 et
722 1678 931 1760 singulariter
942 1675 982 1759 ¹⁰)
995 1677 1234 1745 subcamerario
1256 1684 1366 1744 nostro

66 1794 101 1854 et
111 1789 286 1873 burgrauio
299 1792 398 1858 castri
406 1790 603 1872 Cubitensis,
616 1791 821 1873 presentibus
833 1797 866 1857 et
876 1790 1006 1872 futuris,
1018 1790 1153 1857 firmiter
1165 1797 1197 1857 et
1208 1791 1367 1874 districte,

66 1909 227 1986 quatenns
243 1905 385 1987 prefatos
401 1906 490 1971 ciues
506 1909 539 1970 et
554 1906 816 1971 communitatem
832 1905 976 1987 predicte
991 1905 1135 1972 ciuitatis
1147 1904 1367 1971 Slalrenuerde

66 2018 102 2081 in
126 2020 356 2102 suprascriptis
381 2018 500 2100 graciis
523 2018 644 2084 nostris
678 2038 741 2085 non
765 2019 945 2101 impediant
975 2036 1035 2084 nec
1065 2019 1153 2100 ipsos
1186 2020 1220 2084 in
1242 2019 1365 2084 eisdem

65 2148 125 2211 per
148 2131 331 2213 quempiam
354 2131 506 2213 impediri
529 2132 710 2212 paciantur,
745 2150 818 2197 cum
847 2134 961 2213 pocius
985 2133 1071 2198 circa
1100 2131 1230 2197 easdem
1253 2137 1363 2198 nostro

66 2243 197 2308 nomine
231 2249 376 2326 tuantur,
398 2250 570 2327 protegunt
600 2244 775 2312 efficaciter
797 2250 830 2310 et
852 2251 1053 2325 conseruent,
1088 2250 1184 2327 prout
1217 2244 1364 2327 indignu-

68 2356 194 2421 cionem
230 2362 373 2422 nostram
404 2359 632 2441 grauissimam
663 2358 826 2424 voluerint
847 2358 954 2423 arcius
978 2359 1111 2423 euitare.
1157 2358 1366 2424 Prosencium

65 2468 126 2533 snb
150 2470 240 2551 regie
262 2475 372 2536 nostre
394 2472 576 2538 maiestatis
600 2472 708 2555 sigillo
725 2471 910 2537 testimonio
926 2472 1103 2537 literarum.
1127 2470 1247 2537 Datum
1262 2471 1367 2553 Prage

65 2602 152 2649 anno
178 2583 300 2649 domini
322 2585 495 2652 millesimo
526 2586 753 2653 trecentesimo
784 2587 993 2669 nonagesimo
1026 2605 1120 2664 nono,
1153 2584 1207 2649 die
1229 2584 1367 2665 septima

64 2696 227 2777 ianuarii,
259 2715 433 2780 regnorum
462 2703 645 2766 nostrorum
669 2718 752 2766 anno
775 2700 909 2766 Boemie
938 2700 1101 2765 tricesimo
1125 2703 1226 2777 sexto,
1249 2697 1366 2763 Roma·

64 2828 182 2875 norum
208 2828 283 2876 vero
307 2812 461 2878 vicesimo
484 2813 595 2879 tercio.

613 3004 663 3068 Ad
686 3004 880 3069 relacionem
908 3002 1108 3084 sigismundi
1132 3002 1364 3067 subcamerarii

657 3116 866 3182 Wenceslsus
891 3111 1116 3193 cononicus¹¹)
1137 3114 1319 3197 Pragensis.

172 3300 298 3355 Vidimus
325 3303 494 3371 pnrkmistrn
512 3321 528 3356 a
545 3303 614 3373 rady
639 3307 728 3358 mesto
745 3302 901 3372 Karlovy'ch
920 3302 995 3357 Vard
1020 3303 1060 3369 (in
1078 3302 1181 3371 keyser
1203 3301 1365 3369 Karlsbadt)

63 3412 97 3448 ze
110 3395 166 3449 dne
183 3401 196 3448 7
215 3395 308 3451 dubnn
323 3402 387 3450 1667
402 3398 447 3466 (Α)
462 3415 476 3449 v
490 3397 601 3452 archivo
614 3415 635 3452 c.
649 3399 690 3452 kr.
700 3399 939 3455 mistodrlitelstvl
951 3420 966 3454 v
978 3402 1064 3457 Pruze
1076 3405 1101 3457 A
1120 3401 1147 3455 II
1164 3398 1185 3453 d„
1205 3405 1237 3453 99
1251 3418 1268 3450 a
1280 3414 1297 3452 a
1304 3397 1366 3466 jiny

65 3491 186 3546 vidimus
207 3493 376 3562 pnrkmistrn
393 3508 410 3546 a
427 3493 496 3563 rady
511 3511 545 3548 m.
560 3495 651 3548 Lokte
669 3511 700 3548 ze
720 3494 774 3548 dne
795 3502 826 3549 10
845 3496 972 3564 prosince
992 3502 1059 3551 1636
1074 3498 1119 3565 (Β)
1133 3515 1149 3550 v
1162 3494 1272 3550 erchivu
1290 3495 1362 3547 ndm.

64 3588 255 3643 historiclrtho
276 3590 376 3659 spollru
396 3590 719 3660 vP1aze.-Varianty:
741 3592 759 3657 ¹)
779 3608 795 3645 a
813 3594 833 3660 ³)
851 3592 1090 3648 Schlaclrenwerdt
1108 3593 1138 3646 Β.
1149 3594 1214 3659 -¹)
1228 3608 1245 3645 a
1259 3594 1281 3659 ⁴)
1300 3590 1364 3645 We·

63 3684 149 3738 lohou
167 3685 198 3738 B.
209 3715 240 3724 -
255 3688 276 3753 ⁵)
294 3685 420 3740 revidere
438 3686 468 3741 B.
488 3718 520 3727 -
534 3689 554 3754 ⁰)
574 3687 716 3742 Rvdisiort
727 3688 758 3740 B.
774 3719 803 3727 -
821 3690 840 3756 ⁷)
859 3689 986 3743 dominus
1004 3689 1035 3742 B.
1049 3721 1081 3728 -
1096 3689 1117 3758 ⁸)
1136 3689 1265 3742 theloneo
1285 3687 1315 3742 B.
1329 3718 1361 3727 —

63 3784 86 3846 ⁰)
107 3779 207 3834 Schrtzi
224 3797 240 3831 v
259 3783 291 3834 A.
314 3783 346 3850 ¹⁰)
365 3783 552 3852 significanter
570 3786 602 3839 Α.
622 3815 654 3824 -
676 3786 707 3851 ¹¹)
726 3784 906 3839 cancellarius
925 3788 957 3838 Α.

656 4101 720 4183 Cis.
746 4118 764 4180 t
771 4120 818 4183 16.

464 4305 563 4388 1399,
588 4309 609 4374 6
632 4307 762 4373 linono.
789 4307 820 4373 V
844 4305 973 4375 Prono.

64 4499 150 4564 Krdt
173 4496 288 4563 Vriclae
302 4496 357 4561 IV
368 4497 512 4581 povotuje
533 4501 709 4562 incitandos
734 4481 909 4582 Zrteclcy'm
932 4499 993 4580 adp
1016 4497 1114 4563 molli
1135 4499 1235 4565 vinmc
1264 4498 1362 4565 bobo

63 4616 168 4677 mesta
197 4608 363 4676 zabadaei
391 4611 454 4692 ped
483 4611 624 4676 docorem
646 4633 667 4674 o
690 4610 828 4690 sprrtcon
857 4610 1016 4676 vlastntbo
1040 4611 1238 4693 perlomtstrc
1259 4633 1281 4676 α
1302 4612 1364 4694 aoy
