3098 5392
688 435 764 485 reas.
1306 436 1370 499 919

67 639 265 719 obpnateltlm
288 636 405 704 otreio
427 641 507 704 meat
533 640 694 704 Teooooa
717 660 738 703 a
760 638 898 704 Krclooe
919 639 1031 704 Deera
1052 639 1118 716 list,
1148 637 1269 725 lete-rp‘m
1299 637 1371 704 krail

188 755 256 820 Jon
280 751 439 819 osooboda'l
454 755 490 837 je
512 753 732 837 aprooomoo·
752 751 922 838 krojskpicb
942 752 1069 819 &odio
1092 775 1113 818 o
1135 753 1245 820 soudb.

170 960 382 1031 wenceslaus
395 965 449 1030 dei
461 965 572 1047 gracia
583 964 800 1030 Romanorum
811 983 869 1029 rer
880 983 1007 1047 semper
1019 969 1176 1049 augustus
1189 966 1224 1029 et
1235 962 1368 1030 Boemie

70 1094 139 1141 rex.
163 1074 285 1142 Notum
301 1077 437 1144 iacimus
461 1079 625 1145 uniuersis
648 1082 762 1145 tenore
785 1080 999 1161 presencium,
1017 1078 1102 1161 quod
1125 1097 1184 1161 pro
1200 1083 1294 1161 parte
1310 1096 1368 1145 no·

64 1187 189 1268 bilium‚
213 1190 353 1258 militurn
368 1195 403 1256 et
424 1192 619 1258 vasallorum
643 1211 767 1258 necnon
789 1190 941 1277 [ciuium]
957 1194 1127 1260 ciuitatum
1138 1190 1164 1275 ¹)
1179 1191 1332 1257 Trutnow
1343 1191 1368 1275 ¹)

68 1308 103 1368 et
126 1301 223 1371 Ourie
244 1307 412 1388 tociusque
429 1307 592 1372 territorii
608 1307 795 1386 incolarum,
812 1305 954 1373 fidelium
970 1312 1154 1374 nostrorum
1169 1307 1368 1386 dilectorum,

64 1419 231 1487 maiestati
265 1425 375 1487 nostre
407 1420 574 1489 humiliter
611 1420 827 1505 supplicatum
861 1422 980 1500 extitit,
1016 1425 1174 1503 quatenus
1207 1421 1368 1507 quoddam

63 1531 271 1615 priuilegium
294 1552 352 1601 seu
373 1533 502 1601 literam
524 1535 606 1617 ipsis
629 1551 727 1615 super
751 1533 942 1619 quibusdam
964 1532 1174 1605 libertatibus
1191 1540 1223 1599 ct
1239 1553 1368 1617 exemp-

65 1643 215 1714 ciouibus
250 1664 307 1728 per
338 1647 581 1714 serenissimum
611 1648 793 1731 principem
822 1648 981 1734 quondam
1015 1646 1203 1727 Johannem,
1237 1647 1368 1715 Boemie

64 1776 184 1842 regern,
208 1779 304 1825 suurn
326 1764 473 1827 nostrum
494 1761 706 1839 carissimum,
731 1760 886 1826 traditum
902 1765 935 1826 et
951 1759 1181 1844 concessum),
1198 1759 1365 1844 nurnberc,

62 1872 235 1957 retificem,
261 1876 418 1943 inuouare
440 1880 473 1942 et
495 1874 685 1945 confirmare
707 1876 901 1953 auctoritate
924 1876 1016 1959 regia
1030 1876 1165 1943 Boemie
1183 1875 1365 1959 graciosius

65 1988 283 2070 dignaremur,
318 1991 413 2057 cuius
442 1990 574 2073 quidem
603 1990 771 2073 priuilegii
801 1995 894 2057 tenor
927 1990 1073 2077 sequitur
1104 1991 1137 2055 in
1167 1990 1227 2059 hec
1249 1990 1365 2056 verba

62 2100 230 2167 lohannes
264 2102 317 2169 dei
350 2104 461 2185 gracia
493 2103 628 2173 Boemie
657 2122 714 2168 rex
744 2107 805 2171 etc.
842 2102 1033 2186 (Ntsloduje
1055 2105 1150 2169 aneni
1172 2104 1250 2169 listu
1273 2103 1365 2171 krtle

60 2213 147 2279 Jana
170 2215 201 2279 d.
224 2234 244 2279 v
267 2215 374 2285 Pallii
397 2216 448 2281 27.
472 2215 568 2285 uuna
592 2216 678 2282 1340
700 2217 728 2281 i.
753 2215 840 2299 216).
872 2217 940 2283 Nos
964 2218 1074 2303 itaque
1096 2235 1208 2283 eorum
1230 2217 1364 2299 peticio·

62 2328 159 2394 nibus
182 2333 293 2410 utpote
315 2328 566 2399 racionabilibus
589 2335 687 2413 atque
703 2330 805 2412 justis
820 2330 992 2412 benignius
1010 2330 1167 2411 inclinati,
1190 2330 1362 2411 presertim

63 2460 137 2507 curn
171 2442 257 2507 iuste
289 2442 477 2526 petentibus
515 2462 579 2511 uon
618 2444 662 2509 sit
698 2442 908 2526 denegandus
946 2461 1109 2524 assensus,
1147 2443 1363 2527 prescriptum

60 2554 271 2636 priuilegium
293 2555 326 2621 in
349 2556 500 2627 omnibus
524 2557 593 2623 suis
616 2557 774 2639 articulis,
806 2557 935 2639 punctis
959 2561 992 2622 et
1014 2556 1180 2637 clausulis,
1203 2561 1299 2637 prout
1321 2555 1363 2621 de

59 2666 158 2733 verbo
181 2666 223 2732 ad
246 2667 379 2737 verbum
401 2674 609 2753 expressetur
632 2672 793 2753 superius,
824 2670 1049 2754 approbemus,
1079 2669 1288 2751 ratificamus,
1311 2670 1360 2735 in-

61 2798 221 2847 nouamus
255 2785 289 2846 et
318 2783 439 2850 virtute
468 2784 674 2865 presencium
704 2784 898 2850 auctoritate
927 2784 1019 2866 regia
1047 2783 1181 2849 Boemie
1209 2782 1251 2847 de
1273 2786 1361 2847 certa

60 2899 174 2959 nostra
198 2895 340 2960 sciencia
362 2896 543 2977 graciosius
567 2895 802 2977 confirmamus,
833 2897 1044 2964 decernentes
1067 2896 1175 2980 ipsum
1197 2900 1231 2961 et
1253 2895 1360 2962 omnia

60 3007 191 3089 singula
228 3007 263 3076 iu
300 3008 412 3074 eodem
447 3015 598 3076 contenta
636 3010 782 3075 obtinere
819 3010 970 3091 debere⁴l
1009 3015 1198 3093 perpetuam
1234 3007 1360 3074 roboris

59 3118 256 3187 firmitatem.
302 3121 510 3189 Prosencium
541 3123 600 3190 sub
622 3124 713 3205 regie
742 3123 923 3190 maiestatis
947 3123 1056 3205 sigillo
1078 3121 1265 3189 testimonio
1287 3121 1360 3187 lite

57 3253 177 3298 rarum.
223 3234 343 3300 Datum
365 3233 526 3318 Zebrak⁶)
551 3255 635 3303 anno
667 3236 790 3302 domini
815 3236 988 3301 millesimo
1011 3238 1238 3303 trecentesimo
1261 3253 1360 3301 nona·

57 3347 183 3428 gesimo
207 3352 332 3427 octauo,
367 3349 421 3414 die
453 3350 594 3416 secunda
628 3349 827 3430 Decembris,
860 3368 1034 3432 regnorum
1065 3355 1248 3415 nostrorum
1274 3366 1358 3413 anno

56 3460 193 3527 Boemie
217 3461 382 3529 tricesimo
406 3467 506 3544 sexto,
530 3464 747 3529 Romanorum
770 3464 923 3529 vicesimo
945 3463 1046 3529 tercio
1059 3460 1095 3545 ὓ).

254 3651 304 3736 [In
328 3653 474 3735 margine
496 3652 680 3735 scriptum]
713 3652 764 3717 Ad
785 3654 981 3719 relacionem
1004 3652 1184 3718 Cruchonis
1206 3651 1357 3717 marsalci

717 3766 927 3833 Wenceslaus
951 3767 1125 3833 canonicus
1148 3764 1332 3848 Pragensis.

160 3953 345 4024 Bienenbcrg,
373 3955 537 4010 (leacbichte
564 3955 613 4009 der
639 3955 718 4009 stadt
744 3955 923 4025 Koniginhol.
950 3955 1093 4011 Urlrundb.
1117 3955 1156 4009 N⁰
1172 3954 1224 4009 VH
1241 3955 1286 4023 (A)
1310 3953 1355 4009 ule

52 4049 140 4119 kopie
160 4047 268 4118 druhdp
287 4065 303 4101 r
322 4049 435 4105 arehiru
452 4049 654 4105 Trutuorskem
673 4050 804 4105 chorane‘.
840 4050 907 4105 Jine
923 4051 1009 4121 kopio
1028 4051 1071 4118 (B)
1096 4069 1111 4105 z
1129 4051 1181 4106 XV
1199 4051 1292 4107 stolati
1309 4066 1353 4104 ra·

51 4144 172 4199 chovnla
192 4160 221 4200 se
247 4144 528 4217 r„Diplomatarium
546 4146 619 4214 regis
640 4144 764 4214 Georgia
789 4161 825 4198 na
842 4145 860 4198 l.
879 4150 930 4199 416
954 4146 1123 4201 rknlieclm
1146 4146 1353 4201 Loblrorickem

48 4241 168 4297 archiru
193 4240 321 4297 rPraae.
347 4242 495 4311 Varianty:
528 4246 546 4309 ¹)
565 4242 666 4294 ciuium
684 4242 717 4295 A.
747 4244 767 4308 ²)
786 4239 1028 4296 Trutnouiensium
1047 4244 1080 4297 A.
1109 4242 1302 4312 ⁹)coniectum
1319 4243 1352 4297 n

50 4343 72 4408 ⁴)
94 4338 241 4393 continere
258 4341 290 4392 A.
312 4339 330 4405 ⁶)
348 4323 459 4393 Zabralr
477 4340 507 4393 B.
527 4339 548 4404 ⁰)
566 4337 656 4391 XXIV
668 4337 699 4389 B.
719 4367 750 4375 -
769 4336 793 4389 V
815 4335 1059 4405 „Diplonnutarium
1077 4339 1151 4407 regis
1169 4338 1296 4407 Georgii‘
1315 4354 1353 4393 ua

45 4438 64 4492 l.
85 4440 141 4489 418
157 4433 187 4501 Je
207 4431 291 4502 berry
309 4433 426 4503 pieklad
455 4435 511 4488 telo
530 4432 697 4487 konlirmaee
716 4450 731 4485 z
750 4431 800 4485 XV
818 4432 889 4497 stol,
907 4432 979 4487 kdei,
997 4450 1028 4489 se
1046 4438 1133 4504 pravi,
1153 4437 1187 4489 ie
1204 4435 1265 4490 kril
1285 4450 1351 4505 „pro

43 4529 219 4603 polepieuie
244 4528 419 4596 ileclnticuor‚
443 4531 563 4599 rytieibr
581 4547 598 4583 a
616 4544 732 4583 manuos
752 4529 760 4580 i
778 4529 843 4581 colo
863 4530 934 4582 mest
952 4530 1092 4585 Trntnora
1118 4533 1246 4587 aDvoru
1264 4534 1273 4584 i
1292 4530 1351 4585 vile

42 4627 172 4695 honitby
191 4625 365 4680 Trutnousk(3
385 4625 615 4695 plabyrnteluov“
636 4624 755 4694 potvnlil
775 4624 822 4677 list
840 4625 880 4677 kr.
899 4627 978 4679 lano.
