3098 5392
213 404 275 472 753
831 405 907 454 raes.

206 613 337 700 jestatis
374 614 483 698 sigillo
520 615 705 681 testimonio
743 614 933 683 litterarum.
980 614 1098 678 Datum
1133 611 1239 695 Prage
1271 628 1357 678 anno
1391 608 1500 678 domini

209 725 358 795 M⁰ccc⁰
377 730 596 811 octuagesimo
612 728 724 810 tercio,
741 729 795 793 die
813 728 974 794 sedecima
989 727 1111 793 mensis
1127 724 1329 807 Decembris,
1340 744 1498 810 regnorum

209 849 393 908 nostrorum
415 862 499 908 anno
523 843 657 908 Boemie
679 843 833 908 vicesimo
858 844 971 924 primo,
995 842 1212 906 Romanorum
1243 859 1322 906 vero
1344 847 1464 907 octauo.

435 991 437 994 ⁴
527 982 591 1066 [Na
615 981 731 1062 ohbuz]
756 982 807 1047 Ad
830 982 1016 1047 mandatum
1039 981 1137 1062 regis,
1160 979 1427 1086 wissegradensi

689 1096 885 1179 burggrauio
908 1095 1078 1175 referente,
1098 1095 1264 1176 Martinus
1288 1095 1480 1195 scolasticus

315 1268 388 1336 Orig.
408 1284 483 1337 perg.
512 1267 658 1322 sarchivu
685 1285 720 1321 m.
739 1267 897 1336 Buddjovic.
927 1267 1065 1322 Svelkou
1093 1267 1203 1322 viantem
1221 1265 1323 1336 pedeti
1335 1265 1497 1320 krilesshou.

778 1483 842 1567 dis.
867 1501 941 1566 oea.

564 1689 665 1770 1383,
688 1692 732 1760 22
752 1689 941 1776 prosince.
963 1691 997 1759 V
1019 1687 1148 1759 Praze.

210 1880 297 1947 Krcil
325 1881 439 1948 thuan
461 1885 484 1947 I
489 1880 517 1944 V
532 1882 617 1948 duaci
647 1882 842 1967 rycbtcir'stoi
862 1879 1068 1948 reomense
1097 1903 1131 1947 se
1150 1881 1251 1986 odessi
1268 1877 1495 1964 pr'a'sbaioestori

209 2016 230 2058 o
254 1994 397 2077 dbcbodp
428 1995 568 2062 hidam
600 2001 660 2063 r'ec'.
692 1999 833 2072 Monow,
868 1999 1014 2062 mediano
1037 1994 1311 2073 Litomdiickc'rno,
1342 2015 1423 2078 wrm
1435 1991 1494 2078 jetro

310 2128 312 2132 ·
640 2107 776 2174 Mibioac'
798 2132 819 2174 a
833 2109 902 2192 jicb
925 2109 1078 2175 decium.

313 2301 522 2368 Wenceslaus
557 2302 610 2367 dei
641 2303 751 2384 gracia
783 2301 999 2369 Romanorum
1032 2320 1089 2368 rex
1123 2319 1252 2384 semper
1285 2303 1497 2384 augustuset

210 2415 343 2482 Boemie
364 2434 431 2482 rex.
465 2416 585 2482 Notum
608 2415 746 2482 facimus
768 2422 881 2484 tenore
903 2417 1107 2500 presencium
1129 2416 1304 2497 uniuersis,
1327 2415 1414 2500 quod
1436 2430 1497 2480 con·

209 2528 361 2595 sideratis
383 2528 532 2596 fidelibus
555 2536 589 2597 et
610 2531 783 2597 indefessis
807 2532 957 2598 seruiciis
981 2550 1038 2614 per
1060 2530 1195 2597 dilectos
1217 2535 1350 2596 nostros
1373 2529 1497 2595 Franco

209 2643 331 2710 dictum
353 2643 488 2724 blanau,
512 2643 616 2710 ciuem
639 2644 980 2725 Luthomiericensem,
1011 2649 1044 2711 et
1066 2644 1263 2711 Minioonem
1293 2645 1368 2710 eius
1399 2641 1499 2718 filium,

208 2755 401 2823 familiarem
432 2762 587 2838 nostrum,
622 2759 769 2840 alongis
799 2759 998 2843 temporibus
1029 2757 1123 2824 nobis
1144 2757 1301 2825 exhibitis
1324 2763 1360 2823 et
1382 2757 1500 2823 inantea

207 2869 392 2936 feruencius
416 2869 618 2951 exhibendis,
644 2871 726 2953 ipsis
749 2878 783 2936 et
796 2871 970 2939 heredibus
994 2890 1106 2938 eorum
1127 2890 1191 2938 non
1214 2890 1273 2953 per
1289 2889 1434 2937 errorem
1454 2871 1500 2933 ent

208 2983 399 3066 improuide,
424 2983 481 3050 sed
505 2984 545 3050 de
569 2989 657 3050 certa
684 2991 795 3050 nostra
818 2986 961 3052 sciencia
979 2985 1139 3068 judicium
1161 2990 1311 3050 nostrum
1333 2985 1369 3050 in
1391 2983 1502 3048 Lethe

207 3097 325 3163 mericz
355 3116 427 3163 cum
451 3097 521 3162 eius
554 3099 765 3180 pertinenciis
796 3104 829 3163 et-
858 3098 1079 3164 vsufructibus
1113 3097 1303 3164 cottidianis
1338 3102 1374 3163 et
1407 3094 1501 3163 solitis

207 3210 355 3276 dedimus
378 3216 412 3275 et
433 3216 544 3276 tenore
575 3211 780 3292 presencium
802 3212 983 3293 graciosius
1006 3210 1183 3292 elargimur
1203 3229 1263 3292 per
1286 3212 1380 3293 ipsos
1403 3216 1437 3275 et
1456 3210 1500 3273 he

207 3323 301 3389 redes
324 3325 468 3405 ipsorum
491 3322 683 3404 habendum,
714 3325 898 3406 tenendum,
929 3325 1116 3408 regendum,
1138 3323 1362 3391 vtifruendum
1385 3330 1421 3391 et
1440 3339 1500 3406 per·

206 3442 304 3518 petue
333 3437 572 3519 possidendum.
626 3437 819 3504 Mandantes
851 3438 1047 3520 consulibus,
1078 3438 1197 3520 juratis
1229 3443 1263 3503 et
1284 3433 1499 3505 communitati

207 3551 352 3631 predicte
374 3552 519 3617 ciuitatis
539 3552 573 3615 in
589 3551 857 3632 Luthomierzicz,
882 3558 1040 3633 quoenus
1064 3550 1187 3616 eisdem
1201 3550 1313 3618 Franc
1326 3557 1361 3618 et
1376 3551 1498 3616 Nicotao

202 3664 321 3746 judicii
344 3664 461 3747 prefati
496 3664 718 3747 possesionem
742 3667 861 3731 realem
892 3665 1062 3748 assignent
1089 3670 1124 3731 et
1151 3665 1293 3745 tradant,
1324 3664 1497 3744 faciantque

205 3777 288 3857 ipsis
312 3782 345 3842 et
358 3777 531 3844 heredibus
554 3779 700 3860 ipsorum
724 3779 765 3844 de
780 3779 855 3858 hiis,
878 3798 940 3862 que
962 3779 1003 3844 nd
1027 3779 1132 3860 ipsum
1154 3778 1322 3860 pertinent
1339 3777 1495 3861 judicium,

205 3909 295 3956 more
329 3892 425 3956 solito
459 3892 493 3956 in
524 3892 671 3957 omuibus
704 3892 903 3974 responderi.
942 3892 1149 3956 Preseucium
1183 3889 1243 3955 sub
1277 3892 1370 3973 regie
1399 3894 1494 3955 nostre

205 4005 387 4069 maiestatis
418 4006 527 4085 sigillo
557 4005 743 4070 testimonio
776 4005 953 4070 literarum.
992 4004 1112 4068 Datum
1134 4003 1239 4084 Pragc
1269 4022 1355 4068 anuo
1387 3997 1492 4067 domiui

203 4118 376 4183 millesimo
412 4120 638 4184 trecentesimo
677 4120 896 4200 octoagesimo
933 4118 1056 4198 tercio,
1087 4117 1243 4183 vicesima
1276 4117 1421 4183 secunda
1451 4111 1493 4175 oie

204 4231 403 4312 Decembris,
441 4251 613 4313 regnorum
651 4237 834 4297 nostrorum
871 4251 955 4296 anno
995 4231 1128 4297 Boemie
1167 4230 1253 4310 XXI,
1291 4230 1492 4297 Romanomm

206 4364 281 4411 roro
304 4344 404 4410 vnit

308 4500 417 4569 Rtrkop.
438 4482 564 4553 t'feskeho
585 4517 680 4554 nrrrsen
705 4501 774 4568 sign.
794 4509 826 4553 ‘2⁴
848 4501 870 4554 G
892 4507 923 4553 12
943 4517 978 4553 un
996 4500 1013 4551 l.
1032 4501 1089 4552 ‘zib
1108 4515 1125 4552 a
1143 4504 1203 4551 bio
1222 4513 1257 4551 za
1275 4499 1420 4569 utpisem:
1445 4489 1492 4559 ‚lab

203 4603 265 4650 tera
292 4598 445 4650 maiestatis
475 4614 561 4667 super
582 4598 687 4666 judicio
716 4598 863 4651 ciuitatis&
895 4598 917 4650 Υ
936 4600 1024 4653 terrie
1048 4594 1181 4665 rukopise
1204 4611 1242 4648 na
1258 4595 1277 4648 1.
1296 4601 1360 4651 δῖα
1375 4595 1406 4663 je
1422 4589 1493 4658 desi!
