3098 5392
639 481 714 530 raso.
1271 479 1335 546 551

105 692 196 751 ustus
220 691 252 750 et
275 684 407 750 Boemie
428 702 495 750 rer.
526 685 578 750 Ad
600 692 789 768 perpetuam
810 687 859 752 rei
881 687 1075 753 memoriam.
1110 685 1258 769 Suscepti
1279 704 1332 751 re·

105 800 168 864 inis
205 815 264 863 nos
301 796 451 862 admonet
485 798 656 865 solicitudo
690 800 852 880 continua,
883 804 917 864 vt
946 800 1002 881 qui
1024 804 1155 864 auctore
1188 799 1247 865 deo
1277 799 1336 864 im-

105 931 129 977 o
154 929 246 977 sacro
269 915 302 975 et
322 909 432 992 regnis
455 909 595 977 feliciter
616 895 782 993 presidere
808 911 1015 992 dinoscimur,
1047 910 1123 976 dum
1145 910 1186 976 de
1208 912 1336 976 miner-

104 1045 149 1090 1m
171 1024 266 1090 nobis
289 1022 491 1090 subditorum
515 1042 624 1090 sumus
648 1025 752 1089 salute
775 1025 926 1106 pervigili
949 1042 1026 1090 cura
1048 1023 1178 1105 soliciti,
1202 1023 1335 1105 speciali

105 1139 179 1203 dam
202 1136 378 1219 diligencia
400 1136 441 1202 de
463 1137 633 1203 ciuitatum
656 1142 689 1204 et
711 1137 901 1220 oppidorum
916 1136 1105 1203 hereditarii
1120 1137 1213 1219 regni
1233 1136 1335 1203 nostri

105 1252 172 1316 mie
198 1255 444 1330 nostrorumque
466 1251 500 1315 in
523 1250 589 1316 illis
610 1249 755 1316 fidelium
778 1256 865 1317 statu
880 1249 968 1317 felici
990 1256 1023 1316 et
1044 1269 1102 1332 pro
1117 1249 1237 1315 futuris
1252 1269 1335 1317 com·

105 1364 250 1430 litatibus
272 1364 473 1429 meditemur.
497 1363 582 1443 Quia
604 1363 705 1446 igitur
727 1362 838 1430 fideles
861 1365 964 1430 nostri
987 1363 1108 1443 dilecti,
1125 1413 1156 1427 ..
1181 1362 1270 1428 ciues
1293 1361 1333 1427 de

104 1478 169 1558 nis,
194 1482 305 1543 nostre
327 1477 490 1543 maiestati
507 1471 673 1544 humiliter
688 1479 920 1561 supplicarunt,
943 1482 978 1542 vt
992 1475 1201 1560 priuilegium
1216 1493 1236 1540 a
1251 1475 1336 1540 clare

105 1591 193 1657 norie
216 1589 335 1656 illustri
348 1589 505 1671 Johanne,
529 1589 689 1672 quondam
711 1609 787 1673 rege
809 1590 951 1670 Boemie,
978 1589 1124 1672 genitore
1146 1593 1257 1654 nostro
1281 1605 1333 1653 ca·

104 1706 180 1785 imo,
205 1723 302 1785 super
324 1705 421 1769 certis
445 1704 515 1770 suis
538 1707 571 1768 et
593 1703 738 1769 eiusdem
761 1704 905 1770 ciuitatis
927 1707 1037 1769 nostre
1058 1701 1175 1785 Pyrnis
1198 1700 1332 1781 iuribus,

105 1818 251 1897 statibus,
286 1819 415 1899 graciis,
449 1817 618 1898 theloneis,
643 1816 930 1884 consuetudinibus
964 1821 998 1881 et
1027 1816 1157 1881 statutis
1190 1815 1237 1881 eis
1264 1815 1332 1897 Jam

105 1950 159 1996 um
183 1948 370 1996 concessum
393 1933 558 2009 innouare,
582 1930 760 2013 approbare
775 1935 808 1996 et
822 1928 1010 1996 confirmare
1025 1928 1204 2012 gratiosius
1220 1927 1333 2011 digna·

105 2064 153 2126 ur,
179 2044 271 2109 cuius
295 2043 425 2125 quidem
446 2043 611 2126 priuilegii
634 2049 727 2109 tenor
749 2044 790 2110 de
813 2043 909 2110 verbo
932 2042 1129 2109 adverbum
1151 2042 1331 2124 peremnia

105 2178 113 2223 s
144 2163 211 2222 est:
246 2156 313 2223 Nos
344 2155 508 2222 lohannes
540 2162 598 2223 eto.
636 2157 827 2239 (Ntsleduje
855 2158 951 2222 znini
980 2156 1058 2222 listu
1083 2157 1174 2222 krtle
1197 2154 1281 2220 Jana
1304 2154 1333 2219 d.

105 2288 176 2335 raze
199 2271 243 2336 20
265 2269 373 2335 dubna
397 2269 481 2336 1325
505 2269 529 2335 d.
557 2270 642 2352 132).
667 2270 808 2352 Ideoque
830 2270 1048 2353 predictorum
1067 2270 1189 2336 ciuium
1210 2274 1336 2336 nostro·

105 2406 112 2448 ι
136 2383 177 2448 de
199 2383 316 2466 Pyrnis
338 2383 499 2465 precibus,
524 2388 633 2466 utpote
656 2385 753 2449 iustis
776 2390 809 2449 et
831 2383 1092 2464 racionabilibus,
1114 2382 1336 2450 fauorabiliter

105 2497 186 2563 inati
219 2495 439 2578 supradictum
469 2496 679 2578 priuilegium
706 2502 877 2578 paternum
903 2502 938 2562 et
960 2497 1068 2564 omnia
1090 2514 1128 2562 ac
1150 2495 1279 2579 singula
1300 2494 1334 2560 in

105 2615 262 2690 contenta,
284 2628 408 2675 necnon
431 2611 512 2691 iura,
535 2609 712 2691 libertates,
738 2611 874 2692 graciam,
897 2611 1056 2692 thelonea,
1086 2609 1335 2676 consuetudines

105 2728 216 2789 ‚tatuta
238 2741 296 2805 per
319 2722 405 2788 idem
431 2723 639 2805 priuilegium
668 2725 853 2789 memoratis
884 2723 1011 2790 ciuibus
1042 2728 1075 2789 et
1104 2722 1231 2789 ciuitati
1261 2741 1335 2788 con-

105 2855 147 2902 :as
171 2842 205 2901 et
228 2855 381 2903 concessa
410 2854 449 2901 ao
471 2836 579 2902 omnia
601 2840 634 2901 et
657 2836 786 2918 singula
808 2838 841 2901 in
865 2855 903 2902 eo
926 2842 1084 2915 contenta,
1116 2839 1212 2917 prout
1232 2836 1335 2901 racio

105 2951 190 3016 iliter
213 2956 246 3014 et
267 2950 404 3031 pronide
426 2954 661 3031 processerunt,
686 2955 774 3015 ratas
790 2948 944 3015 habentos
968 2955 1001 3014 et
1023 2954 1116 3031 grata
1129 2954 1282 3030 ratasque
1302 2952 1336 3012 et

105 3082 132 3128 a
163 3064 357 3128 auctoritate
387 3065 476 3145 regia
498 3062 632 3128 Boemie
662 3063 864 3143 innouamus,
895 3062 1109 3144 approbamus
1132 3066 1225 3126 etex
1248 3066 1335 3126 certa

105 3187 151 3241 tra
174 3177 314 3241 sciencia
339 3176 573 3256 confirmamus,
598 3194 699 3258 eaque
721 3178 828 3241 omnia
852 3182 884 3240 et
906 3176 1035 3257 singula
1049 3176 1241 3240 auctoritate
1263 3193 1334 3256 pre·

105 3309 126 3354 a
148 3291 281 3355 Boemie
302 3293 394 3372 regia
417 3290 620 3357 decernimus
643 3295 675 3355 et
698 3291 844 3355 volumus
872 3293 1059 3371 perpetuam
1089 3288 1207 3353 babere
1236 3287 1334 3353 firmi·

105 3423 144 3468 m.
169 3403 259 3469 Nulli
283 3422 358 3486 ergo
381 3406 510 3470 omnino
533 3405 698 3470 hominum
729 3404 826 3469 liceat
855 3404 937 3469 hanc
964 3403 1114 3485 paginam
1136 3406 1246 3468 nostre
1268 3420 1333 3466 ma·

105 3518 165 3581 atis
198 3516 373 3599 infringere
405 3519 454 3583 vel
485 3519 514 3582 ei
547 3536 630 3582 ausu
661 3517 831 3582 temerario
863 3517 1030 3581 contraire.
1076 3515 1203 3598 Siquis
1226 3519 1333 3580 autem

105 3631 235 3693 ratium
265 3634 457 3711 attemptare
491 3630 734 3711 presumpserit,
769 3629 1028 3710 indignacionem
1062 3629 1185 3710 regiam
1215 3628 1334 3710 poterit

105 3744 152 3807 ito
186 3742 367 3808 formidare.
414 3743 547 3823 Sipnum
580 3741 775 3807 serenissimi
801 3740 961 3823 principis
992 3746 1022 3806 ct
1053 3741 1181 3816 domim,
1214 3740 1335 3806 domini

105 3852 153 3917 *oli
185 3855 301 3938 quarti,
336 3856 551 3918 Rornanorum
585 3854 786 3935 irnperotoris
820 3853 1025 3918 inuictissimi
1057 3858 1086 3918 ei
1112 3853 1335 3936 gloriosissimi

105 3967 167 4031 mie
188 3967 280 4048 repis.
305 3970 417 4034 Testes
441 3969 538 4033 huius
565 3970 613 4033 rei
637 3975 712 4034 sunt
738 3969 937 4033 venerabiles
961 3970 1129 4049 Arnestus,
1161 3968 1333 4050 Pragensis

105 4083 322 4163 riepisoopus,
360 4080 524 4147 lohannes
564 4082 859 4163 Luthomuslensis,
897 4081 1061 4148 lohannes
1100 4081 1333 4164 Olomuoensis,

106 4195 237 4260 odricus
262 4195 442 4261 Mindensis
465 4202 498 4260 et
519 4195 654 4261 Maurus
679 4195 917 4277 Cerbaniensis,
938 4197 1146 4262 ecclesiarum
1168 4195 1333 4278 episcopi;

105 4315 182 4373 stres
206 4307 308 4372 Bolko
332 4308 641 4390 Falkembergensis,
666 4310 769 4376 Bolko
793 4310 989 4391 Opuliensis,
1013 4308 1177 4374 lohannes
1198 4306 1333 4390 Opauie,

105 4420 255 4487 emislaua
278 4422 516 4501 Tesohinensia,
547 4423 662 4500 duces3
688 4423 880 4505 spectabiles
903 4422 1123 4504 Burghardus,
1157 4422 1334 4504 imperialis

108 4554 127 4600 e
150 4533 317 4615 magister,
348 4532 512 4599 lohannes
540 4540 572 4598 et
592 4535 813 4616 Burglrardus,
840 4534 1145 4617 Magdeburgenses,
1168 4539 1200 4600 et
1222 4535 1333 4600 Fride·

105 4669 121 4715 s
133 4647 165 4713 N
169 4646 459 4728 ueremburgensis,
472 4647 657 4727 burgrcuii;
671 4647 800 4714 Vlrious
813 4654 845 4713 et
857 4648 877 4712 J
880 4649 1031 4729 ohannes,
1044 4648 1333 4732 butembergenses
