3098 5392
686 497 762 548 reos.
1304 492 1368 558 989

66 726 193 774 necnon
215 711 326 774 sancte
348 705 537 791 Elyzabetb,
569 705 661 773 cuius
689 723 742 773 res
766 705 801 772 in
823 705 883 769 hac
913 707 1006 787 parte
1028 702 1146 784 agitur,
1176 701 1313 785 gloriam
1335 707 1369 769 et

66 822 221 887 honorem
237 821 407 903 diuinique
427 821 534 887 cultus
548 824 758 902 augmmtum
772 816 912 902 predicti
926 816 1052 898 Jacobi,
1071 815 1230 898 capellani
1253 816 1366 898 nostri,

68 953 166 1016 quom
188 934 228 1000 ob
250 934 377 1001 sincere
405 932 482 999 fidei
513 951 572 999 sue
592 932 769 1016 puritatem
789 949 914 998 necnon
945 934 1038 1013 grata
1059 934 1093 996 et
1114 932 1248 1011 accepta
1272 928 1367 995 nobis

66 1047 242 1129 plurimum
264 1048 445 1130 peripsum
460 1047 561 1131 pleris
576 1046 703 1114 vicibus
719 1045 862 1114 exhibita
879 1044 1033 1126 obsequia
1047 1044 1102 1126 pio
1117 1043 1231 1109 fauore
1252 1061 1365 1124 prose·

67 1162 208 1243 quimur,
229 1162 536 1244 supplicationibus,
552 1166 664 1244 vtpoto
681 1159 933 1229 racionabilibus
948 1163 1050 1242 atque
1061 1157 1167 1239 iustis,
1192 1155 1366 1238 benignius

68 1275 227 1356 inclinati,
251 1275 423 1358 presertim
446 1293 518 1341 cum
532 1273 621 1340 iuste
635 1275 820 1357 petentibus
835 1292 899 1340 non
916 1273 960 1339 sit
975 1269 1184 1353 denegandus
1200 1286 1364 1350 assensus,

64 1408 131 1454 non
154 1407 211 1470 per
234 1403 375 1454 errorem
397 1392 455 1454 aut
477 1387 670 1470 improuide,
694 1388 752 1454 sed
776 1389 884 1454 animo
907 1386 1095 1465 deliberato,
1112 1402 1191 1450 sano
1211 1381 1364 1450 fidelium

64 1506 249 1567 nostrorum
272 1501 447 1569 accedente
476 1501 612 1568 consilio
635 1501 677 1567 sd
700 1501 926 1581 errecoionem,
955 1497 1193 1578 fundationem,
1220 1501 1366 1564 exstruc-

67 1616 204 1696 cionem,
227 1614 468 1682 edificacionem
483 1620 518 1681 et
531 1615 742 1682 donacionem
764 1613 903 1697 predicti
925 1611 1097 1696 hospitalis
1120 1611 1365 1679 consencientes

64 1727 249 1809 benignius,
272 1727 361 1810 ipsos
384 1745 501 1793 census
523 1731 557 1793 et
577 1725 724 1793 redditus
747 1744 806 1808 per
827 1726 970 1808 prefatos
1000 1725 1090 1792 ciues
1112 1729 1240 1792 nostros
1262 1723 1363 1791 Vero-

64 1859 185 1908 nenses
206 1860 265 1923 pro
287 1841 528 1909 sustentacione
550 1840 617 1907 rite
630 1858 809 1923 pauperum
825 1845 858 1906 et
872 1838 1080 1918 infirmorum,
1105 1844 1140 1904 vt
1153 1838 1362 1921 premittitur,

63 1958 100 2021 in
122 1955 216 2021 bonis
239 1955 351 2022 liberis
374 1972 432 2022 seu
453 1954 636 2023 feodalibus
658 1955 746 2021 intra
767 1954 819 2021 vel
838 1959 929 2021 extra
953 1954 1119 2022 ciuitatem
1140 1952 1362 2019 Veronensem

64 2072 100 2136 in
124 2086 224 2151 regno
246 2073 357 2135 nostro
379 2068 515 2136 Boemie
544 2068 642 2135 simul
670 2069 722 2134 rel
753 2067 940 2135 successiuc
969 2072 1171 2151 comparatos
1198 2084 1257 2133 seo
1278 2084 1364 2133 com·

63 2181 227 2264 parandos
249 2182 355 2248 eidem
377 2181 532 2265 hospitali
553 2187 587 2249 et
608 2181 745 2266 plebano
767 2181 957 2263 Veronensi,
981 2182 1037 2264 qui
1060 2200 1145 2248 nunc
1166 2185 1217 2247 est
1237 2180 1289 2246 vel
1303 2198 1361 2263 pro

61 2301 211 2378 tempore
232 2295 340 2377 fuerit,
370 2314 497 2363 exnunc
526 2301 623 2378 prout
654 2301 771 2362 extunc
793 2300 827 2362 et
848 2300 965 2361 extunc
994 2299 1090 2378 prout
1112 2313 1238 2361 exnunc
1258 2294 1364 2361 incor-

62 2409 262 2493 porauimus,
285 2409 558 2477 inuiscerauimus
581 2414 614 2476 et
636 2410 809 2491 rniuimus,
832 2410 1085 2493 incorporamus,
1117 2409 1360 2491 inuisceramus,

61 2523 268 2590 annectimus
300 2522 392 2606 regia
425 2523 619 2594 auctoritate
652 2524 785 2591 Boemie
818 2527 851 2589 et
880 2523 921 2591 de
954 2527 1043 2590 certa
1075 2528 1189 2591 nostra
1221 2522 1363 2589 sciencia

63 2637 247 2720 graciosius
270 2641 304 2702 et
325 2638 452 2704 vnimus
475 2655 533 2720 per
554 2636 736 2721 plebanum,
769 2637 916 2703 eiusdem
941 2637 1113 2720 hospitalis
1137 2641 1304 2719 rectorem,
1327 2641 1363 2703 et

64 2767 230 2833 pauperes
261 2768 299 2816 ac
321 2749 465 2819 infirmos
487 2751 522 2817 in
545 2751 657 2818 eodem
679 2751 834 2834 hospitali
858 2770 918 2833 pro
940 2756 1085 2834 tempore
1107 2750 1284 2817 existentes
1304 2750 1362 2816 ba·

60 2863 199 2945 bendos,
212 2864 378 2930 'tenendos
401 2869 435 2930 et
449 2864 509 2931 sub
531 2864 753 2931 ecclesiastica
775 2865 926 2932 libertate
949 2871 981 2932 et
994 2866 1066 2931 iure
1081 2884 1208 2931 exnunc
1229 2865 1361 2931 inantea

61 2977 232 3062 perpetuis
261 2978 461 3061 temporibus
492 2978 732 3061 impedimentis
763 2978 962 3061 quibuslibet
990 2979 1121 3062 penitus
1151 2979 1360 3061 proculmotis

67 3089 206 3176 pacifice
237 3091 449 3174 possidendos
461 3089 496 3176 ³),
530 3094 641 3160 taliter
673 3093 835 3174 videlicet,
869 3099 904 3159 vt
936 3093 1059 3159 dictum
1092 3093 1252 3174 hospitale
1276 3096 1356 3158 tam-

62 3223 162 3289 quam
184 3203 252 3271 filia
274 3205 334 3272 sub
355 3211 458 3273 matre
481 3206 541 3274 sub
563 3207 676 3274 eadem
699 3208 839 3275 ecclesia
859 3207 1076 3290 parrochialis
1097 3205 1277 3273 Veronensi
1302 3208 1357 3276 im·

60 3323 256 3402 perpetuum
271 3321 397 3401 existat,
420 3319 641 3402 plebanusque
660 3340 719 3404 pro
740 3325 885 3405 tempore
907 3320 1105 3389 Veronensis
1127 3322 1270 3389 existens
1284 3326 1361 3388 ante

61 3432 174 3499 omnia
196 3432 236 3498 de
256 3432 438 3499 redditibus
454 3438 487 3499 et
502 3434 653 3500 censibus
675 3435 780 3517 ipsius
804 3436 974 3518 hospitalis
990 3434 1160 3502 duodecim
1182 3453 1359 3518 sexagenas

59 3564 253 3629 grossorum
276 3548 484 3630 pragensium
507 3567 623 3615 census
654 3550 753 3616 annui
784 3550 916 3617 babebit
947 3556 980 3617 et
1009 3550 1106 3617 debet
1127 3568 1186 3633 per
1208 3567 1245 3616 se
1265 3550 1360 3616 annis

61 3658 204 3742 singulis
228 3660 341 3726 tollere
361 3665 395 3726 ct
416 3663 535 3743 leuare,
559 3681 683 3729 necnon
706 3665 813 3746 ipsum
835 3666 998 3749 hospitale
1020 3684 1093 3732 cum
1116 3665 1185 3730 suis
1209 3662 1359 3730 censibus

61 3778 96 3839 et
117 3772 300 3840 redditibus
324 3792 395 3840 cum
418 3775 542 3842 duobus
577 3778 704 3843 ciuibus
736 3798 794 3861 per
816 3779 962 3862 predicte
993 3779 1138 3846 ciuitatis
1161 3777 1359 3844 Veronensis

59 3887 325 3954 communitatem
347 3887 388 3953 ad
410 3887 472 3955 hoc
494 3888 657 3972 deputatis
680 3909 794 3973 regere
817 3898 850 3956 et
871 3892 1060 3974 gubernare,
1091 3911 1130 3959 ac
1156 3893 1259 3959 eciam
1281 3910 1359 3974 pau-

61 4018 160 4085 peres
183 4003 218 4066 et
238 3999 382 4069 infirmos
405 4007 438 4069 et
459 4004 508 4069 eis
530 4003 725 4070 famulantes
748 4005 807 4071 sub
829 4025 963 4072 numero
990 4007 1081 4072 iuxta
1103 4006 1305 4090 exigenciam
1326 4011 1361 4074 et

59 4113 320 4181 accrescenciam
349 4134 504 4182 censuum
534 4122 567 4182 et
587 4118 772 4183 reddituum
805 4125 837 4184 et
859 4120 1140 4201 supportacionem
1169 4120 1359 4187 victualium

60 4227 320 4295 necessariorum
348 4228 390 4294 ad
420 4229 528 4311 ipsum
550 4231 711 4314 hospitale
740 4232 932 4298 donatorum
961 4232 1123 4299 debebunt
1152 4234 1306 4316 colligere
1326 4240 1360 4301 et

58 4343 242 4423 acceptare,
258 4346 353 4422 prout
367 4342 415 4407 eis
432 4344 682 4410 conueniencius
707 4351 739 4410 et
754 4344 866 4410 utilius
889 4344 1053 4412 videbitur
1074 4346 1237 4428 expedire,
1260 4365 1359 4432 super

56 4473 122 4538 quo
153 4452 299 4535 ipsorum
331 4455 567 4523 conscienciam
597 4476 778 4539 oneramus
813 4478 851 4524 eo
882 4465 990 4525 tamon
1020 4460 1188 4543 signanter
1215 4463 1358 4544 prouiso,

57 4565 147 4649 quod
175 4564 320 4649 prelatus
345 4567 487 4636 Jacobus
505 4575 538 4636 et
554 4572 605 4636 sui
622 4590 835 4652 successores,
859 4572 989 4655 plebani
1003 4572 1217 4658 Veronenses,
1239 4575 1358 4659 prefati

54 4678 234 4763 hospitalis
257 4683 407 4761 rectores,
431 4701 502 4748 cum
525 4686 680 4766 magistro
706 4685 836 4766 ciuium,
861 4687 1048 4754 oonsulibus
1071 4689 1189 4756 iuratis
1210 4692 1245 4756 et
1270 4709 1354 4759 coru·
