3098 5392
701 424 775 473 uon.
1297 426 1379 491 1013

77 623 181 684 suadeta
206 621 347 687 :lldlrrtlca
369 624 432 688 dna
454 627 582 708 vy'rodni
602 625 676 708 trbp
690 629 785 709 jedes
808 651 852 692 aa
874 630 933 694 dea
955 651 1000 694 av.
1026 631 1132 696 Haola
1156 653 1177 694 a
1200 631 1305 714 dmby‘
1333 654 1377 696 raa

510 739 570 804 deu
592 763 637 804 su.
664 741 760 807 Petra
782 763 804 806 o
827 741 939 805 Paula.

185 928 393 994 Wenceslaus
417 931 470 997 dei
485 933 595 1014 gracia
610 933 824 1013 Romanorum
848 952 902 998 rex
919 953 1046 1015 semper
1061 941 1218 1014 augustus
1241 941 1274 1000 et
1295 937 1376 1001 Boe-

76 1042 143 1105 mie
166 1061 229 1107 rex.
254 1044 374 1109 Notum
390 1045 537 1126 facimus,
559 1046 645 1129 quod
662 1048 829 1129 cupientes
853 1048 1074 1113 condicionem
1097 1047 1241 1113 ciuitatis
1266 1055 1377 1114 nostre

74 1154 289 1221 Meluicensis
312 1155 418 1222 facere
447 1159 612 1224 meliorem
643 1160 749 1224 animo
780 1158 958 1224 deliberato
990 1180 1052 1224 non
1076 1179 1133 1241 per
1156 1179 1297 1225 errorem
1320 1168 1377 1227 aut

73 1268 271 1349 improuide,
293 1270 351 1334 sed
366 1290 445 1337 sano
460 1271 603 1337 fidelium
621 1279 803 1337 nostrorum
819 1273 992 1338 accedente
1009 1273 1144 1339 consilio
1159 1273 1373 1354 regia'aucto·

72 1381 177 1445 ritate
200 1382 333 1448 Boemie
355 1389 387 1447 et
404 1384 548 1450 decerta
571 1391 682 1450 nostra
698 1386 840 1451 sciencia
862 1387 1017 1467 magistro
1041 1386 1172 1465 ciuium,
1189 1388 1375 1453 consulibus

66 1495 194 1576 juratis
216 1515 255 1561 ac
277 1497 498 1563 communitati
515 1504 548 1563 et
570 1498 685 1564 incolis
708 1499 853 1564 ciuitatis
876 1500 1087 1565 blelnicensis
1110 1498 1255 1581 predicte
1271 1499 1375 1564 indul-

70 1627 200 1689 gemus,
218 1616 251 1673 vt
262 1611 325 1691 ipsi
339 1610 371 1675 in
383 1610 467 1677 festo
478 1612 582 1678 sancti
596 1612 681 1677 Galli
693 1612 838 1694 proxime
850 1619 984 1679 venturo
1002 1619 1033 1678 et
1046 1613 1079 1678 in
1091 1613 1174 1678 iesto
1190 1618 1374 1678 sanctorum

70 1722 165 1786 Petri
190 1730 221 1787 et
236 1723 329 1789 Pauli
352 1726 592 1806 appoetolorum
616 1725 733 1790 deinde
756 1732 906 1792 secuturo
930 1732 963 1792 et
985 1726 1138 1806 deinceps
1162 1725 1194 1789 in
1219 1725 1374 1805 predictis

68 1834 201 1901 duobus
225 1839 372 1903 terminis
395 1839 489 1903 annis
514 1839 651 1921 singulis
674 1845 829 1921 perpetue
859 1840 892 1904 iu
918 1840 1028 1922 vigilia
1060 1838 1278 1920 predictorum
1301 1857 1374 1902 san-

68 1954 200 2015 ctorum
222 1950 301 2015 bora
330 1969 537 2033 vesperorum
568 1951 752 2034 incipiendo
775 1953 936 2018 nundinas
969 1971 1025 2018 seu
1049 1951 1189 2016 annuale
1211 1951 1315 2016 iorum
1339 1952 1372 2016 in

68 2061 221 2144 predicta
255 2063 389 2129 ciuitate
420 2063 611 2130 Melnicenei
645 2063 808 2130 celebrare
841 2071 874 2129 et
908 2044 1087 2130 obseruare
1115 2065 1242 2129 valeant
1276 2070 1373 2146 atque

70 2177 204 2259 possint
226 2179 314 2243 omni
331 2177 417 2260 jure,
440 2178 600 2258 libertate,
624 2179 869 2258 consuetudine,
891 2178 1114 2258 obseruancia,
1130 2197 1199 2257 vsu,
1223 2177 1317 2243 modo
1341 2183 1374 2242 et

67 2289 188 2369 forma,
219 2290 336 2371 quibus
367 2292 403 2357 in
427 2291 502 2357 aliie
527 2292 715 2357 ciuitatibus
738 2293 830 2375 regni
863 2293 963 2358 nostri
988 2292 1119 2357 Boemie
1149 2290 1292 2356 nundine
1314 2309 1372 2356 seu

67 2402 214 2467 annuale
236 2402 343 2470 iorum
365 2405 534 2485 bucusque
566 2404 677 2470 habite
698 2411 731 2470 et
752 2411 841 2470 tonte
865 2411 941 2469 suunt
964 2411 997 2470 et
1019 2405 1242 2486 principaliter
1264 2404 1372 2469 obser-

68 2521 202 2580 uantur.
227 2517 412 2584 Inhibentes
436 2518 598 2585 uniuersis
622 2524 655 2583 et
677 2519 815 2600 singulis
840 2517 1050 2600 principibus,
1083 2517 1316 2583 ecclesiasticis
1339 2523 1372 2583 et

67 2628 285 2710 secularibus,
308 2630 493 2710 baronibus,
525 2630 699 2710 nobilibus
731 2630 900 2709 militibus,
936 2630 1118 2710 clientibus
1152 2630 1369 2712 burggrauiie,

66 2743 263 2824 capitaneis,
290 2742 482 2809 officialibus
507 2745 687 2822 ciuitatum,
719 2742 896 2824 opidorum,
929 2743 1079 2807 villarum
1102 2748 1135 2807 et
1157 2744 1300 2808 locorum
1317 2744 1370 2825 ju·

66 2855 201 2923 dicibus
224 2862 256 2921 et
279 2856 562 2922 communitatibus
594 2863 626 2920 et
648 2855 893 2937 quibuscunque
925 2856 1044 2923 nostris
1067 2862 1100 2921 et
1122 2858 1213 2937 regni
1237 2856 1370 2923 Boemie

66 2969 214 3036 subditis
237 2975 269 3034 et
284 2967 443 3043 fidelibus,
466 2967 599 3034 firmiter
615 2976 647 3034 et
662 2969 821 3048 districte,
845 2988 885 3033 ne
907 2971 1047 3050 prelatos
1070 2969 1169 3048 ciues,
1193 2969 1314 3034 incolas
1337 2974 1371 3033 et

65 3083 238 3149 ciuitatem
261 3083 501 3163 blelnicensem,
532 3102 654 3148 necnon
688 3081 856 3147 uniuersos
887 3088 920 3145 et
950 3082 1096 3163 singulos
1119 3089 1314 3147 mercatores
1337 3087 1370 3146 et

65 3197 155 3263 alias
177 3215 385 3280 quascunque
406 3215 562 3278 personas
586 3197 689 3261 dictas
712 3196 874 3259 nundinas
898 3214 955 3260 seu
979 3195 1119 3259 annuale
1141 3194 1256 3275 forum,
1284 3194 1370 3260 sicut

64 3310 280 3396 premittitur,
305 3311 485 3390 visitantes
508 3310 628 3375 ibidem
651 3317 812 3375 morantes
836 3316 868 3374 et
891 3308 1009 3373 abinde
1031 3308 1228 3387 recedentes,
1248 3308 1368 3389 inper-

67 3425 173 3503 sonis,
208 3422 368 3489 mercibus
403 3428 436 3488 et
458 3423 554 3488 rebus
578 3425 646 3488 suis
681 3429 792 3488 contra
815 3423 975 3488 indultum
1006 3428 1149 3486 nostrum
1182 3421 1368 3487 huiusmodi

65 3536 258 3620 impediant,
282 3537 454 3601 molestent
476 3535 715 3617 quomodolibet
739 3536 790 3600 uel
813 3536 993 3617 pertubant,
1018 3541 1112 3616 prout
1135 3540 1289 3614 nostram,
1311 3534 1367 3600 be-

64 3652 183 3718 redum
199 3656 231 3715 et
246 3668 469 3715 successorum
489 3656 680 3728 nostrorum,
703 3650 796 3730 regni
813 3649 945 3714 Boemie
961 3668 1082 3729 regum,
1106 3646 1367 3733 indignacionem

66 3763 299 3849 grauissimam
323 3768 356 3827 et
378 3782 493 3844 penam
525 3764 558 3826 in
583 3762 851 3828 contrafacientes
879 3763 919 3825 ad
943 3761 1112 3825 arbitrium
1136 3761 1259 3843 regium
1283 3760 1366 3827 infli-

65 3877 207 3960 gendam
237 3876 398 3941 voluerint
429 3878 561 3941 euitare.
601 3877 807 3940 Presencium
838 3877 897 3940 sub
927 3876 1017 3956 regie
1047 3880 1157 3939 nostre
1187 3873 1366 3939 maiestatis

65 3989 177 4072 sigillo
209 3988 395 4055 testimonio
425 3990 600 4052 literarum.
648 3990 766 4053 Datum
795 3990 897 4070 Prage
926 4007 1009 4052 anno
1040 3985 1162 4052 domini
1194 3986 1365 4052 millesimo

63 4101 388 4186 quadringentesimo
419 4104 565 4182 septimo,
595 4102 648 4167 die
680 4103 834 4167 vicesima
857 4101 949 4179 lolii,
980 4119 1152 4182 regnorum
1183 4107 1364 4165 nostrorum

64 4236 152 4282 anuo
164 4215 551 4299 Boemieqnadragesimo
568 4217 691 4298 quinto,
706 4217 922 4282 Romanorum
940 4233 1014 4280 vero
1030 4213 1194 4279 tricesimo
1211 4213 1374 4301 secundo.¹

607 4355 673 4438 [Na
696 4354 812 4437 ohbu:]
838 4354 886 4419 dd
909 4353 1095 4418 mandatum
1119 4353 1240 4419 domini
1262 4354 1371 4435 regis,

820 4466 960 4533 lacobus
983 4466 1156 4533 canonicus
1179 4466 1363 4550 Pragcnsis.

171 4606 236 4691 [Na
257 4604 372 4694 rubn:]
394 4607 432 4672 R.
457 4607 581 4690 caspar
604 4606 644 4671 de
667 4606 811 4672 Irowbicn
