<?xml version="1.0" encoding="UTF-8"?>
<!DOCTYPE html PUBLIC "-//W3C//DTD XHTML 1.0 Transitional//EN"
    "http://www.w3.org/TR/xhtml1/DTD/xhtml1-transitional.dtd">
<html xmlns="http://www.w3.org/1999/xhtml" xml:lang="en" lang="en">
 <head>
  <title>
</title>
<meta http-equiv="Content-Type" content="text/html;charset=utf-8" />
  <meta name='ocr-system' content='tesseract 3.04.00' />
  <meta name='ocr-capabilities' content='ocr_page ocr_carea ocr_par ocr_line ocrx_word'/>
</head>
<body>
  <div class='ocr_page' id='page_1' title='image "./sbrkapramenprva01kingoog/sbrkapramenprva01kingoog_0420.png"; bbox 0 0 3098 5392; ppageno 0'>
   <div class='ocr_carea' id='block_1_1' title="bbox 132 412 826 516">
    <p class='ocr_par' dir='ltr' id='par_1_1' title="bbox 132 412 826 516">
     <span class='ocr_line' id='line_1_1' title="bbox 132 412 826 516; baseline 0 -12"><span class='ocrx_word' id='word_1_1' title='bbox 132 412 198 516; x_wconf 72' lang='lat'><strong>334</strong></span> <span class='ocrx_word' id='word_1_2' title='bbox 750 453 826 505; x_wconf 76' lang='lat' dir='ltr'><strong>nn.</strong></span> 
     </span>
    </p>
   </div>
   <div class='ocr_carea' id='block_1_2' title="bbox 78 657 1420 4708">
    <p class='ocr_par' dir='ltr' id='par_1_2' title="bbox 78 657 1420 4708">
     <span class='ocr_line' id='line_1_2' title="bbox 131 657 1384 741; baseline 0.002 -17"><span class='ocrx_word' id='word_1_3' title='bbox 131 677 229 741; x_wconf 89' lang='lat' dir='ltr'><strong>super</strong></span> <span class='ocrx_word' id='word_1_4' title='bbox 250 657 360 739; x_wconf 80' lang='lat' dir='ltr'><strong>Albos,</strong></span> <span class='ocrx_word' id='word_1_5' title='bbox 383 658 469 724; x_wconf 89' lang='lat' dir='ltr'><strong>inter</strong></span> <span class='ocrx_word' id='word_1_6' title='bbox 491 659 601 726; x_wconf 90' lang='lat' dir='ltr'><strong>domos</strong></span> <span class='ocrx_word' id='word_1_7' title='bbox 619 660 808 728; x_wconf 89' lang='lat' dir='ltr'><strong>Friczkonis</strong></span> <span class='ocrx_word' id='word_1_8' title='bbox 831 667 864 728; x_wconf 91' lang='lat' dir='ltr'><strong>et</strong></span> <span class='ocrx_word' id='word_1_9' title='bbox 887 660 1055 728; x_wconf 83' lang='lat' dir='ltr'><strong>Guncalini</strong></span> <span class='ocrx_word' id='word_1_10' title='bbox 1081 659 1247 728; x_wconf 78' lang='lat' dir='ltr'><strong>fabrorum</strong></span> <span class='ocrx_word' id='word_1_11' title='bbox 1267 663 1337 730; x_wconf 87' lang='lat' dir='ltr'><strong>sitos</strong></span> <span class='ocrx_word' id='word_1_12' title='bbox 1352 663 1384 728; x_wconf 86' lang='lat' dir='ltr'><strong>rel</strong></span> 
     </span>
     <span class='ocr_line' id='line_1_3' title="bbox 132 771 1386 858; baseline 0.005 -23"><span class='ocrx_word' id='word_1_13' title='bbox 132 771 369 854; x_wconf 79' lang='lat' dir='ltr'>protendentes,</span> <span class='ocrx_word' id='word_1_14' title='bbox 401 772 500 837; x_wconf 89' lang='lat' dir='ltr'><strong>situm</strong></span> <span class='ocrx_word' id='word_1_15' title='bbox 529 772 737 841; x_wconf 86' lang='lat' dir='ltr'><strong>fundauerint</strong></span> <span class='ocrx_word' id='word_1_16' title='bbox 766 775 996 858; x_wconf 85' lang='lat' dir='ltr'><strong>fundatumque</strong></span> <span class='ocrx_word' id='word_1_17' title='bbox 1018 793 1057 841; x_wconf 89' lang='lat' dir='ltr'><strong>ex</strong></span> <span class='ocrx_word' id='word_1_18' title='bbox 1079 772 1287 842; x_wconf 76' lang='lat' dir='ltr'><strong>facultatibus</strong></span> <span class='ocrx_word' id='word_1_19' title='bbox 1306 778 1386 844; x_wconf 87' lang='lat' dir='ltr'><strong>suisa</strong></span> 
     </span>
     <span class='ocr_line' id='line_1_4' title="bbox 130 883 1387 971; baseline 0.006 -22"><span class='ocrx_word' id='word_1_20' title='bbox 130 884 190 949; x_wconf 89' lang='lat' dir='ltr'><strong>deo</strong></span> <span class='ocrx_word' id='word_1_21' title='bbox 212 883 275 950; x_wconf 84' lang='lat' dir='ltr'>sibi</span> <span class='ocrx_word' id='word_1_22' title='bbox 297 885 458 952; x_wconf 75' lang='lat' dir='ltr'><strong>concessis</strong></span> <span class='ocrx_word' id='word_1_23' title='bbox 481 889 719 954; x_wconf 76' lang='lat' dir='ltr'><strong>construxerint</strong></span> <span class='ocrx_word' id='word_1_24' title='bbox 740 894 774 955; x_wconf 89' lang='lat' dir='ltr'><strong>et</strong></span> <span class='ocrx_word' id='word_1_25' title='bbox 795 889 980 955; x_wconf 90' lang='lat' dir='ltr'><strong>dotauerint</strong></span> <span class='ocrx_word' id='word_1_26' title='bbox 1001 892 1222 971; x_wconf 74' lang='lat' dir='ltr'><strong>competenter</strong></span> <span class='ocrx_word' id='word_1_27' title='bbox 1243 908 1311 956; x_wconf 89' lang='lat' dir='ltr'><strong>cum</strong></span> <span class='ocrx_word' id='word_1_28' title='bbox 1328 890 1387 956; x_wconf 78' lang='lat' dir='ltr'><strong>aab</strong></span> 
     </span>
     <span class='ocr_line' id='line_1_5' title="bbox 130 996 1389 1084; baseline 0.007 -22"><span class='ocrx_word' id='word_1_29' title='bbox 130 1002 163 1062; x_wconf 87' lang='lat' dir='ltr'><strong>et</strong></span> <span class='ocrx_word' id='word_1_30' title='bbox 185 998 252 1064; x_wconf 88' lang='lat' dir='ltr'><strong>solo</strong></span> <span class='ocrx_word' id='word_1_31' title='bbox 274 996 366 1064; x_wconf 85' lang='lat' dir='ltr'><strong>fundi</strong></span> <span class='ocrx_word' id='word_1_32' title='bbox 389 1003 421 1064; x_wconf 88' lang='lat' dir='ltr'><strong>et</strong></span> <span class='ocrx_word' id='word_1_33' title='bbox 443 1000 550 1065; x_wconf 91' lang='lat' dir='ltr'><strong>insula</strong></span> <span class='ocrx_word' id='word_1_34' title='bbox 579 1001 754 1068; x_wconf 79' lang='lat' dir='ltr'><strong>adherente</strong></span> <span class='ocrx_word' id='word_1_35' title='bbox 784 1001 904 1069; x_wconf 88' lang='lat' dir='ltr'><strong>ibidem</strong></span> <span class='ocrx_word' id='word_1_36' title='bbox 934 1003 1052 1084; x_wconf 88' lang='lat' dir='ltr'><strong>emptis</strong></span> <span class='ocrx_word' id='word_1_37' title='bbox 1081 1020 1142 1084; x_wconf 90' lang='lat' dir='ltr'><strong>per</strong></span> <span class='ocrx_word' id='word_1_38' title='bbox 1171 1020 1228 1070; x_wconf 87' lang='lat' dir='ltr'><strong>eos</strong></span> <span class='ocrx_word' id='word_1_39' title='bbox 1256 1022 1294 1070; x_wconf 87' lang='lat' dir='ltr'><strong>ac</strong></span> <span class='ocrx_word' id='word_1_40' title='bbox 1315 1004 1389 1071; x_wconf 81' lang='lat' dir='ltr'><strong>ccicc</strong></span> 
     </span>
     <span class='ocr_line' id='line_1_6' title="bbox 130 1110 1390 1200; baseline 0.006 -24"><span class='ocrx_word' id='word_1_41' title='bbox 130 1110 275 1177; x_wconf 88' lang='lat' dir='ltr'><strong>emendis</strong></span> <span class='ocrx_word' id='word_1_42' title='bbox 302 1111 502 1178; x_wconf 84' lang='lat' dir='ltr'><strong>infuturum</strong></span> <span class='ocrx_word' id='word_1_43' title='bbox 532 1133 590 1197; x_wconf 94' lang='lat' dir='ltr'><strong>pro</strong></span> <span class='ocrx_word' id='word_1_44' title='bbox 620 1113 814 1181; x_wconf 87' lang='lat' dir='ltr'><strong>dilatacione</strong></span> <span class='ocrx_word' id='word_1_45' title='bbox 842 1120 875 1181; x_wconf 91' lang='lat' dir='ltr'><strong>et</strong></span> <span class='ocrx_word' id='word_1_46' title='bbox 903 1114 1118 1196; x_wconf 91' lang='lat' dir='ltr'><strong>ampliacione</strong></span> <span class='ocrx_word' id='word_1_47' title='bbox 1147 1115 1315 1199; x_wconf 87' lang='lat' dir='ltr'><strong>hospitalis</strong></span> <span class='ocrx_word' id='word_1_48' title='bbox 1343 1134 1390 1200; x_wconf 81' lang='lat' dir='ltr'><strong>pre</strong></span> 
     </span>
     <span class='ocr_line' id='line_1_7' title="bbox 130 1223 1390 1314; baseline 0.002 -23"><span class='ocrx_word' id='word_1_49' title='bbox 130 1223 219 1305; x_wconf 84' lang='lat' dir='ltr'><strong>dicti,</strong></span> <span class='ocrx_word' id='word_1_50' title='bbox 249 1223 362 1291; x_wconf 91' lang='lat' dir='ltr'><strong>dantes</strong></span> <span class='ocrx_word' id='word_1_51' title='bbox 392 1230 425 1291; x_wconf 92' lang='lat' dir='ltr'><strong>et</strong></span> <span class='ocrx_word' id='word_1_52' title='bbox 454 1226 610 1293; x_wconf 91' lang='lat' dir='ltr'><strong>donantes</strong></span> <span class='ocrx_word' id='word_1_53' title='bbox 640 1228 704 1310; x_wconf 88' lang='lat' dir='ltr'><strong>ipsi</strong></span> <span class='ocrx_word' id='word_1_54' title='bbox 734 1229 887 1311; x_wconf 91' lang='lat' dir='ltr'><strong>hospitali</strong></span> <span class='ocrx_word' id='word_1_55' title='bbox 910 1247 1008 1295; x_wconf 85' lang='lat' dir='ltr'><strong>vnum</strong></span> <span class='ocrx_word' id='word_1_56' title='bbox 1027 1228 1159 1295; x_wconf 88' lang='lat' dir='ltr'><strong>laneum</strong></span> <span class='ocrx_word' id='word_1_57' title='bbox 1180 1229 1216 1296; x_wconf 90' lang='lat' dir='ltr'><strong>iu</strong></span> <span class='ocrx_word' id='word_1_58' title='bbox 1238 1229 1326 1313; x_wconf 68' lang='lat' dir='ltr'><strong>silua,</strong></span> <span class='ocrx_word' id='word_1_59' title='bbox 1349 1247 1390 1314; x_wconf 84' lang='lat' dir='ltr'><strong>que</strong></span> 
     </span>
     <span class='ocr_line' id='line_1_8' title="bbox 130 1338 1390 1427; baseline 0.004 -25"><span class='ocrx_word' id='word_1_60' title='bbox 130 1338 291 1420; x_wconf 74' lang='lat' dir='ltr'><strong>vulgariter</strong></span> <span class='ocrx_word' id='word_1_61' title='bbox 312 1338 442 1405; x_wconf 88' lang='lat' dir='ltr'><strong>didicke</strong></span> <span class='ocrx_word' id='word_1_62' title='bbox 464 1343 607 1421; x_wconf 82' lang='lat' dir='ltr'><strong>vocatur,</strong></span> <span class='ocrx_word' id='word_1_63' title='bbox 637 1358 709 1406; x_wconf 90' lang='lat' dir='ltr'><strong>cum</strong></span> <span class='ocrx_word' id='word_1_64' title='bbox 731 1359 793 1406; x_wconf 82' lang='lat' dir='ltr'><strong>vno</strong></span> <span class='ocrx_word' id='word_1_65' title='bbox 815 1344 908 1423; x_wconf 89' lang='lat' dir='ltr'><strong>prato</strong></span> <span class='ocrx_word' id='word_1_66' title='bbox 938 1340 1025 1408; x_wconf 87' lang='lat' dir='ltr'><strong>circa</strong></span> <span class='ocrx_word' id='word_1_67' title='bbox 1053 1339 1170 1407; x_wconf 87' lang='lat' dir='ltr'><strong>rubum</strong></span> <span class='ocrx_word' id='word_1_68' title='bbox 1195 1341 1316 1427; x_wconf 76' lang='lat' dir='ltr'><strong>Jndicia</strong></span> <span class='ocrx_word' id='word_1_69' title='bbox 1342 1342 1390 1420; x_wconf 79' lang='lat' dir='ltr'><strong>sito,</strong></span> 
     </span>
     <span class='ocr_line' id='line_1_9' title="bbox 128 1451 1390 1535; baseline 0.003 -20"><span class='ocrx_word' id='word_1_70' title='bbox 128 1451 214 1534; x_wconf 92' lang='lat' dir='ltr'><strong>quod</strong></span> <span class='ocrx_word' id='word_1_71' title='bbox 235 1452 313 1518; x_wconf 94' lang='lat' dir='ltr'><strong>olim</strong></span> <span class='ocrx_word' id='word_1_72' title='bbox 333 1453 487 1519; x_wconf 88' lang='lat' dir='ltr'><strong>Nicolaus</strong></span> <span class='ocrx_word' id='word_1_73' title='bbox 510 1453 551 1518; x_wconf 90' lang='lat' dir='ltr'><strong>de</strong></span> <span class='ocrx_word' id='word_1_74' title='bbox 573 1453 696 1519; x_wconf 86' lang='lat' dir='ltr'><strong>Marica</strong></span> <span class='ocrx_word' id='word_1_75' title='bbox 717 1454 832 1535; x_wconf 88' lang='lat' dir='ltr'><strong>tenuit,</strong></span> <span class='ocrx_word' id='word_1_76' title='bbox 853 1455 895 1519; x_wconf 93' lang='lat' dir='ltr'><strong>ad</strong></span> <span class='ocrx_word' id='word_1_77' title='bbox 918 1454 1084 1521; x_wconf 88' lang='lat' dir='ltr'><strong>ciuitatem</strong></span> <span class='ocrx_word' id='word_1_78' title='bbox 1106 1458 1140 1520; x_wconf 92' lang='lat' dir='ltr'><strong>et</strong></span> <span class='ocrx_word' id='word_1_79' title='bbox 1161 1456 1390 1522; x_wconf 84' lang='lat' dir='ltr'><strong>communitatem</strong></span> 
     </span>
     <span class='ocr_line' id='line_1_10' title="bbox 129 1565 1391 1651; baseline 0.001 -20"><span class='ocrx_word' id='word_1_80' title='bbox 129 1565 274 1631; x_wconf 88' lang='lat' dir='ltr'><strong>ciuitatis</strong></span> <span class='ocrx_word' id='word_1_81' title='bbox 308 1565 497 1632; x_wconf 87' lang='lat' dir='ltr'><strong>Greczensis</strong></span> <span class='ocrx_word' id='word_1_82' title='bbox 531 1571 696 1648; x_wconf 81' lang='lat' dir='ltr'><strong>spectante</strong></span> <span class='ocrx_word' id='word_1_83' title='bbox 729 1567 770 1632; x_wconf 89' lang='lat' dir='ltr'><strong>de</strong></span> <span class='ocrx_word' id='word_1_84' title='bbox 791 1572 902 1633; x_wconf 86' lang='lat' dir='ltr'><strong>nostra</strong></span> <span class='ocrx_word' id='word_1_85' title='bbox 924 1567 1061 1634; x_wconf 76' lang='lat' dir='ltr'><strong>licencia</strong></span> <span class='ocrx_word' id='word_1_86' title='bbox 1079 1572 1113 1634; x_wconf 88' lang='lat' dir='ltr'><strong>et</strong></span> <span class='ocrx_word' id='word_1_87' title='bbox 1135 1568 1271 1651; x_wconf 88' lang='lat' dir='ltr'><strong>speciali</strong></span> <span class='ocrx_word' id='word_1_88' title='bbox 1291 1566 1391 1635; x_wconf 87' lang='lat' dir='ltr'><strong>marda-</strong></span> 
     </span>
     <span class='ocr_line' id='line_1_11' title="bbox 127 1678 1391 1763; baseline 0.002 -19"><span class='ocrx_word' id='word_1_89' title='bbox 127 1684 160 1744; x_wconf 94' lang='lat' dir='ltr'><strong>to</strong></span> <span class='ocrx_word' id='word_1_90' title='bbox 183 1678 355 1745; x_wconf 81' lang='lat' dir='ltr'><strong>accedente</strong></span> <span class='ocrx_word' id='word_1_91' title='bbox 377 1680 562 1762; x_wconf 80' lang='lat' dir='ltr'><strong>specialiter</strong></span> <span class='ocrx_word' id='word_1_92' title='bbox 583 1681 617 1745; x_wconf 91' lang='lat' dir='ltr'><strong>in</strong></span> <span class='ocrx_word' id='word_1_93' title='bbox 640 1680 701 1746; x_wconf 92' lang='lat' dir='ltr'><strong>hac</strong></span> <span class='ocrx_word' id='word_1_94' title='bbox 723 1686 831 1762; x_wconf 90' lang='lat' dir='ltr'><strong>parte:</strong></span> <span class='ocrx_word' id='word_1_95' title='bbox 853 1680 962 1746; x_wconf 91' lang='lat' dir='ltr'><strong>Primo</strong></span> <span class='ocrx_word' id='word_1_96' title='bbox 978 1680 1076 1747; x_wconf 90' lang='lat' dir='ltr'><strong>dante</strong></span> <span class='ocrx_word' id='word_1_97' title='bbox 1096 1681 1173 1763; x_wconf 92' lang='lat' dir='ltr'><strong>ipsa</strong></span> <span class='ocrx_word' id='word_1_98' title='bbox 1194 1682 1322 1749; x_wconf 87' lang='lat' dir='ltr'><strong>domina</strong></span> <span class='ocrx_word' id='word_1_99' title='bbox 1339 1680 1391 1747; x_wconf 84' lang='lat' dir='ltr'><strong>llri</strong></span> 
     </span>
     <span class='ocr_line' id='line_1_12' title="bbox 129 1793 1390 1879; baseline 0.002 -23"><span class='ocrx_word' id='word_1_100' title='bbox 129 1794 215 1858; x_wconf 87' lang='lat' dir='ltr'><strong>atina</strong></span> <span class='ocrx_word' id='word_1_101' title='bbox 235 1797 390 1875; x_wconf 90' lang='lat' dir='ltr'><strong>tanquam</strong></span> <span class='ocrx_word' id='word_1_102' title='bbox 419 1793 591 1876; x_wconf 91' lang='lat' dir='ltr'><strong>principali</strong></span> <span class='ocrx_word' id='word_1_103' title='bbox 623 1793 806 1860; x_wconf 76' lang='lat' dir='ltr'><strong>fundatrice</strong></span> <span class='ocrx_word' id='word_1_104' title='bbox 839 1794 994 1861; x_wconf 87' lang='lat' dir='ltr'><strong>ducentas</strong></span> <span class='ocrx_word' id='word_1_105' title='bbox 1026 1812 1207 1878; x_wconf 81' lang='lat' dir='ltr'><strong>sexagenas</strong></span> <span class='ocrx_word' id='word_1_106' title='bbox 1236 1812 1390 1879; x_wconf 83' lang='lat' dir='ltr'><strong>grossorum</strong></span> 
     </span>
     <span class='ocr_line' id='line_1_13' title="bbox 128 1904 1391 1994; baseline 0.002 -24"><span class='ocrx_word' id='word_1_107' title='bbox 128 1905 333 1971; x_wconf 88' lang='lat' dir='ltr'><strong>denariorum</strong></span> <span class='ocrx_word' id='word_1_108' title='bbox 363 1907 587 1990; x_wconf 81' lang='lat' dir='ltr'><strong>pragensium3</strong></span> <span class='ocrx_word' id='word_1_109' title='bbox 621 1907 699 1972; x_wconf 89' lang='lat' dir='ltr'><strong>item</strong></span> <span class='ocrx_word' id='word_1_110' title='bbox 721 1906 872 1972; x_wconf 91' lang='lat' dir='ltr'><strong>dantibus</strong></span> <span class='ocrx_word' id='word_1_111' title='bbox 902 1906 1057 1989; x_wconf 86' lang='lat' dir='ltr'><strong>predictis</strong></span> <span class='ocrx_word' id='word_1_112' title='bbox 1086 1904 1239 1975; x_wconf 60' lang='lat' dir='ltr'><strong>,Iohanne</strong></span> <span class='ocrx_word' id='word_1_113' title='bbox 1255 1908 1391 1994; x_wconf 85' lang='lat' dir='ltr'><strong>jndioeet</strong></span> 
     </span>
     <span class='ocr_line' id='line_1_14' title="bbox 78 2018 1391 2102; baseline 0.001 -19"><span class='ocrx_word' id='word_1_114' title='bbox 78 2064 81 2070; x_wconf 88' lang='lat'>-</span> <span class='ocrx_word' id='word_1_115' title='bbox 129 2036 226 2084; x_wconf 81' lang='lat' dir='ltr'><strong>vxore</strong></span> <span class='ocrx_word' id='word_1_116' title='bbox 248 2037 308 2085; x_wconf 92' lang='lat' dir='ltr'><strong>sua</strong></span> <span class='ocrx_word' id='word_1_117' title='bbox 329 2018 416 2085; x_wconf 89' lang='lat' dir='ltr'><strong>dicto</strong></span> <span class='ocrx_word' id='word_1_118' title='bbox 439 2019 593 2102; x_wconf 90' lang='lat' dir='ltr'><strong>hospitali</strong></span> <span class='ocrx_word' id='word_1_119' title='bbox 619 2018 702 2084; x_wconf 90' lang='lat' dir='ltr'><strong>hona</strong></span> <span class='ocrx_word' id='word_1_120' title='bbox 724 2038 784 2084; x_wconf 91' lang='lat' dir='ltr'><strong>sua</strong></span> <span class='ocrx_word' id='word_1_121' title='bbox 806 2025 840 2084; x_wconf 91' lang='lat' dir='ltr'><strong>et</strong></span> <span class='ocrx_word' id='word_1_122' title='bbox 861 2020 1085 2102; x_wconf 88' lang='lat' dir='ltr'><strong>possessiones</strong></span> <span class='ocrx_word' id='word_1_123' title='bbox 1107 2037 1183 2086; x_wconf 92' lang='lat' dir='ltr'><strong>cum</strong></span> <span class='ocrx_word' id='word_1_124' title='bbox 1205 2019 1326 2087; x_wconf 89' lang='lat' dir='ltr'><strong>duabus</strong></span> <span class='ocrx_word' id='word_1_125' title='bbox 1342 2036 1391 2084; x_wconf 88' lang='lat' dir='ltr'><strong>ara·</strong></span> 
     </span>
     <span class='ocr_line' id='line_1_15' title="bbox 130 2132 1390 2215; baseline -0.001 -18"><span class='ocrx_word' id='word_1_126' title='bbox 130 2133 213 2198; x_wconf 92' lang='lat' dir='ltr'><strong>turis</strong></span> <span class='ocrx_word' id='word_1_127' title='bbox 236 2133 269 2197; x_wconf 93' lang='lat' dir='ltr'><strong>in</strong></span> <span class='ocrx_word' id='word_1_128' title='bbox 292 2132 370 2197; x_wconf 88' lang='lat' dir='ltr'><strong>villa</strong></span> <span class='ocrx_word' id='word_1_129' title='bbox 391 2132 540 2214; x_wconf 89' lang='lat' dir='ltr'><strong>Rosnicz,</strong></span> <span class='ocrx_word' id='word_1_130' title='bbox 563 2152 636 2199; x_wconf 91' lang='lat' dir='ltr'><strong>cum</strong></span> <span class='ocrx_word' id='word_1_131' title='bbox 658 2133 743 2199; x_wconf 88' lang='lat' dir='ltr'><strong>silua</strong></span> <span class='ocrx_word' id='word_1_132' title='bbox 761 2133 880 2199; x_wconf 92' lang='lat' dir='ltr'><strong>ibidem</strong></span> <span class='ocrx_word' id='word_1_133' title='bbox 903 2138 936 2198; x_wconf 90' lang='lat' dir='ltr'><strong>et</strong></span> <span class='ocrx_word' id='word_1_134' title='bbox 958 2151 1020 2199; x_wconf 84' lang='lat' dir='ltr'><strong>vno</strong></span> <span class='ocrx_word' id='word_1_135' title='bbox 1041 2137 1136 2215; x_wconf 92' lang='lat' dir='ltr'><strong>prato</strong></span> <span class='ocrx_word' id='word_1_136' title='bbox 1157 2139 1236 2200; x_wconf 88' lang='lat' dir='ltr'><strong>ante</strong></span> <span class='ocrx_word' id='word_1_137' title='bbox 1257 2134 1390 2201; x_wconf 80' lang='lat' dir='ltr'><strong>ciuiuun</strong></span> 
     </span>
     <span class='ocr_line' id='line_1_16' title="bbox 129 2245 1391 2331; baseline -0.002 -20"><span class='ocrx_word' id='word_1_138' title='bbox 129 2245 341 2311; x_wconf 87' lang='lat' dir='ltr'><strong>Greczensem</strong></span> <span class='ocrx_word' id='word_1_139' title='bbox 366 2246 501 2326; x_wconf 87' lang='lat' dir='ltr'><strong>iacente,</strong></span> <span class='ocrx_word' id='word_1_140' title='bbox 523 2246 565 2311; x_wconf 90' lang='lat' dir='ltr'><strong>ad</strong></span> <span class='ocrx_word' id='word_1_141' title='bbox 587 2248 659 2329; x_wconf 90' lang='lat' dir='ltr'><strong>ipsa</strong></span> <span class='ocrx_word' id='word_1_142' title='bbox 680 2247 764 2313; x_wconf 90' lang='lat' dir='ltr'><strong>bona</strong></span> <span class='ocrx_word' id='word_1_143' title='bbox 786 2246 1031 2329; x_wconf 90' lang='lat' dir='ltr'><strong>pertinentibus,</strong></span> <span class='ocrx_word' id='word_1_144' title='bbox 1048 2246 1135 2313; x_wconf 91' lang='lat' dir='ltr'><strong>dicto</strong></span> <span class='ocrx_word' id='word_1_145' title='bbox 1155 2247 1310 2331; x_wconf 87' lang='lat' dir='ltr'><strong>hospitali</strong></span> <span class='ocrx_word' id='word_1_146' title='bbox 1328 2246 1391 2313; x_wconf 85' lang='lat' dir='ltr'><strong>etin</strong></span> 
     </span>
     <span class='ocr_line' id='line_1_17' title="bbox 128 2358 1391 2443; baseline 0.003 -21"><span class='ocrx_word' id='word_1_147' title='bbox 128 2358 338 2424; x_wconf 87' lang='lat' dir='ltr'><strong>hereditatem</strong></span> <span class='ocrx_word' id='word_1_148' title='bbox 371 2363 560 2441; x_wconf 90' lang='lat' dir='ltr'><strong>perpetuam</strong></span> <span class='ocrx_word' id='word_1_149' title='bbox 588 2365 621 2425; x_wconf 91' lang='lat' dir='ltr'><strong>et</strong></span> <span class='ocrx_word' id='word_1_150' title='bbox 643 2359 777 2425; x_wconf 89' lang='lat' dir='ltr'><strong>liberam</strong></span> <span class='ocrx_word' id='word_1_151' title='bbox 806 2363 962 2442; x_wconf 89' lang='lat' dir='ltr'><strong>perpetue</strong></span> <span class='ocrx_word' id='word_1_152' title='bbox 991 2364 1024 2424; x_wconf 89' lang='lat' dir='ltr'><strong>et</strong></span> <span class='ocrx_word' id='word_1_153' title='bbox 1052 2358 1154 2427; x_wconf 89' lang='lat' dir='ltr'><strong>libere</strong></span> <span class='ocrx_word' id='word_1_154' title='bbox 1184 2360 1391 2443; x_wconf 81' lang='lat' dir='ltr'><strong>possidendam</strong></span> 
     </span>
     <span class='ocr_line' id='line_1_18' title="bbox 127 2470 1392 2554; baseline 0 -19"><span class='ocrx_word' id='word_1_155' title='bbox 127 2472 262 2537; x_wconf 89' lang='lat' dir='ltr'><strong>huiusce</strong></span> <span class='ocrx_word' id='word_1_156' title='bbox 282 2473 370 2538; x_wconf 94' lang='lat' dir='ltr'><strong>modi</strong></span> <span class='ocrx_word' id='word_1_157' title='bbox 392 2472 536 2554; x_wconf 91' lang='lat' dir='ltr'><strong>ipsorum</strong></span> <span class='ocrx_word' id='word_1_158' title='bbox 557 2471 754 2552; x_wconf 86' lang='lat' dir='ltr'><strong>fundacioni,</strong></span> <span class='ocrx_word' id='word_1_159' title='bbox 778 2470 948 2537; x_wconf 88' lang='lat' dir='ltr'><strong>donacioni</strong></span> <span class='ocrx_word' id='word_1_160' title='bbox 971 2471 1198 2554; x_wconf 81' lang='lat' dir='ltr'><strong>principaliter</strong></span> <span class='ocrx_word' id='word_1_161' title='bbox 1211 2479 1246 2540; x_wconf 91' lang='lat' dir='ltr'><strong>et</strong></span> <span class='ocrx_word' id='word_1_162' title='bbox 1260 2477 1392 2541; x_wconf 82' lang='lat' dir='ltr'><strong>conshuo</strong></span> 
     </span>
     <span class='ocr_line' id='line_1_19' title="bbox 128 2583 1392 2669; baseline 0 -19"><span class='ocrx_word' id='word_1_163' title='bbox 128 2586 212 2651; x_wconf 91' lang='lat' dir='ltr'><strong>cioni</strong></span> <span class='ocrx_word' id='word_1_164' title='bbox 235 2585 276 2651; x_wconf 92' lang='lat' dir='ltr'><strong>de</strong></span> <span class='ocrx_word' id='word_1_165' title='bbox 297 2586 368 2668; x_wconf 90' lang='lat' dir='ltr'><strong>ipso</strong></span> <span class='ocrx_word' id='word_1_166' title='bbox 391 2585 544 2669; x_wconf 85' lang='lat' dir='ltr'><strong>hospitali</strong></span> <span class='ocrx_word' id='word_1_167' title='bbox 567 2591 600 2651; x_wconf 90' lang='lat' dir='ltr'><strong>et</strong></span> <span class='ocrx_word' id='word_1_168' title='bbox 621 2585 714 2652; x_wconf 89' lang='lat' dir='ltr'><strong>bonis</strong></span> <span class='ocrx_word' id='word_1_169' title='bbox 737 2584 885 2651; x_wconf 89' lang='lat' dir='ltr'><strong>omnibus</strong></span> <span class='ocrx_word' id='word_1_170' title='bbox 916 2583 1112 2667; x_wconf 86' lang='lat' dir='ltr'><strong>supradictis</strong></span> <span class='ocrx_word' id='word_1_171' title='bbox 1134 2604 1195 2667; x_wconf 89' lang='lat' dir='ltr'><strong>per</strong></span> <span class='ocrx_word' id='word_1_172' title='bbox 1216 2586 1305 2669; x_wconf 86' lang='lat' dir='ltr'><strong>ipsos</strong></span> <span class='ocrx_word' id='word_1_173' title='bbox 1322 2583 1392 2651; x_wconf 77' lang='lat' dir='ltr'><strong>iacit</strong></span> 
     </span>
     <span class='ocr_line' id='line_1_20' title="bbox 128 2692 1393 2781; baseline 0 -18"><span class='ocrx_word' id='word_1_174' title='bbox 128 2705 160 2764; x_wconf 90' lang='lat' dir='ltr'><strong>et</strong></span> <span class='ocrx_word' id='word_1_175' title='bbox 182 2698 267 2765; x_wconf 92' lang='lat' dir='ltr'><strong>datis</strong></span> <span class='ocrx_word' id='word_1_176' title='bbox 290 2703 323 2764; x_wconf 91' lang='lat' dir='ltr'><strong>et</strong></span> <span class='ocrx_word' id='word_1_177' title='bbox 344 2699 378 2763; x_wconf 92' lang='lat' dir='ltr'><strong>in</strong></span> <span class='ocrx_word' id='word_1_178' title='bbox 401 2704 565 2781; x_wconf 91' lang='lat' dir='ltr'><strong>posterum</strong></span> <span class='ocrx_word' id='word_1_179' title='bbox 587 2717 645 2780; x_wconf 89' lang='lat' dir='ltr'><strong>per</strong></span> <span class='ocrx_word' id='word_1_180' title='bbox 666 2698 755 2780; x_wconf 88' lang='lat' dir='ltr'><strong>ipsos</strong></span> <span class='ocrx_word' id='word_1_181' title='bbox 772 2698 823 2763; x_wconf 86' lang='lat' dir='ltr'><strong>vel</strong></span> <span class='ocrx_word' id='word_1_182' title='bbox 845 2698 927 2763; x_wconf 90' lang='lat' dir='ltr'><strong>alios</strong></span> <span class='ocrx_word' id='word_1_183' title='bbox 949 2695 1061 2763; x_wconf 86' lang='lat' dir='ltr'><strong>fideles</strong></span> <span class='ocrx_word' id='word_1_184' title='bbox 1082 2701 1118 2762; x_wconf 89' lang='lat' dir='ltr'><strong>et</strong></span> <span class='ocrx_word' id='word_1_185' title='bbox 1138 2696 1276 2767; x_wconf 86' lang='lat' dir='ltr'><strong>deuotus</strong></span> <span class='ocrx_word' id='word_1_186' title='bbox 1298 2692 1393 2765; x_wconf 80' lang='lat' dir='ltr'><strong>(lhristi</strong></span> 
     </span>
     <span class='ocr_line' id='line_1_21' title="bbox 128 2809 1395 2894; baseline -0.002 -18"><span class='ocrx_word' id='word_1_187' title='bbox 128 2810 244 2877; x_wconf 90' lang='lat' dir='ltr'><strong>dandis</strong></span> <span class='ocrx_word' id='word_1_188' title='bbox 266 2818 323 2877; x_wconf 92' lang='lat' dir='ltr'><strong>aut</strong></span> <span class='ocrx_word' id='word_1_189' title='bbox 344 2812 446 2878; x_wconf 89' lang='lat' dir='ltr'><strong>eciam</strong></span> <span class='ocrx_word' id='word_1_190' title='bbox 475 2810 632 2878; x_wconf 88' lang='lat' dir='ltr'><strong>iaciendis</strong></span> <span class='ocrx_word' id='word_1_191' title='bbox 663 2815 808 2878; x_wconf 81' lang='lat' dir='ltr'><strong>nostmm</strong></span> <span class='ocrx_word' id='word_1_192' title='bbox 842 2809 997 2875; x_wconf 89' lang='lat' dir='ltr'><strong>adhibere</strong></span> <span class='ocrx_word' id='word_1_193' title='bbox 1025 2827 1220 2877; x_wconf 88' lang='lat' dir='ltr'><strong>consensum</strong></span> <span class='ocrx_word' id='word_1_194' title='bbox 1248 2811 1395 2894; x_wconf 85' lang='lat' dir='ltr'><strong>pariterct</strong></span> 
     </span>
     <span class='ocr_line' id='line_1_22' title="bbox 128 2922 1394 3007; baseline -0.001 -18"><span class='ocrx_word' id='word_1_195' title='bbox 128 2943 296 2990; x_wconf 90' lang='lat' dir='ltr'><strong>assensum</strong></span> <span class='ocrx_word' id='word_1_196' title='bbox 319 2924 543 3007; x_wconf 83' lang='lat' dir='ltr'><strong>dignaremur:</strong></span> <span class='ocrx_word' id='word_1_197' title='bbox 565 2945 624 2992; x_wconf 91' lang='lat' dir='ltr'><strong>nos</strong></span> <span class='ocrx_word' id='word_1_198' title='bbox 647 2927 757 3007; x_wconf 91' lang='lat' dir='ltr'><strong>itaque</strong></span> <span class='ocrx_word' id='word_1_199' title='bbox 778 2925 832 3007; x_wconf 88' lang='lat' dir='ltr'><strong>pie</strong></span> <span class='ocrx_word' id='word_1_200' title='bbox 855 2943 965 2990; x_wconf 92' lang='lat' dir='ltr'><strong>eorum</strong></span> <span class='ocrx_word' id='word_1_201' title='bbox 987 2923 1141 3006; x_wconf 89' lang='lat' dir='ltr'><strong>peticioni</strong></span> <span class='ocrx_word' id='word_1_202' title='bbox 1152 2922 1179 3007; x_wconf 82' lang='lat'><strong>¹)</strong></span> <span class='ocrx_word' id='word_1_203' title='bbox 1202 2942 1338 2993; x_wconf 75' lang='lat' dir='ltr'><strong>annuam</strong></span> <span class='ocrx_word' id='word_1_204' title='bbox 1355 2941 1394 2989; x_wconf 82' lang='lat' dir='ltr'><strong>no</strong></span> 
     </span>
     <span class='ocr_line' id='line_1_23' title="bbox 127 3035 1396 3121; baseline -0.004 -18"><span class='ocrx_word' id='word_1_205' title='bbox 127 3039 230 3103; x_wconf 87' lang='lat' dir='ltr'><strong>lentes</strong></span> <span class='ocrx_word' id='word_1_206' title='bbox 260 3038 379 3104; x_wconf 92' lang='lat' dir='ltr'><strong>dictam</strong></span> <span class='ocrx_word' id='word_1_207' title='bbox 408 3039 634 3106; x_wconf 83' lang='lat' dir='ltr'><strong>fundacionem</strong></span> <span class='ocrx_word' id='word_1_208' title='bbox 665 3040 698 3105; x_wconf 92' lang='lat' dir='ltr'><strong>in</strong></span> <span class='ocrx_word' id='word_1_209' title='bbox 721 3038 802 3121; x_wconf 89' lang='lat' dir='ltr'><strong>ipsis</strong></span> <span class='ocrx_word' id='word_1_210' title='bbox 825 3038 911 3104; x_wconf 88' lang='lat' dir='ltr'><strong>areis</strong></span> <span class='ocrx_word' id='word_1_211' title='bbox 934 3056 1007 3104; x_wconf 91' lang='lat' dir='ltr'><strong>cum</strong></span> <span class='ocrx_word' id='word_1_212' title='bbox 1036 3037 1104 3104; x_wconf 88' lang='lat' dir='ltr'><strong>solo</strong></span> <span class='ocrx_word' id='word_1_213' title='bbox 1126 3054 1166 3103; x_wconf 91' lang='lat' dir='ltr'><strong>ac</strong></span> <span class='ocrx_word' id='word_1_214' title='bbox 1189 3036 1351 3106; x_wconf 88' lang='lat' dir='ltr'><strong>dotacioue</strong></span> <span class='ocrx_word' id='word_1_215' title='bbox 1367 3035 1396 3100; x_wconf 88' lang='lat' dir='ltr'><strong>da</strong></span> 
     </span>
     <span class='ocr_line' id='line_1_24' title="bbox 128 3151 1396 3234; baseline 0 -18"><span class='ocrx_word' id='word_1_216' title='bbox 128 3152 283 3234; x_wconf 88' lang='lat' dir='ltr'><strong>predictis</strong></span> <span class='ocrx_word' id='word_1_217' title='bbox 312 3151 405 3219; x_wconf 93' lang='lat' dir='ltr'><strong>bonis</strong></span> <span class='ocrx_word' id='word_1_218' title='bbox 436 3157 470 3218; x_wconf 88' lang='lat' dir='ltr'><strong>et</strong></span> <span class='ocrx_word' id='word_1_219' title='bbox 490 3151 751 3234; x_wconf 87' lang='lat' dir='ltr'><strong>possessionibus</strong></span> <span class='ocrx_word' id='word_1_220' title='bbox 785 3151 943 3231; x_wconf 84' lang='lat' dir='ltr'><strong>omnibus,</strong></span> <span class='ocrx_word' id='word_1_221' title='bbox 977 3168 1040 3234; x_wconf 88' lang='lat' dir='ltr'><strong>que</strong></span> <span class='ocrx_word' id='word_1_222' title='bbox 1068 3168 1157 3217; x_wconf 90' lang='lat' dir='ltr'><strong>nunc</strong></span> <span class='ocrx_word' id='word_1_223' title='bbox 1178 3157 1256 3218; x_wconf 88' lang='lat' dir='ltr'><strong>sunt</strong></span> <span class='ocrx_word' id='word_1_224' title='bbox 1278 3152 1325 3219; x_wconf 87' lang='lat' dir='ltr'><strong>rel</strong></span> <span class='ocrx_word' id='word_1_225' title='bbox 1344 3164 1396 3216; x_wconf 82' lang='lat' dir='ltr'><strong>esse</strong></span> 
     </span>
     <span class='ocr_line' id='line_1_25' title="bbox 127 3262 1396 3347; baseline 0.002 -17"><span class='ocrx_word' id='word_1_226' title='bbox 127 3270 278 3347; x_wconf 90' lang='lat' dir='ltr'><strong>poterunt</strong></span> <span class='ocrx_word' id='word_1_227' title='bbox 299 3266 333 3330; x_wconf 92' lang='lat' dir='ltr'><strong>in</strong></span> <span class='ocrx_word' id='word_1_228' title='bbox 356 3265 499 3330; x_wconf 91' lang='lat' dir='ltr'><strong>futurum</strong></span> <span class='ocrx_word' id='word_1_229' title='bbox 521 3264 600 3331; x_wconf 92' lang='lat' dir='ltr'><strong>dicti</strong></span> <span class='ocrx_word' id='word_1_230' title='bbox 623 3264 804 3347; x_wconf 86' lang='lat' dir='ltr'><strong>hospitalis,</strong></span> <span class='ocrx_word' id='word_1_231' title='bbox 826 3262 1050 3346; x_wconf 84' lang='lat' dir='ltr'><strong>approbamus,</strong></span> <span class='ocrx_word' id='word_1_232' title='bbox 1071 3262 1274 3332; x_wconf 85' lang='lat' dir='ltr'><strong>ratificamus</strong></span> <span class='ocrx_word' id='word_1_233' title='bbox 1296 3269 1327 3331; x_wconf 90' lang='lat' dir='ltr'><strong>et</strong></span> <span class='ocrx_word' id='word_1_234' title='bbox 1342 3280 1396 3346; x_wconf 70' lang='lat' dir='ltr'><strong>gru·</strong></span> 
     </span>
     <span class='ocr_line' id='line_1_26' title="bbox 127 3373 1398 3460; baseline 0 -18"><span class='ocrx_word' id='word_1_235' title='bbox 127 3376 285 3443; x_wconf 88' lang='lat' dir='ltr'><strong>tificamus</strong></span> <span class='ocrx_word' id='word_1_236' title='bbox 308 3396 347 3444; x_wconf 90' lang='lat' dir='ltr'><strong>ae</strong></span> <span class='ocrx_word' id='word_1_237' title='bbox 368 3384 448 3459; x_wconf 89' lang='lat' dir='ltr'><strong>rata,</strong></span> <span class='ocrx_word' id='word_1_238' title='bbox 480 3382 572 3460; x_wconf 81' lang='lat' dir='ltr'><strong>grata</strong></span> <span class='ocrx_word' id='word_1_239' title='bbox 602 3383 636 3443; x_wconf 90' lang='lat' dir='ltr'><strong>et</strong></span> <span class='ocrx_word' id='word_1_240' title='bbox 656 3376 747 3443; x_wconf 89' lang='lat' dir='ltr'><strong>firma</strong></span> <span class='ocrx_word' id='word_1_241' title='bbox 777 3377 896 3443; x_wconf 92' lang='lat' dir='ltr'><strong>habere</strong></span> <span class='ocrx_word' id='word_1_242' title='bbox 918 3377 1072 3458; x_wconf 86' lang='lat' dir='ltr'><strong>volentes,</strong></span> <span class='ocrx_word' id='word_1_243' title='bbox 1103 3394 1143 3444; x_wconf 87' lang='lat' dir='ltr'><strong>eu</strong></span> <span class='ocrx_word' id='word_1_244' title='bbox 1173 3377 1303 3445; x_wconf 89' lang='lat' dir='ltr'><strong>decreto</strong></span> <span class='ocrx_word' id='word_1_245' title='bbox 1329 3373 1398 3457; x_wconf 81' lang='lat' dir='ltr'><strong>regit</strong></span> 
     </span>
     <span class='ocr_line' id='line_1_27' title="bbox 127 3489 1399 3573; baseline -0.002 -19"><span class='ocrx_word' id='word_1_246' title='bbox 127 3489 361 3571; x_wconf 82' lang='lat' dir='ltr'><strong>confirmamus,</strong></span> <span class='ocrx_word' id='word_1_247' title='bbox 385 3492 603 3571; x_wconf 89' lang='lat' dir='ltr'><strong>decernentes,</strong></span> <span class='ocrx_word' id='word_1_248' title='bbox 626 3491 711 3573; x_wconf 91' lang='lat' dir='ltr'><strong>quod</strong></span> <span class='ocrx_word' id='word_1_249' title='bbox 734 3509 871 3572; x_wconf 90' lang='lat' dir='ltr'><strong>persone</strong></span> <span class='ocrx_word' id='word_1_250' title='bbox 893 3490 1037 3572; x_wconf 87' lang='lat' dir='ltr'><strong>predicte</strong></span> <span class='ocrx_word' id='word_1_251' title='bbox 1059 3490 1092 3555; x_wconf 92' lang='lat' dir='ltr'><strong>in</strong></span> <span class='ocrx_word' id='word_1_252' title='bbox 1115 3490 1185 3555; x_wconf 82' lang='lat' dir='ltr'><strong>rita</strong></span> <span class='ocrx_word' id='word_1_253' title='bbox 1207 3509 1270 3557; x_wconf 92' lang='lat' dir='ltr'><strong>sua</strong></span> <span class='ocrx_word' id='word_1_254' title='bbox 1290 3496 1322 3557; x_wconf 88' lang='lat' dir='ltr'><strong>et</strong></span> <span class='ocrx_word' id='word_1_255' title='bbox 1341 3505 1399 3573; x_wconf 83' lang='lat' dir='ltr'><strong>que</strong></span> 
     </span>
     <span class='ocr_line' id='line_1_28' title="bbox 126 3601 1400 3686; baseline -0.002 -17"><span class='ocrx_word' id='word_1_256' title='bbox 126 3604 207 3671; x_wconf 91' lang='lat' dir='ltr'><strong>libet</strong></span> <span class='ocrx_word' id='word_1_257' title='bbox 228 3622 338 3670; x_wconf 88' lang='lat' dir='ltr'><strong>earnm</strong></span> <span class='ocrx_word' id='word_1_258' title='bbox 367 3604 494 3685; x_wconf 90' lang='lat' dir='ltr'><strong>plenam</strong></span> <span class='ocrx_word' id='word_1_259' title='bbox 524 3609 556 3670; x_wconf 94' lang='lat' dir='ltr'><strong>et</strong></span> <span class='ocrx_word' id='word_1_260' title='bbox 585 3603 805 3685; x_wconf 88' lang='lat' dir='ltr'><strong>plenissimam</strong></span> <span class='ocrx_word' id='word_1_261' title='bbox 836 3603 1086 3686; x_wconf 88' lang='lat' dir='ltr'><strong>disposicionem</strong></span> <span class='ocrx_word' id='word_1_262' title='bbox 1116 3608 1151 3669; x_wconf 89' lang='lat' dir='ltr'><strong>et</strong></span> <span class='ocrx_word' id='word_1_263' title='bbox 1172 3601 1400 3686; x_wconf 84' lang='lat' dir='ltr'><strong>potestatemir</strong></span> 
     </span>
     <span class='ocr_line' id='line_1_29' title="bbox 127 3716 1401 3802; baseline -0.002 -19"><span class='ocrx_word' id='word_1_264' title='bbox 127 3718 220 3784; x_wconf 91' lang='lat' dir='ltr'><strong>bonis</strong></span> <span class='ocrx_word' id='word_1_265' title='bbox 242 3723 276 3783; x_wconf 89' lang='lat' dir='ltr'><strong>et</strong></span> <span class='ocrx_word' id='word_1_266' title='bbox 296 3717 506 3784; x_wconf 86' lang='lat' dir='ltr'><strong>facultatibus</strong></span> <span class='ocrx_word' id='word_1_267' title='bbox 529 3736 600 3783; x_wconf 88' lang='lat' dir='ltr'><strong>cum</strong></span> <span class='ocrx_word' id='word_1_268' title='bbox 618 3716 693 3799; x_wconf 84' lang='lat' dir='ltr'><strong>jure</strong></span> <span class='ocrx_word' id='word_1_269' title='bbox 715 3723 903 3799; x_wconf 88' lang='lat' dir='ltr'><strong>patronatus</strong></span> <span class='ocrx_word' id='word_1_270' title='bbox 926 3716 1062 3783; x_wconf 90' lang='lat' dir='ltr'><strong>ecclesie</strong></span> <span class='ocrx_word' id='word_1_271' title='bbox 1075 3716 1181 3798; x_wconf 87' lang='lat' dir='ltr'><strong>ipsius</strong></span> <span class='ocrx_word' id='word_1_272' title='bbox 1197 3716 1401 3802; x_wconf 73' lang='lat' dir='ltr'><strong>hospitalium</strong></span> 
     </span>
     <span class='ocr_line' id='line_1_30' title="bbox 127 3827 1402 3914; baseline 0 -16"><span class='ocrx_word' id='word_1_273' title='bbox 127 3834 229 3899; x_wconf 87' lang='lat' dir='ltr'><strong>eciam</strong></span> <span class='ocrx_word' id='word_1_274' title='bbox 244 3833 348 3914; x_wconf 90' lang='lat' dir='ltr'><strong>ipsius</strong></span> <span class='ocrx_word' id='word_1_275' title='bbox 363 3832 534 3914; x_wconf 89' lang='lat' dir='ltr'><strong>hospitalis</strong></span> <span class='ocrx_word' id='word_1_276' title='bbox 549 3830 689 3897; x_wconf 89' lang='lat' dir='ltr'><strong>habeant</strong></span> <span class='ocrx_word' id='word_1_277' title='bbox 710 3837 742 3896; x_wconf 89' lang='lat' dir='ltr'><strong>et</strong></span> <span class='ocrx_word' id='word_1_278' title='bbox 756 3831 874 3897; x_wconf 89' lang='lat' dir='ltr'><strong>habere</strong></span> <span class='ocrx_word' id='word_1_279' title='bbox 889 3830 1026 3898; x_wconf 88' lang='lat' dir='ltr'><strong>debeant</strong></span> <span class='ocrx_word' id='word_1_280' title='bbox 1040 3828 1234 3897; x_wconf 80' lang='lat' dir='ltr'><strong>difficultate</strong></span> <span class='ocrx_word' id='word_1_281' title='bbox 1245 3827 1402 3914; x_wconf 83' lang='lat' dir='ltr'><strong>etimpedi·</strong></span> 
     </span>
     <span class='ocr_line' id='line_1_31' title="bbox 127 3943 1402 4028; baseline -0.001 -17"><span class='ocrx_word' id='word_1_282' title='bbox 127 3950 233 4011; x_wconf 90' lang='lat' dir='ltr'><strong>mento</strong></span> <span class='ocrx_word' id='word_1_283' title='bbox 250 3944 393 4027; x_wconf 90' lang='lat' dir='ltr'><strong>quolibet</strong></span> <span class='ocrx_word' id='word_1_284' title='bbox 406 3964 469 4009; x_wconf 93' lang='lat' dir='ltr'><strong>non</strong></span> <span class='ocrx_word' id='word_1_285' title='bbox 485 3945 640 4010; x_wconf 89' lang='lat' dir='ltr'><strong>obstante.</strong></span> <span class='ocrx_word' id='word_1_286' title='bbox 657 3944 735 4009; x_wconf 91' lang='lat' dir='ltr'><strong>Post</strong></span> <span class='ocrx_word' id='word_1_287' title='bbox 745 3949 879 4009; x_wconf 90' lang='lat' dir='ltr'><strong>mortem</strong></span> <span class='ocrx_word' id='word_1_288' title='bbox 891 3963 966 4010; x_wconf 87' lang='lat' dir='ltr'><strong>vero</strong></span> <span class='ocrx_word' id='word_1_289' title='bbox 979 3943 1199 4026; x_wconf 88' lang='lat' dir='ltr'><strong>predictarum</strong></span> <span class='ocrx_word' id='word_1_290' title='bbox 1209 3958 1402 4028; x_wconf 76' lang='lat' dir='ltr'><strong>personarum</strong></span> 
     </span>
     <span class='ocr_line' id='line_1_32' title="bbox 127 4057 1404 4142; baseline 0.001 -18"><span class='ocrx_word' id='word_1_291' title='bbox 127 4060 272 4142; x_wconf 88' lang='lat' dir='ltr'><strong>predicta</strong></span> <span class='ocrx_word' id='word_1_292' title='bbox 280 4059 388 4125; x_wconf 90' lang='lat' dir='ltr'><strong>omnia</strong></span> <span class='ocrx_word' id='word_1_293' title='bbox 398 4059 439 4123; x_wconf 94' lang='lat' dir='ltr'><strong>ad</strong></span> <span class='ocrx_word' id='word_1_294' title='bbox 447 4059 590 4140; x_wconf 90' lang='lat' dir='ltr'><strong>judicem</strong></span> <span class='ocrx_word' id='word_1_295' title='bbox 601 4059 767 4141; x_wconf 77' lang='lat' dir='ltr'><strong>abjuratos</strong></span> <span class='ocrx_word' id='word_1_296' title='bbox 780 4057 924 4124; x_wconf 88' lang='lat' dir='ltr'><strong>ciuitatis</strong></span> <span class='ocrx_word' id='word_1_297' title='bbox 933 4057 1133 4137; x_wconf 86' lang='lat' dir='ltr'><strong>Greczensis,</strong></span> <span class='ocrx_word' id='word_1_298' title='bbox 1145 4057 1404 4140; x_wconf 80' lang='lat' dir='ltr'><strong>quiprotonpou</strong></span> 
     </span>
     <span class='ocr_line' id='line_1_33' title="bbox 127 4168 1408 4253; baseline -0.002 -17"><span class='ocrx_word' id='word_1_299' title='bbox 127 4171 256 4252; x_wconf 84' lang='lat' dir='ltr'><strong>fuerint,</strong></span> <span class='ocrx_word' id='word_1_300' title='bbox 272 4172 470 4238; x_wconf 86' lang='lat' dir='ltr'><strong>successuris</strong></span> <span class='ocrx_word' id='word_1_301' title='bbox 486 4169 683 4252; x_wconf 89' lang='lat' dir='ltr'><strong>temporibus</strong></span> <span class='ocrx_word' id='word_1_302' title='bbox 700 4170 922 4251; x_wconf 86' lang='lat' dir='ltr'><strong>deuoluantur‚</strong></span> <span class='ocrx_word' id='word_1_303' title='bbox 938 4169 986 4236; x_wconf 90' lang='lat' dir='ltr'><strong>sic</strong></span> <span class='ocrx_word' id='word_1_304' title='bbox 1005 4168 1089 4250; x_wconf 89' lang='lat' dir='ltr'><strong>quod</strong></span> <span class='ocrx_word' id='word_1_305' title='bbox 1103 4168 1160 4252; x_wconf 87' lang='lat' dir='ltr'><strong>jus</strong></span> <span class='ocrx_word' id='word_1_306' title='bbox 1177 4169 1408 4253; x_wconf 86' lang='lat' dir='ltr'><strong>patronatuaet</strong></span> 
     </span>
     <span class='ocr_line' id='line_1_34' title="bbox 127 4276 1409 4366; baseline -0.002 -17"><span class='ocrx_word' id='word_1_307' title='bbox 127 4284 333 4366; x_wconf 87' lang='lat' dir='ltr'><strong>presentandi</strong></span> <span class='ocrx_word' id='word_1_308' title='bbox 349 4303 473 4351; x_wconf 91' lang='lat' dir='ltr'><strong>necnon</strong></span> <span class='ocrx_word' id='word_1_309' title='bbox 489 4283 664 4366; x_wconf 91' lang='lat' dir='ltr'><strong>disposicio</strong></span> <span class='ocrx_word' id='word_1_310' title='bbox 680 4289 713 4348; x_wconf 93' lang='lat' dir='ltr'><strong>et</strong></span> <span class='ocrx_word' id='word_1_311' title='bbox 728 4282 921 4366; x_wconf 78' lang='lat' dir='ltr'><strong>gubernaclo</strong></span> <span class='ocrx_word' id='word_1_312' title='bbox 936 4286 1004 4348; x_wconf 89' lang='lat' dir='ltr'><strong>tota</strong></span> <span class='ocrx_word' id='word_1_313' title='bbox 1020 4281 1177 4364; x_wconf 89' lang='lat' dir='ltr'><strong>sepedicti</strong></span> <span class='ocrx_word' id='word_1_314' title='bbox 1193 4276 1409 4366; x_wconf 78' lang='lat' dir='ltr'><strong>hospitalisad</strong></span> 
     </span>
     <span class='ocr_line' id='line_1_35' title="bbox 128 4392 1412 4479; baseline 0.002 -19"><span class='ocrx_word' id='word_1_315' title='bbox 128 4397 289 4479; x_wconf 90' lang='lat' dir='ltr'><strong>predictos</strong></span> <span class='ocrx_word' id='word_1_316' title='bbox 308 4397 450 4479; x_wconf 89' lang='lat' dir='ltr'><strong>judicem</strong></span> <span class='ocrx_word' id='word_1_317' title='bbox 466 4401 498 4462; x_wconf 90' lang='lat' dir='ltr'><strong>et</strong></span> <span class='ocrx_word' id='word_1_318' title='bbox 508 4397 634 4479; x_wconf 90' lang='lat' dir='ltr'><strong>juratos</strong></span> <span class='ocrx_word' id='word_1_319' title='bbox 651 4396 816 4461; x_wconf 87' lang='lat' dir='ltr'><strong>dumtaxat</strong></span> <span class='ocrx_word' id='word_1_320' title='bbox 837 4395 974 4461; x_wconf 76' lang='lat' dir='ltr'><strong>debeam</strong></span> <span class='ocrx_word' id='word_1_321' title='bbox 994 4392 1230 4461; x_wconf 87' lang='lat' dir='ltr'><strong>inuiolabiliter</strong></span> <span class='ocrx_word' id='word_1_322' title='bbox 1251 4396 1412 4479; x_wconf 66' lang='lat' dir='ltr'><strong>partium</strong></span> 
     </span>
     <span class='ocr_line' id='line_1_36' title="bbox 129 4508 1418 4594; baseline 0.002 -19"><span class='ocrx_word' id='word_1_323' title='bbox 129 4510 314 4576; x_wconf 78' lang='lat' dir='ltr'><strong>statuentes</strong></span> <span class='ocrx_word' id='word_1_324' title='bbox 344 4512 477 4592; x_wconf 89' lang='lat' dir='ltr'><strong>insuper</strong></span> <span class='ocrx_word' id='word_1_325' title='bbox 498 4530 536 4576; x_wconf 88' lang='lat' dir='ltr'><strong>ae</strong></span> <span class='ocrx_word' id='word_1_326' title='bbox 559 4511 687 4576; x_wconf 89' lang='lat' dir='ltr'><strong>decreto</strong></span> <span class='ocrx_word' id='word_1_327' title='bbox 710 4515 864 4594; x_wconf 89' lang='lat' dir='ltr'><strong>perpetuo</strong></span> <span class='ocrx_word' id='word_1_328' title='bbox 896 4508 1114 4591; x_wconf 75' lang='lat' dir='ltr'><strong>decmneutes,</strong></span> <span class='ocrx_word' id='word_1_329' title='bbox 1145 4509 1234 4592; x_wconf 89' lang='lat' dir='ltr'><strong>quod</strong></span> <span class='ocrx_word' id='word_1_330' title='bbox 1263 4510 1418 4594; x_wconf 78' lang='lat' dir='ltr'><strong>prauum</strong></span> 
     </span>
     <span class='ocr_line' id='line_1_37' title="bbox 128 4622 1420 4708; baseline 0.002 -19"><span class='ocrx_word' id='word_1_331' title='bbox 128 4623 234 4689; x_wconf 89' lang='lat' dir='ltr'><strong>locum</strong></span> <span class='ocrx_word' id='word_1_332' title='bbox 256 4623 425 4706; x_wconf 91' lang='lat' dir='ltr'><strong>hospitalis</strong></span> <span class='ocrx_word' id='word_1_333' title='bbox 447 4622 585 4706; x_wconf 91' lang='lat' dir='ltr'><strong>predicti</strong></span> <span class='ocrx_word' id='word_1_334' title='bbox 609 4640 665 4688; x_wconf 91' lang='lat' dir='ltr'><strong>seu</strong></span> <span class='ocrx_word' id='word_1_335' title='bbox 688 4622 916 4704; x_wconf 88' lang='lat' dir='ltr'><strong>disposicionis</strong></span> <span class='ocrx_word' id='word_1_336' title='bbox 938 4624 1130 4704; x_wconf 86' lang='lat' dir='ltr'><strong>potestatam</strong></span> <span class='ocrx_word' id='word_1_337' title='bbox 1153 4622 1243 4689; x_wconf 89' lang='lat' dir='ltr'><strong>cirea</strong></span> <span class='ocrx_word' id='word_1_338' title='bbox 1263 4622 1420 4708; x_wconf 73' lang='lat' dir='ltr'><strong>hospitale</strong></span> 
     </span>
    </p>
   </div>
   <div class='ocr_carea' id='block_1_3' title="bbox 0 0 1562 5392">
    <p class='ocr_par' dir='ltr' id='par_1_3' title="bbox 0 0 1562 5392">
     <span class='ocr_line' id='line_1_38' title="bbox 0 0 1562 5392; baseline 0 0"><span class='ocrx_word' id='word_1_339' title='bbox 0 0 1562 5392; x_wconf 95' lang='lat' dir='ltr'><strong> </strong></span> 
     </span>
    </p>
   </div>
  </div>
 </body>
</html>
