3098 5392
737 409 812 458 raro.
1371 344 1444 475 689Ι

126 619 302 701 Pilgrems,
332 617 388 700 qui
410 635 469 700 pro
491 621 635 700 tempore
657 617 787 700 luerint,
811 619 1079 685 sententiaverint
1102 623 1134 684 et
1156 638 1214 701 per
1238 620 1434 686 sentenciam

128 751 245 800 eorum
267 732 460 813 invenerint,
495 733 676 813 ceterisque
709 733 785 800 aliis
818 732 1023 800 libertatibus
1057 733 1099 799 ad
1134 733 1240 816 ipsum
1273 732 1434 816 judicium

131 846 368 930 spectantibus,
399 845 499 912 nichil
529 846 739 928 proprietatis
766 848 836 914 sive
859 847 993 914 dominii
1023 847 1116 914 nobis
1139 847 1173 913 in
1196 845 1283 913 dicto
1312 846 1433 914 iudicio

131 965 349 1041 reservantes,
380 959 520 1027 discreto
544 963 614 1029 viro
639 960 796 1044 Buneoni,
828 963 891 1030 civi
922 962 1064 1028 civitatis
1094 964 1204 1028 nostre
1231 959 1376 1041 predicte
1398 961 1432 1027 in

130 1076 302 1157 Pilgrems,
326 1073 408 1140 alias
430 1075 464 1140 in
476 1073 694 1157 Pelhrzimov,
719 1080 752 1141 et
772 1076 945 1142 heredibus
969 1094 1007 1142 ac
1020 1072 1262 1141 successoribus
1286 1073 1354 1139 suis
1369 1074 1433 1139 rite

129 1194 162 1255 et
184 1185 429 1255 racionabiliter
450 1205 488 1255 ac
511 1188 597 1254 iusto
620 1187 821 1255 vendicionis
843 1188 939 1254 titulo
955 1206 1013 1271 pro
1029 1186 1183 1254 trecentis
1207 1190 1240 1251 et
1263 1187 1431 1270 sexaginta

129 1302 302 1385 sexagenis
333 1320 521 1384 grossorum
543 1303 761 1385 pragensium,
791 1301 884 1369 nobis
911 1302 1005 1385 plene
1035 1306 1067 1368 et
1097 1303 1223 1384 integre
1246 1300 1429 1383 persolutis,

130 1434 194 1500 que
216 1434 276 1498 pro
299 1415 465 1498 empcione
495 1414 575 1481 dicti
607 1417 704 1481 castri
727 1414 926 1498 Helfenbnrg
949 1415 990 1481 de
1012 1432 1171 1481 consensu
1193 1414 1431 1481 honorabilium

131 1531 287 1610 virorum,
312 1529 425 1595 decani
455 1546 494 1594 ac
524 1528 658 1611 capituli
690 1529 827 1596 ecclesie
848 1533 957 1594 nostre
986 1529 1170 1612 Pragensis,
1200 1528 1327 1594 notorie
1356 1534 1433 1595 sunt

131 1661 297 1724 converse,
337 1640 540 1708 vendidimus
563 1660 602 1708 ac
624 1642 789 1708 venditum
811 1641 1049 1724 resignavimus
1080 1647 1113 1708 et
1142 1640 1348 1723 presentibus
1381 1660 1431 1708 re-

131 1758 299 1840 signamus
322 1773 360 1823 ae
384 1754 670 1823 condescendimus
694 1754 734 1820 de
757 1754 869 1821 eodem
892 1774 950 1838 per
965 1757 1072 1839 ipsum
1087 1755 1274 1821 Burconem
1290 1773 1429 1839 suosque

127 1869 267 1937 heredes
283 1874 316 1935 et
329 1885 533 1936 successores
549 1867 739 1949 habendum,
759 1867 943 1950 tenendum,
967 1867 1219 1951 gubernandum,
1242 1869 1428 1953 regendum,

126 1983 350 2050 utifruendum
372 1989 405 2049 et
426 1984 497 2050 iure
519 1984 714 2051 hereditario
738 1984 903 2066 perpetuis
935 1982 1067 2049 inantea
1095 1983 1294 2068 temporibus
1324 1984 1428 2066 possi-

127 2098 278 2164 dendum.
301 2097 345 2163 Et
368 2098 584 2181 promittimus
607 2098 679 2164 sine
701 2098 788 2163 omni
811 2097 884 2163 dolo
911 2098 1005 2179 malo,
1037 2096 1122 2163 bona
1151 2096 1215 2164 fide
1244 2116 1303 2181 pro
1334 2097 1426 2166 nobis

127 2218 160 2278 et
176 2210 420 2278 successoribus
437 2212 566 2294 nostris,
590 2211 843 2294 archiepiscopis
859 2207 1086 2294 Pragensibus,
1109 2216 1142 2277 et
1165 2211 1347 2295 specialiter
1369 2231 1427 2295 pro

126 2324 277 2393 omnibus
301 2323 493 2392 officialibus
525 2325 646 2391 nostris
676 2324 838 2408 prefatum
859 2325 1055 2407 Burconem,
1085 2325 1222 2392 heredes
1245 2330 1278 2392 et
1301 2343 1427 2393 succes·

129 2456 221 2506 sores
247 2455 323 2504 suos
346 2438 507 2522 quoslibet
527 2438 562 2503 in
585 2437 671 2504 dicto
694 2436 815 2504 iudicio
839 2443 872 2503 et
893 2437 973 2519 suis,
1004 2443 1040 2502 ut
1066 2439 1273 2521 premittitur,
1303 2438 1428 2506 iuribus

124 2550 346 2637 percipiendis
370 2550 597 2634 quovismodo
614 2551 788 2632 decatero,
812 2552 845 2616 iu
867 2570 985 2634 genere
1007 2556 1064 2617 aut
1086 2553 1121 2617 in
1139 2553 1257 2636 specie,
1274 2554 1360 2619 iutra
1375 2554 1427 2621 vel

123 2672 216 2733 extra
245 2665 403 2732 iudicium
432 2666 646 2748 quodcunque
676 2684 740 2743 non
769 2665 935 2748 impedire,
968 2684 1104 2749 gravare
1126 2667 1177 2732 vel
1199 2666 1308 2750 aliquo
1330 2668 1425 2734 modo

122 2781 264 2864 fatigare
286 2798 344 2863 per
365 2798 434 2860 nos,
459 2778 613 2846 officiales
636 2784 763 2847 nostros
794 2784 852 2845 aut
880 2798 938 2862 per
961 2780 1139 2846 submissas
1170 2799 1335 2863 personas,
1367 2780 1424 2847 sed

123 2894 238 2978 pocius
262 2894 302 2959 ab
326 2891 473 2960 omnibus
499 2892 677 2973 violenciis,
708 2893 949 2975 gravaminibus
974 2898 1006 2959 et
1028 2893 1266 2976 impedimentis
1289 2893 1421 2976 quibus·

121 3008 203 3075 libet
224 3012 403 3090 protegere,
426 3007 615 3090 gubernare,
645 3007 740 3087 tueri,
772 3006 945 3074 defendere
968 3013 1002 3073 et
1022 3012 1231 3074 manutenere
1254 3008 1340 3074 circa
1361 3009 1422 3075 hoc

122 3118 347 3187 favorabiliter
375 3125 407 3186 at
436 3119 585 3203 graciose
607 3138 798 3187 conservare
820 3122 940 3203 taliter,
972 3127 1008 3186 ut
1036 3122 1107 3204 ipae
1130 3121 1251 3203 Bunco,
1285 3122 1420 3189 heredes

123 3242 155 3300 et
178 3251 384 3300 successores
408 3234 458 3299 sui
482 3233 522 3298 de
545 3238 577 3298 et
600 3252 671 3299 cum
694 3233 765 3315 ipso
796 3233 917 3300 iudicio
947 3239 1091 3315 pretecto
1114 3253 1153 3302 ac
1175 3235 1249 3301 aliis
1273 3236 1420 3302 omnibus

121 3347 248 3415 iuribus
271 3346 312 3413 ad
335 3347 442 3430 ipsum
464 3346 620 3414 iudicium
643 3348 864 3428 spectantibus
886 3353 1038 3431 tanquam
1062 3349 1102 3415 de
1123 3369 1160 3415 re
1182 3355 1215 3415 et
1237 3350 1418 3416 hereditate

121 3481 181 3528 sua
203 3461 336 3544 propria
367 3460 538 3543 obligando
570 3464 627 3525 aut
654 3460 830 3542 vendendo,
861 3462 1082 3543 permutando,
1117 3463 1266 3529 donando
1296 3465 1347 3530 vel
1376 3465 1421 3530 le-

119 3574 236 3658 gando,
270 3574 450 3656 cuicunque
478 3573 647 3654 voluerint,
671 3578 727 3639 aut
753 3574 924 3640 alienando
946 3575 980 3640 in
1003 3580 1071 3641 toto
1094 3577 1146 3641 vel
1170 3578 1202 3642 in
1225 3581 1327 3659 parte,
1351 3583 1419 3644 tam

120 3690 153 3755 in
186 3688 256 3753 vita
293 3706 389 3769 quam
418 3689 452 3754 in
481 3692 593 3769 morte,
625 3692 723 3770 agant
753 3693 785 3753 et
814 3688 935 3755 iaciant
964 3693 1066 3755 totum
1099 3690 1143 3771 id,
1168 3691 1253 3772 quod
1283 3709 1341 3756 sue
1370 3693 1422 3758 vel

119 3805 266 3886 ipsorum
289 3801 448 3884 placuerit
470 3801 638 3882 voluntati,
671 3801 901 3884 impedimento
931 3803 1074 3885 quolibet
1098 3823 1161 3870 non
1185 3803 1342 3886 obstante,
1374 3805 1421 3871 ita

117 3924 238 3999 tamen,
261 3915 347 3998 quod
368 3934 517 3998 persona,
540 3916 593 3981 cui
620 3914 801 3999 predictum
833 3916 989 3982 iudicium
1019 3917 1142 3997 donari,
1174 3917 1279 3999 vendi,
1310 3919 1420 4002 locari,

117 4030 222 4112 legari
247 4047 305 4095 seu
329 4030 445 4111 erponi
469 4029 651 4110 contigerit,
675 4047 738 4094 non
763 4031 806 4096 sit
829 4035 943 4111 potens
966 4046 1025 4096 nec
1049 4035 1153 4096 status
1168 4031 1278 4114 magni
1293 4050 1332 4098 ac
1346 4051 1420 4099 con·

114 4143 232 4210 veniat
253 4140 347 4210 nobis
371 4147 403 4208 et
426 4142 668 4208 successoribus
691 4141 821 4223 nostris,
855 4142 1109 4225 archiepiscopis
1132 4142 1359 4227 Pragensibus,
1382 4164 1420 4211 ac

113 4256 269 4342 personis
292 4261 325 4322 et
345 4254 530 4321 hominibus
554 4255 613 4320 sub
629 4255 742 4321 eodem
761 4255 881 4322 iudicio
898 4254 1116 4321 residentibus
1133 4261 1165 4322 et
1179 4257 1417 4340 habitantibus;

113 4372 156 4438 de
179 4389 244 4453 quo
262 4368 393 4453 quidem
414 4368 535 4436 iudicio
565 4369 731 4452 predictus
758 4370 868 4453 judex,
902 4368 1037 4435 heredes
1069 4375 1102 4436 et
1131 4372 1183 4437 sui
1214 4390 1417 4440 successores

113 4483 211 4552 nobis
240 4487 274 4548 et
303 4481 345 4547 ad
375 4488 517 4549 nostram
539 4483 846 4566 archiepiscopalem
882 4501 1040 4549 cameram
1075 4483 1289 4568 quadraginta
1317 4485 1416 4554 libras

113 4615 192 4667 nere
220 4597 398 4663 communis
429 4616 489 4680 pro
519 4597 695 4663 luminibus
728 4616 785 4664 seu
817 4596 961 4664 candelis
985 4598 1087 4664 cereis
1109 4599 1276 4682 perpetuis
1296 4605 1418 4683 tempo·

1221 4732 1256 4782 44
