3098 5392
133 423 195 489 126
740 425 816 477 isso.

130 630 203 700 quod
222 629 333 684 domine
350 628 526 684 Meohthildis
546 630 609 688 olim
628 633 749 688 oonoiuis
769 639 865 688 nostre
882 634 994 688 nomine
1015 630 1144 703 perpetui
1168 633 1332 687 testamenti
1349 651 1387 703 pu·

129 726 218 780 nostri
236 726 355 780 ciuitatis
374 742 424 796 per
436 726 536 794 Egrsm
553 727 656 781 flumen
674 730 830 784 transeunti
842 729 956 799 legeuit)
969 732 1081 799 privem
1094 727 1320 799 emiyteutiekym
1333 746 1387 800 spo

130 823 284 892 piiseinym
303 825 380 892 evim
399 822 526 878 Hanlrem
545 824 662 880 Vnudou
681 825 716 880 od
734 826 851 894 Alexeje
870 842 887 880 ιι
904 826 978 881 lans
995 825 1212 894 Aembotovyeh‚
1229 825 1304 880 lrteil
1318 826 1358 894 jej
1381 856 1387 870 =

130 917 219 988 posud
238 918 331 984 drieli,
350 924 423 973 stou
442 920 592 989 vyhrndou
610 923 642 975 ie
660 921 761 977 Hunelr
780 922 878 990 sjebo
897 921 1027 977 dedicore
1048 928 1080 977 10
1098 921 1156 992 kop
1172 939 1211 991 gr.
1226 938 1267 992 pr.
1285 921 1366 977 vden

130 1014 251 1069 Murtinn
268 1014 393 1070 knideho
411 1017 482 1071 roku
500 1016 592 1072 budou
611 1018 723 1089 poriuni
741 1018 841 1072 zneho
861 1017 921 1072 obei
939 1018 1038 1088 pletiti,
1066 1017 1109 1088 pii
1135 1017 1211 1073 demi
1235 1023 1354 1076 ostsnou
1383 1052 1387 1074 ι

129 1111 212 1165 vieoh
221 1112 324 1167 bernis
334 1113 411 1183 ploti
421 1114 594 1169 osvobozeni.
608 1114 740 1170 Konednd
748 1114 822 1183 jeitb
833 1116 978 1185 vymlnbno
987 1115 1051 1186 bylo
1060 1132 1078 1170 v
1088 1120 1176 1171 tomto
1185 1115 1269 1171 listn:
1280 1117 1366 1183 „Cum
1381 1124 1387 1176 ἶ

131 1208 215 1262 seium
234 1207 389 1263 condictum
408 1215 459 1276 est,
476 1216 623 1281 postquam
644 1212 706 1281 ipse
723 1209 825 1266 linnlro
844 1211 1026 1267 hereditatem
1050 1210 1165 1266 liberem
1183 1211 1239 1281 ipsi
1257 1210 1362 1267 olloffio
1382 1239 1387 1272 ι

129 1305 263 1359 iacentem
283 1321 332 1375 pro
352 1305 552 1376 qninquaginta
569 1308 715 1378 sexagenis
734 1323 893 1378 grossorum
911 1307 1087 1364 denariorum
1103 1308 1378 1378 progenuinmnobis

129 1399 232 1454 ciuitati
252 1401 348 1456 emerit
366 1418 416 1456 seu
435 1403 646 1471 comparauerit,
664 1402 765 1458 deinde
784 1421 848 1459 mox
866 1403 1015 1470 hereditas,
1040 1419 1123 1474 quem
1141 1403 1227 1460 hebet
1244 1404 1274 1459 in
1290 1404 1353 1461 ville
1366 1407 1387 1459 ll

130 1495 253 1563 schered,
271 1497 306 1553 sb
325 1498 426 1553 allodio
445 1497 617 1568 disiungetur
635 1499 715 1555 etde
733 1500 846 1556 oiuitnte
870 1499 923 1554 erit
949 1500 1044 1568 bbere,
1072 1499 1122 1556 sed
1145 1500 1219 1570 quod
1244 1500 1306 1571 ipse
1322 1500 1387 1556 linui

129 1594 163 1647 de
181 1594 244 1664 ipso
262 1593 415 1650 hereditate
433 1595 486 1651 ism
505 1596 579 1652 diota
596 1597 738 1651 nobiseum
767 1603 795 1651 et
812 1597 925 1652 ciuitate
947 1602 1043 1652 nostre
1069 1597 1097 1651 in
1125 1597 1241 1667 singulis
1263 1596 1387 1652 deeiombu

128 1690 239 1744 debebit
266 1692 439 1747 contribuere
466 1698 493 1747 et
520 1693 674 1761 collectore,
700 1694 833 1764 quociens
856 1694 940 1749 fuerit
957 1699 1152 1765 opportunum.
1191 1695 1309 1766 Insuper
1324 1707 1387 1748 conoe

128 1786 217 1840 dimus
238 1792 265 1841 et
283 1788 417 1855 fouemus,
435 1794 466 1843 ut
484 1790 546 1859 ipse
569 1787 671 1844 Hunlro
695 1789 849 1860 predictum
874 1790 1004 1845 allodium
1028 1790 1107 1846 elteri
1131 1790 1236 1846 vendat
1256 1798 1283 1846 et
1300 1803 1387 1861 expono

34 1922 37 1928 ·
130 1884 202 1938 omni
218 1884 290 1951 jure,
317 1902 371 1954 quo
395 1886 457 1956 ipse
475 1903 492 1941 n
509 1886 590 1941 nobis
611 1886 695 1942 hebet
720 1892 747 1941 et
770 1885 905 1956 possidet,
931 1886 1036 1942 homini
1063 1888 1144 1943 uobis
1169 1892 1198 1942 et
1221 1887 1321 1944 ciuitati
1343 1899 1387 1939 eom

130 1979 260 2050 petenti.“

706 2167 771 2250 Cis.
795 2186 846 2250 64.

512 2357 609 2438 1296,
632 2357 675 2424 25
697 2375 823 2444 srpno.
847 2358 879 2427 V
903 2356 1034 2426 Prone.

20 2506 23 2511 ’
129 2534 212 2600 neu
241 2535 354 2601 usual
384 2534 426 2599 ιι.
457 2533 542 2600 euve
570 2556 614 2598 la
646 2531 757 2600 souou
777 2531 929 2598 uouere
950 2553 972 2596 a
993 2531 1128 2597 memes
1150 2528 1303 2609 cursem
1315 2534 1387 2616 jesu

130 2648 239 2733 ryobtu
265 2652 366 2714 ondeta
394 2648 563 2732 Brede'jovlo
593 2647 722 2713 ordene
748 2646 800 2729 hyl
816 2646 986 2730 proptjo'il,
1016 2650 1083 2710 tuto
1121 2644 1236 2728 ryolstu
1256 2667 1333 2730 syon
1344 2642 1387 2729 ,sl

576 2759 768 2826 Milouldtovr'
789 2760 802 2824 ι’
824 2759 976 2825 dediedm.

232 2941 300 3008 Nos
323 2939 532 3006 Wenoeelous
566 2937 620 3003 dei
643 2938 752 3020 gracie
773 2955 830 3003 rex
851 2935 994 3017 Boomie,
1022 2935 1087 3001 dux
1110 2933 1270 3003 Oroeouie
1290 2940 1323 3001 et
1341 2934 1387 3001 su

129 3056 272 3123 demerie
297 3055 503 3136 marchieque
525 3053 681 3132 Monunio,
704 3052 819 3117 harum
841 3050 926 3117 serie
954 3054 1066 3116 notum
1088 3068 1163 3117 esse
1185 3051 1330 3117 volumus
1349 3044 1387 3113 mi

129 3171 244 3250 uersis,
277 3174 344 3234 tam
366 3167 570 3250 presentibus
604 3184 699 3250 quem
731 3165 860 3246 futuris,
893 3165 979 3249 quod
1000 3183 1060 3230 nos
1084 3164 1127 3231 nd
1150 3164 1387 3248 supplicacione

130 3284 272 3364 Clarioii,
288 3279 477 3365 vrb[ur]erii
493 3287 526 3346 et
540 3279 710 3346 monetarii
722 3279 825 3346 nostri
840 3297 898 3362 per
910 3278 1085 3360 Boemiem,
1104 3277 1268 3360 judicium
1278 3273 1387 3345 oiuimtl

129 3405 237 3466 nostre
260 3396 450 3480 Budywoys,
472 3395 558 3478 quod
587 3393 692 3461 eidem
723 3392 861 3460 Clerioio
895 3393 966 3458 iure
1000 3391 1196 3458 hereditario
1219 3392 1387 3459 lederano

129 3513 262 3578 Nicolao
285 3510 351 3576 filio
375 3509 479 3592 ipsius
502 3527 574 3575 oum
596 3507 721 3573 iuribus
745 3506 892 3573 omnibus
923 3506 964 3573 nd
986 3506 1073 3572 idem
1090 3505 1252 3588 judicium
1274 3509 1387 3590 speotsu

130 3627 216 3692 tibus
239 3625 432 3692 conferimus
456 3623 496 3690 de
518 3624 628 3705 gracia
651 3622 794 3704 speciali,
816 3640 875 3704 per
897 3621 1034 3687 eundem
1048 3618 1220 3686 Nicolaum
1242 3624 1277 3686 et
1290 3618 1387 3687 herede

130 3741 234 3823 ipsius
258 3738 368 3806 eodem
392 3739 463 3803 iure
495 3735 691 3803 hereditario
725 3740 880 3818 perpetuo
913 3731 1153 3817 possidendum.
1200 3733 1238 3800 In
1261 3733 1387 3801 ouiusn

129 3855 350 3920 testimoninm
379 3855 545 3934 presentes
568 3851 693 3917 litteras
716 3849 786 3916 fieri
809 3854 841 3915 et
863 3848 1044 3931 sigillorum
1069 3852 1255 3914 nostrorum
1276 3847 1387 3915 munim

131 3990 170 4035 ue
192 3969 347 4034 iussimus
371 3966 569 4033 communiri.
592 3966 713 4029 Datum
735 3964 839 4045 Prage
859 3981 917 4044 per
938 3979 1052 4028 monus
1075 3961 1224 4044 magistri
1239 3961 1338 4043 Petri,
1351 3978 1387 4046 pr

130 4083 228 4164 positi
258 4081 468 4161 Brunnensis
492 4078 727 4162 prothonotarii
749 4077 841 4158 regni
864 4077 976 4158 nostri,
1000 4094 1085 4141 anno
1107 4075 1231 4141 domini
1254 4075 1387 4142 millesin

130 4195 349 4261 ducentesimo
380 4194 586 4278 nonagesimo
618 4196 717 4273 sexto,
740 4188 833 4257 VIII⁰
861 4188 1015 4256 kalendas
1038 4187 1247 4271 Septembris,
1271 4187 1387 4256 nonei

131 4309 295 4375 diooiouis.

234 4461 306 4531 Orig.
325 4478 400 4532 perg.
418 4460 559 4517 unrehivu
577 4477 610 4515 m.
629 4459 787 4529 Budejouie.
823 4457 944 4529 Speiett
955 4457 1104 4513 ulomenou
1122 4448 1252 4528 sntpisy
1269 4457 1387 4514 dolrols·

133 4560 205 4616 obou
232 4558 360 4613 strondeh
384 4557 452 4625 joko
480 4575 517 4611 nn
542 4557 635 4611 listine
662 4556 789 4611 Chebslrt
816 4554 838 4609 t.
864 4561 904 4609 61.
940 4552 985 4609 Nn
1003 4553 1089 4623 joint
1108 4553 1309 4626 smunopebeti
1331 4553 1387 4625 jesi

131 4655 260 4721 nokeni,
278 4671 315 4710 ns
331 4653 418 4709 druhe
436 4653 497 4709 krol
515 4669 552 4709 nu
569 4653 649 4708 trine
667 4651 752 4708 sedicl
771 4650 899 4708 smebem
921 4666 1015 4707 vruee
1032 4666 1049 4706 ιι
1065 4665 1104 4721 po
1131 4651 1228 4707 suone
1255 4652 1331 4722 mnje
