3150 5378
714 415 792 471 rrae,
1395 416 1438 484 89

133 648 194 697 nos
215 619 454 712 eontmpentae,
474 622 634 708 volomus,
656 631 692 693 vt
711 624 831 710 penti
849 624 939 693 eines
951 624 1137 708 percipiant
1157 629 1191 691 et
1207 624 1250 691 ad
1264 624 1438 693 uilitatem

132 743 245 826 operis
267 741 388 826 prefati
409 745 608 808 eonuertant.
647 740 770 807 Demus
792 740 895 806 eniam
920 738 1002 822 ipsis
1025 735 1065 804 ob
1087 737 1222 805 eandem
1242 756 1376 806 eausam
1396 740 1437 806 ii·

132 857 296 922 bertanem
318 873 338 921 a
360 854 445 921 festo
465 853 554 920 beati
575 850 740 936 Jacobi¹⁸)
764 853 867 937 primo
895 858 1029 919 venturo
1039 848 1079 935 ιτ)
1100 869 1159 934 per
1179 858 1247 919 tres
1268 871 1381 935 annos,
1403 858 1441 919 rt

132 969 174 1034 ab
197 969 287 1035 omni
310 968 518 1035 exsoluoione
538 967 680 1034 thelonei
702 984 762 1050 per
783 984 893 1034 omnes
907 971 1011 1033 terras
1027 967 1094 1032 sint
1108 965 1203 1032 iiberi
1224 972 1258 1034 et
1279 967 1438 1049 inmunes,

133 1078 380 1163 mandantee¹⁸j
408 1085 521 1149 tenore
548 1080 709 1164 presentis
734 1080 901 1164 priuilegii
930 1081 1094 1147 uniuersis
1121 1080 1315 1163 purorsniis,
1344 1079 1440 1147 baro·

134 1195 243 1275 nibus,
276 1193 437 1261 militibus
465 1193 605 1278 aliisque
633 1194 796 1262 nobilibus
825 1194 1009 1262 theloneum
1038 1193 1231 1261 habentibus
1256 1212 1295 1260 un
1321 1192 1438 1261 ceteris

133 1308 350 1375 theloneariis
371 1326 430 1391 per
451 1307 619 1375 distriotm
640 1307 744 1375 nostri
770 1307 906 1375 dominii
935 1307 1131 1388 constitutis,
1160 1306 1247 1391 quod
1266 1327 1289 1373 a
1307 1306 1437 1374 niuibus

135 1422 176 1488 do
200 1423 280 1488 Alta
301 1417 445 1505 maan)
467 1420 711 1488 transeuntibus
731 1420 775 1488 de
794 1421 1013 1487 mercimoniis
1025 1426 1058 1487 et
1071 1419 1168 1486 rebus
1187 1421 1256 1487 suis
1271 1421 1371 1486 nichil
1387 1438 1439 1486 ru·

134 1538 231 1602 oione
262 1534 408 1603 thelonei
440 1535 579 1602 debeant
609 1536 739 1620 exigere
771 1536 823 1603 sel
855 1540 1033 1619 aooeptent,
1070 1532 1129 1602 sed
1161 1535 1349 1619 permittant
1381 1551 1438 1600 eos

133 1650 279 1715 maire
301 1648 403 1715 iibere
424 1653 459 1714 et
479 1643 637 1732 soluta‘p
659 1649 781 1715 Datum
800 1654 854 1716 est
874 1667 959 1715 anno
981 1646 1104 1716 domini
1126 1653 1185 1715 eto.

241 1819 354 1890 Bnkop.
372 1818 498 1891 kapitoly
515 1819 638 1877 muers
657 1819 757 1889 ,Liber
780 1819 929 1877 formarum
952 1820 1066 1876 Henriei
1082 1818 1186 1876 italie?
1206 1819 1254 1890 (A)
1271 1817 1340 1888 sign
1358 1816 1386 1873 K
1404 1824 1438 1875 83

135 1933 173 1972 na
195 1918 212 1971 Ι.
234 1923 285 1972 102
309 1936 333 1970 e.
360 1916 384 1971 b.
402 1920 455 1972 Ἀθ
476 1932 512 1972 aa
530 1916 670 1988 repirem:
699 1916 866 1983 ,Concessio
883 1916 1036 1974 libertatis⁸
1064 1932 1082 1972 a
1107 1914 1198 1987 Voigt,
1224 1913 1283 1971 Das
1310 1912 1440 1970 urkundi

136 2011 323 2067 Formelbnnb
332 2010 383 2067 des
400 2011 503 2082 konigi
513 2010 616 2068 liotore
627 2010 774 2068 Heinrions
782 2010 895 2069 italicus
905 2012 951 2083 (B)
962 2010 1003 2068 N·
1013 2011 1121 2068 oxvn.
1130 2042 1166 2053 —
1174 2011 1321 2082 Varianty:
1335 2014 1356 2080 ¹)
1364 2007 1440 2081 qnod

137 2111 170 2162 A
188 2138 223 2148 -
243 2109 266 2177 ¹)
283 2108 381 2163 Sabim
399 2110 459 2163 νὼ
489 2139 521 2149 -
549 2109 570 2177 ¹)
587 2107 670 2165 Mure
685 2108 716 2162 B.
743 2139 779 2151 -
804 2111 827 2178 ⁴)
850 2108 951 2183 &aar
962 2124 981 2164 s
993 2110 1026 2162 A.
1052 2140 1087 2151 -
1116 2110 1136 2177 δ)
1158 2108 1336 2163 exsoInoione
1352 2106 1384 2161 B.
1403 2134 1438 2147 —

137 2207 163 2273 ‘)
178 2212 208 2259 et
224 2204 258 2259 B.
282 2235 317 2244 —
342 2204 364 2273 ¹)
383 2210 412 2259 et
427 2203 458 2258 B.
479 2234 511 2246 -
530 2204 796 2272 'peironmssdentis
812 2205 843 2262 B.
870 2236 904 2246 -
925 2206 946 2273 θ)
965 2205 1142 2261 droterannm
1160 2206 1203 2271 A,
1220 2204 1388 2260 breehunnm
1405 2202 1437 2257 B.

138 2329 171 2338 -
191 2301 223 2370 ¹⁰)
241 2299 278 2355 sd
296 2302 330 2353 A.
349 2330 383 2340 —
403 2300 436 2369 ¹¹)
452 2298 556 2354 faciam
573 2299 606 2353 A.
625 2330 658 2340 -
679 2300 711 2371 ¹¹)
723 2300 756 2357 iit
773 2316 881 2355 exnunc
899 2301 932 2354 A.
952 2330 985 2340 -
1005 2300 1037 2365 ¹⁸)
1049 2300 1146 2356 Sebini
1162 2299 1224 2355 vB.
1243 2330 1276 2339 -
1297 2301 1330 2369 ¹⁴)
1342 2297 1440 2354 Sebini

138 2399 255 2450 vA-
275 2395 417 2465 ”pdintos
440 2395 472 2449 B.
498 2426 533 2437 —
561 2394 788 2466 waharna
810 2428 848 2438 -
876 2396 1020 2454 nifntnro
1037 2396 1069 2450 B.
1097 2426 1131 2439 -
1160 2394 1311 2464 ¹⁸)dsntss
1330 2394 1386 2448 AB.
1404 2424 1438 2435 -

143 2495 174 2559 ¹¹)
191 2493 275 2548 lun
291 2492 323 2546 B.
343 2520 377 2531 -—
396 2494 430 2561 ¹⁹)
455 2491 513 2548 Zde
530 2492 613 2548 konbi
631 2494 664 2546 A.
689 2522 724 2534 -
748 2476 888 2559 Sambon,
911 2492 1024 2563 Vysoke
1041 2490 1120 2563 Myso
1138 2499 1186 2548 etr.
1207 2498 1267 2559 188,
1283 2489 1356 2546 idea
1373 2490 1439 2546 take

141 2589 248 2658 norejii
274 2588 364 2658 desky
393 2586 510 2658 piekled
539 2591 598 2644 teto
624 2588 719 2659 listim
746 2605 783 2646 ne
807 2597 856 2645 atr.
884 2593 917 2644 79
944 2588 1103 2658 nveiejndn.
1130 2616 1163 2630 -
1190 2588 1292 2656 Emler,
1317 2586 1441 2658 Begesse

144 2683 176 2740 Il.
192 2685 215 2739 i.
234 2690 314 2741 2393.

727 2846 791 2929 ors.
815 2863 866 2929 as.
904 2907 906 2911 -

637 3032 751 3122 [Pied
772 3053 803 3104 r.
827 3033 942 3123 12781.

154 3207 225 3274 aaa
248 3208 395 3291 Pr'emyel
421 3206 544 3275 Otakor
566 3207 609 3273 ΙΙ.
627 3208 817 3294 prodlubuje
837 3207 938 3284 lauto,
973 3230 992 3273 o
1029 3206 1115 3275 ktere‘
1146 3210 1287 3275 mediam
1314 3231 1333 3274 o
1370 3190 1443 3275 dea

154 3322 209 3384 nod
231 3323 351 3387 Labeon
380 3324 462 3406 maji
488 3325 585 3388 masio
614 3322 667 3388 aa
692 3320 871 3396 brundam,
888 3320 1028 3406 pr'dltopp
1050 3344 1071 3387 a
1092 3322 1207 3388 odbemi
1227 3323 1374 3406 opsoniis,
1396 3344 1441 3388 no

156 3431 230 3500 idei
259 3437 343 3519 ἄνῆ
376 3436 439 3501 lota
468 3458 491 3502 o
517 3433 687 3520 pr'r'koaeje
711 3436 776 3520 jim
806 3457 853 3501 aro
882 3440 919 3501 tu
941 3435 1024 3501 oona
1046 3435 1189 3519 ddobody
1209 3456 1227 3504 a
1247 3435 1445 3519 spontaneas

702 3549 883 3616 mdotake'bo.

246 3724 315 3792 Noe
339 3723 541 3810 0[ttnosrns]
552 3724 577 3809 ¹)
603 3726 655 3793 dei
678 3726 788 3810 grania
810 3731 870 3792 eto.
893 3745 951 3792 rex
972 3724 1139 3804 Boemieb
1164 3732 1275 3793 notum
1293 3725 1364 3792 fieri
1387 3745 1441 3792 so-

159 3831 249 3905 lumne
273 3838 436 3905 vniuersis
458 3844 602 3905 tenorem
623 3840 826 3923 presencium
847 3836 1082 3923 inspecturis&
1099 3839 1194 3923 quod,
1216 3840 1293 3906 licet
1315 3839 1441 3906 ciuibus

160 3955 264 4019 nostris
287 3954 322 4018 in
345 3950 443 4034 Vsk⁴p
465 3952 646 4019 libertatem
667 3953 760 4037 prius
782 3952 976 4035 dederimus,
1000 3959 1035 4021 vt
1056 3953 1209 4020 deberent
1235 3954 1339 4035 ipsam
1361 3953 1442 4019 eini-

93 4140 96 4147 .
159 4069 242 4132 utem
264 4063 398 4150 [i'ska
421 4067 523 4132 muris
546 4072 579 4132 et
601 4066 722 4134 fossato
753 4069 953 4135 circumdare
974 4087 1012 4134 ao
1034 4069 1169 4148 munire,
1199 4072 1306 4133 tamen
1337 4067 1441 4133 eonsi-

93 4182 96 4195 '
160 4172 304 4258 datantes,
326 4176 412 4261 qnod
435 4177 556 4244 hiidem
588 4179 678 4245 eines
708 4180 771 4247 isto
800 4180 1001 4247 turbnoionis
1030 4186 1174 4263 tempore
1208 4180 1303 4247 velud
1337 4181 1443 4247 valida

159 4292 338 4373 tempestate
360 4293 535 4373 quassandi
557 4294 660 4359 multa
682 4295 871 4375 manamine
893 4299 969 4360 sunt
991 4296 1147 4377 perpessi,
1178 4295 1212 4360 in
1244 4301 1354 4361 nostra
1379 4294 1443 4361 fide

162 4404 278 4471 nubiles
308 4413 542 4489 permanentes,
572 4408 613 4473 ud
645 4409 714 4489 hoe,
749 4416 783 4474 sn
812 4410 942 4476 facilins
972 4410 1138 4475 ciuitatem
1169 4409 1296 4475 munire
1318 4409 1445 4491 possint

165 4517 290 4598 endem,
311 4525 346 4585 et
366 4519 407 4585 de
429 4519 502 4601 fide,
523 4539 620 4603 quam
634 4522 677 4588 ad
692 4540 751 4588 nos
769 4528 941 4605 gesserunt
955 4528 988 4589 et
1003 4529 1129 4606 gerunt,
1151 4522 1303 4605 condigni
1317 4523 1444 4589 nunnus

169 4622 349 4696 dulcedinem
372 4650 408 4697 se
429 4633 592 4715 gaudeant
615 4640 791 4717 reportare,
822 4633 899 4713 eisd)
930 4637 1111 4703 libertatem
1141 4655 1199 4719 per
1229 4642 1366 4721 quatuor
1387 4653 1445 4700 an·
