3150 5378
738 482 811 534 rare
1372 478 1435 548 173

131 682 245 768 gracie
272 686 435 758 cumulum
458 687 556 753 dictis
598 684 725 754 ciuibus
759 688 799 754 de
826 688 960 771 speciali
986 688 1210 755 munificencia
1236 690 1440 772 indulgemus

135 804 168 864 et
190 795 412 881 concedimus,
446 803 481 864 vt
502 799 633 866 inantea
662 800 696 867 in
722 807 913 884 perpetuum
946 802 1083 885 singulis
1117 803 1211 868 anuis
1245 802 1349 869 lorum
1382 822 1439 868 an·

134 913 243 993 uncle,
268 912 354 993 qu'od
377 912 410 976 iu
433 912 505 995 ipsa
527 910 661 979 ciuitate
683 915 834 980 Pontensi
859 913 976 997 priscis
991 914 1189 997 temporibus
1205 914 1239 980 in
1254 915 1337 981 festo
1353 916 1439 981 beati
1563 940 1567 946 ’

136 1026 298 1092 iohannis
327 1017 476 1107 Baptista¹
509 1025 675 1092 obseruari
711 1035 932 1108 consueuerat,
967 1026 1119 1108 deinceps
1151 1028 1184 1092 in
1214 1014 1297 1094 festo
1325 1028 1439 1094 Pente-

137 1146 252 1220 costes,
284 1137 326 1203 ad
357 1136 443 1222 quod
472 1138 576 1205 lorum
601 1138 709 1222 ipsum
734 1139 775 1205 de
796 1139 883 1206 dicto
905 1140 987 1206 festo
1009 1139 1096 1207 beati
1119 1139 1278 1205 iohannis
1300 1138 1437 1207 umere

138 1253 248 1332 rimus,
266 1244 391 1335 jugiter
414 1250 604 1317 obseruetur
625 1257 658 1318 61
680 1252 720 1318 ab
743 1252 889 1319 omuibus
919 1254 1153 1336 frequentetur,
1183 1251 1438 1335 accedentesque

140 1365 168 1430 et
188 1364 364 1431 redeuntes
387 1364 515 1431 edicto
538 1365 608 1430 soro
630 1349 763 1431 annuali
778 1384 837 1448 per
852 1370 923 1431 octo
945 1364 1016 1431 dies
1039 1372 1114 1431 aute
1137 1371 1169 1431 61
1191 1371 1249 1447 per
1271 1371 1342 1431 octo
1364 1358 1435 1432 di'es

143 1484 209 1559 post
232 1496 251 1541 a
275 1474 441 1543 solucione
463 1478 636 1544 cuiuslibet
665 1467 784 1544 telonei
806 1478 899 1544 liberi
929 1497 1002 1544 esse
1031 1476 1168 1544 debeant
1191 1481 1223 1543 et
1246 1478 1352 1544 soluti.
1397 1479 1434 1543 Iu

146 1608 274 1672 quorum
304 1590 402 1655 robur
425 1594 458 1655 et
479 1591 700 1657 testimouium
740 1597 906 1673 presentes
936 1591 1047 1656 literas
1077 1591 1147 1657 lieri
1174 1596 1207 1656 61
1229 1590 1347 1673 sigillis
1370 1609 1434 1655 ma·

147 1682 264 1768 iestatia
289 1707 399 1768 nostre
415 1700 575 1786 jussimus
600 1692 800 1769 communiri.
845 1702 965 1768 Datum
995 1703 1173 1769 Podiebrad
1205 1680 1251 1768 ui
1281 1702 1436 1769 kalendas

152 1803 340 1898 Septembris
377 1835 460 1882 anno
498 1815 619 1882 domini
656 1817 827 1883 millesimo
864 1816 1089 1882 trecentesimo
1126 1815 1251 1900 [quinto
1288 1814 1437 1900 decimol,

151 1947 310 2011 regnorum
333 1948 408 1995 vero
431 1934 615 1996 nostrorum
635 1949 720 1996 auno
743 1929 864 2014 quinto.

239 2100 347 2170 Kopidi
374 2100 486 2155 archiva
512 2118 547 2155 m.
575 2100 670 2156 Mostn
688 2118 724 2156 us
748 2102 767 2156 l.
795 2108 853 2167 lo,
880 2100 951 2155 kdel
979 2102 1085 2172 chybnt
1113 2102 1172 2156 lrr.
1194 2108 1260 2158 1300
1288 2101 1434 2156 datorano.

156 2222 180 2233 -
194 2195 371 2264 Schlesiuger,
392 2195 543 2251 Stadtbuch
567 2213 620 2252 von
644 2197 719 2251 Brltx
743 2195 783 2250 N·
805 2202 847 2250 14.
872 2228 906 2238 --
930 2197 1030 2265 Emler,
1056 2197 1179 2266 Regestc
1202 2197 1249 2250 111.
1274 2196 1295 2251 d.
1322 2201 1381 2250 170.
1402 2225 1433 2236 -

156 2286 174 2339 i
188 2291 340 2345 boulirmaci
358 2291 400 2346 lrr.
418 2291 619 2346 Ferdincudal
633 2293 767 2362 privilegii
778 2293 957 2363 Mosteckpcb
971 2293 996 2348 d.
1010 2311 1046 2348 na
1064 2294 1104 2347 hr.
1116 2293 1263 2347 Praislrdm
1277 2299 1317 2346 00.
1331 2293 1435 2346 bienna

159 2389 210 2438 1119
226 2389 375 2455 narracuje
393 2404 424 2442 se
442 2389 532 2442 matu
552 2391 711 2457 „potvmenl
734 2388 813 2442 lura'lc
831 2388 905 2443 Jcna
921 2389 987 2443 listu
1004 2388 1082 2444 krdle
1100 2389 1232 2458 Ottagara
1250 2406 1267 2443 a
1286 2387 1435 2458 pieredeni

155 2477 275 2542 jarmarlru
294 2500 332 2537 ua
349 2483 404 2537 deu
423 2481 538 2538 svateho
557 2481 638 2538 dona
658 2482 760 2537 Datum
778 2500 816 2539 uc
832 2483 1029 2540 Poddbrodech
1047 2483 1100 2538 111ο
1114 2483 1247 2539 kalendas
1267 2484 1436 2553 Septembris

157 2572 215 2631 letha
230 2578 403 2633 MCCCXV“.

715 2737 779 2822 016.
803 2756 854 2822 99.

513 2924 613 3006 1310,
638 2924 681 2997 10
703 2928 827 2997 lcdna
861 2926 894 2997 V
916 2926 1047 2998 Prone.

153 3099 224 3166 Pota
243 3122 262 3166 a
282 3103 428 3197 Torpcco
449 3101 619 3185 secedatis,
641 3104 674 3168 16
693 3122 749 3166 mu
769 3101 842 3168 krol
856 3105 924 3169 ιΙαιι
945 3104 1058 3188 chsol
1080 3107 1175 3169 mesto
1191 3104 1283 3167 Dodr
1305 3123 1433 3183 smoop

151 3232 165 3276 ι
181 3215 335 3298 1011661611
355 3213 501 3281 uokresu
522 3213 624 3281 tobotc
638 3219 739 3281 mota
755 3238 775 3281 α
790 3239 809 3279 v
824 3214 935 3282 olresa
954 3214 1177 3282 Tmtnovsltem
1193 3215 1435 3298 piebp'vojlctmi

149 3345 173 3392 re
186 3328 249 3393 300
266 3326 422 3393 br'iondcb
440 3351 489 3411 pr.
499 3349 554 3411 pr.
571 3332 768 3404 avmnrme,
784 3326 892 3394 1116106
906 3329 999 3395 diuiti
1012 3329 1091 3395 bade
1105 3327 1213 3403 lkodo,
1229 3326 1337 3394 steros
1359 3349 1375 3392 s
1389 3329 1433 3391 40

148 3440 242 3507 uere
263 3462 301 3507 ae
322 3440 468 3507 1110061611
482 3439 557 3524 jabo
578 3443 677 3524 utrpl,
699 3462 738 3505 aa
760 3447 800 3518 to,
834 3444 867 3507 16
896 3464 928 3508 se
958 3464 1012 3507 mc
1044 3442 1095 3526 byl
1124 3463 1157 3508 sc
1183 3441 1285 3527 scp'rm'
1306 3441 1435 3506 terreni

180 3554 369 3620 Hrodiitdm
393 3550 637 3639 Christmkwpm
659 3577 681 3619 o
704 3554 895 3639 Hostinnp'm
916 3554 1056 3621 haduide
1075 3553 1206 3621 monste‘
1221 3551 1382 3637 pellaea.

237 3729 311 3811 Ego
335 3728 436 3794 Potbo
458 3727 499 3794 de
521 3730 656 3811 Turgow
679 3730 719 3794 ad
743 3730 967 3796 vniuersorum
993 3731 1145 3796 noticiam
1167 3736 1279 3796 tenore
1301 3747 1432 3811 presen-

144 3841 220 3906 cium
242 3842 341 3925 cupio
364 3841 544 3924 peruenire,
568 3842 662 3924 quod,
687 3842 764 3924 quia
786 3842 993 3908 serenissimo
1016 3849 1049 3907 61
1071 3843 1190 3908 illustri
1215 3842 1354 3924 principi
1377 3840 1433 3906 do-

143 3954 221 4020 mino
237 3953 390 4033 Johanni,
412 3953 546 4019 Boemie
568 3958 600 4019 61
623 3954 756 4020 Polonie
778 3955 848 4035 regi
871 3973 908 4020 ac
930 3953 1202 4037 Lucemburgensi
1218 3955 1336 4034 comiti,
1361 3973 1433 4020 cum

141 4065 374 4132 municionibus
403 4065 484 4130 meis
513 4065 646 4130 Grediss
679 4071 711 4131 et
740 4066 856 4131 Arnon
886 4072 1040 4149 perpetuo
1071 4065 1226 4132 adherere
1248 4087 1285 4132 ac
1309 4068 1433 4133 scrrrire

139 4186 245 4245 contm
267 4197 394 4245 omnem
417 4179 577 4244 hominem
599 4185 667 4245 toto
690 4198 786 4262 posse
809 4200 879 4247 meo
903 4183 973 4246 vice
996 4187 1028 4246 61
1050 4182 1179 4246 nomine
1194 4180 1325 4262 prestiti
1348 4181 1434 4245 iura-

138 4293 232 4358 menti
254 4292 389 4374 promisi
412 4298 445 4357 et
467 4293 628 4374 promitto,
651 4294 722 4376 ipse
744 4294 841 4360 michi
865 4293 1001 4376 proinde
1027 4301 1187 4360 trecentas
1203 4314 1327 4361 marcas
1344 4314 1434 4377 gros·

136 4425 241 4473 sorum
271 4405 478 4472 denariorum
508 4407 713 4489 pragensium
743 4407 825 4488 regii
858 4410 1041 4490 pagamenli
1064 4407 1142 4473 dare
1164 4409 1321 4491 promisit,
1345 4413 1377 4473 et
1400 4408 1433 4472 iu

136 4520 254 4585 eisdem
281 4537 319 4584 ac
342 4519 500 4600 dampnis,
534 4538 597 4600 que
630 4539 702 4585 cum
735 4520 949 4603 quadraginta
983 4523 1062 4586 viris
1096 4523 1228 4586 armatis
1261 4522 1296 4586 iu
1326 4521 1430 4602 ipsius

134 4631 285 4697 semiciia
316 4631 489 4712 pertulero,
519 4631 617 4695 michi
647 4629 800 4713 oppidum
831 4652 924 4697 suum
947 4633 1068 4698 dictum
1091 4632 1158 4701 Hol
1178 4652 1249 4700 cum
1272 4631 1430 4698 militibus
