3150 5378
133 448 198 515 466
524 387 528 396 ⁸
757 445 833 498 rma.

133 659 224 724 iuxta
247 675 305 725 sue
327 655 564 738 beneplacitum
586 656 771 722 voluntatis.
800 656 992 723 Mandemus
1016 655 1117 739 igitur
1138 655 1280 739 metatis
1297 709 1329 723 ..
1352 658 1426 724 iudi·

133 771 225 837 cibus
247 775 282 837 et
302 770 418 836 iuratis
442 769 671 852 opidorum..
696 771 930 852 poprawcaoni,
946 822 978 836 ..
1001 768 1219 838 beneficiariis
1242 789 1283 839 ac
1305 773 1427 855 quibus·

134 902 270 967 cumque
292 884 376 965 aliis,
399 883 515 967 quibus
538 889 705 966 presentes
737 884 878 951 exhibite
899 883 1031 967 fuerint,
1060 882 1212 951 fidelibus
1244 887 1367 953 nostris
1388 887 1428 953 di·

133 1000 236 1079 lectis,
259 1003 293 1065 et
313 997 373 1064 sub
396 998 529 1064 obtentu
551 1001 661 1064 nostre
688 998 799 1081 gracie
827 995 964 1065 firmiter
993 1003 1026 1065 et
1055 997 1206 1066 districte
1236 1001 1427 1083 precipimus

133 1112 340 1196 iniungendo,
364 1116 522 1192 quatenus
544 1110 730 1178 memoratis
754 1111 877 1194 vngelti
899 1110 979 1177 salis
1001 1111 1036 1177 in
1058 1110 1194 1178 ciuitate
1212 1110 1350 1181 Samaei
1373 1115 1429 1181 col·

133 1226 309 1294 lectoribus
330 1243 404 1291 mox
426 1225 468 1291 ad
490 1242 601 1291 eorum
618 1223 869 1306 requisicionem
884 1224 1058 1291 aduersum
1072 1223 1178 1292 dictos
1193 1233 1428 1310 presumpturos

134 1343 169 1408 in
183 1339 373 1423 reeepcione
387 1355 495 1404 rerum
511 1334 870 1420 suarumimpertiant1)
893 1355 950 1419 pro
973 1336 1098 1405 viribus
1120 1334 1264 1404 fideliter
1278 1337 1330 1405 sui
1346 1340 1428 1405 iuua-

134 1454 232 1520 minis
263 1452 443 1518 subsidium
472 1451 579 1533 operis
601 1469 659 1533 per
689 1448 848 1530 effectum,
878 1467 938 1516 uec
965 1468 1020 1518 eos
1042 1450 1077 1517 in
1098 1452 1293 1534 reeepcione
1315 1454 1427 1536 vugelti

136 1567 216 1633 salis
238 1567 273 1632 in
295 1566 392 1633 dictis
416 1564 522 1648 opidis
545 1569 657 1631 contra
684 1563 896 1647 impedientes
926 1562 1088 1648 quoslibet
1117 1570 1292 1649 protegant
1322 1572 1356 1634 et
1382 1567 1427 1632 de

137 1679 279 1760 tendant,
303 1680 337 1745 in
359 1696 422 1763 quo
445 1698 508 1745 non
520 1680 613 1759 male,
638 1677 695 1744 sed
718 1678 804 1745 inste
824 1678 1012 1745 mandatum
1032 1678 1161 1762 regium
1176 1681 1367 1762 exequendo
1381 1699 1426 1746 no

136 1793 244 1861 uerint
266 1810 301 1858 se
322 1791 448 1858 iecisse.
472 1791 628 1859 Volumus
650 1791 784 1874 insuper
806 1796 840 1857 et
861 1792 1061 1873 mandamus,
1084 1795 1121 1857 ut
1138 1810 1252 1860 omnes
1268 1800 1304 1861 et
1317 1793 1423 1877 singuli

137 1907 216 1974 salis
239 1909 384 1972 vectores
407 1923 444 1970 ac
466 1909 642 1986 portantes,
675 1903 911 1988 quamprimum
932 1908 1036 1989 metas
1058 1905 1152 1988 regni
1173 1907 1281 1974 naabi
1303 1907 1422 1975 Beemie

137 2018 286 2086 intrando
308 2018 485 2101 attigerint,
515 2017 556 2084 ab
578 2036 641 2083 vna
664 2018 834 2084 ciuitatum
864 2022 1048 2085 nostrarum
1076 2018 1238 2102 regalium
1268 2021 1311 2087 ad
1341 2021 1420 2087 alian

136 2133 325 2200 viciniorem
347 2137 381 2198 et
402 2151 465 2198 non
488 2133 570 2199 alias
593 2131 653 2198 sub
675 2150 760 2216 pena
789 2131 988 2216 perdicionis
1010 2133 1090 2200 salis
1113 2138 1147 2200 et
1167 2133 1309 2201 abarum
1329 2151 1418 2201 raum

137 2265 268 2313 suarum
290 2244 506 2328 quarumlibet
527 2263 663 2328 pergere
685 2251 718 2312 et
739 2246 879 2311 transire
901 2264 974 2313 cum
996 2246 1074 2328 saie,
1101 2245 1188 2331 quod
1210 2249 1360 2316 rexerint
1377 2251 1417 2312 aut

136 2359 348 2442 portaueriut,
371 2359 437 2424 sint
458 2359 593 2425 astricti.
616 2359 661 2424 Et
682 2359 711 2425 si
733 2360 798 2442 ipsi
821 2378 897 2426 suos
925 2360 1119 2443 quandoque
1140 2378 1257 2427 currus
1280 2361 1358 2428 salis
1377 2357 1413 2424 uei

138 2491 237 2538 onera
268 2491 327 2554 pro
355 2473 448 2539 libito
478 2472 618 2539 vendere
651 2491 715 2539 non
749 2474 893 2540 volentes
925 2474 959 2538 in
990 2472 1117 2557 prefata
1146 2472 1284 2541 ciuitate
1304 2469 1412 2542 Second

138 2591 225 2651 stare
247 2585 461 2668 permiserint,
485 2585 571 2666 quod
593 2584 634 2650 de
656 2586 741 2651 scitu
763 2584 929 2652 dumtaxat
949 2587 1202 2670 prescriptorum
1218 2589 1340 2672 vngelti
1355 2583 1411 2654 ulis

138 2700 344 2766 collectorum
365 2699 472 2765 tacere
492 2703 674 2779 teneantur,
697 2703 814 2766 extunc
836 2704 971 2783 urgente
986 2698 1114 2767 deiectu
1137 2703 1171 2765 et
1192 2703 1340 2770 carencia
1354 2698 1411 2767 salis

138 2812 237 2878 iidem
260 2813 447 2878 collectores
470 2811 559 2893 ipsos
587 2828 699 2878 currus
722 2815 756 2877 et
776 2810 920 2894 pondera
942 2811 1021 2879 salis
1043 2812 1078 2879 in
1100 2812 1167 2880 iam
1188 2813 1279 2882 dieta
1299 2814 1410 2883 ciuiote

139 2931 273 3007 stantes
296 2925 351 3007 qui
374 2925 536 3007 wlgariter
558 2929 680 2990 stenter
702 2924 864 3006 dicuntur,
887 2924 984 2993 dictis
1006 2926 1085 2993 salis
1101 2927 1286 2996 rectoribus
1309 2933 1341 2994 et
1359 2940 1411 3012 por·

140 3038 299 3107 tatoribus
329 3037 464 3121 proinde
489 3037 633 3120 precium
656 3042 841 3118 competens
865 3039 1041 3106 secundum
1054 3039 1184 3109 cursum
1205 3043 1359 3127 temporis
1376 3055 1412 3104 so

138 3154 248 3234 luturi,
272 3150 432 3218 vendendi
453 3149 616 3215 habebunt
637 3150 772 3216 liberam
793 3150 989 3233 facultatem,
1012 3151 1182 3235 prelibatis
1204 3155 1413 3222 nichilominus

138 3284 367 3351 poprawczone
396 3270 430 3330 et
449 3262 665 3330 beneficiariis
693 3264 776 3346 ipsis
808 3265 1032 3332 collectoribus
1066 3267 1189 3350 vugelti
1221 3268 1303 3335 salia
1324 3269 1415 3337 mum

140 3382 270 3448 eosdem
293 3381 371 3446 salis
395 3384 540 3447 vectores
563 3384 597 3445 et
618 3383 809 3461 portatores,
842 3381 898 3463 qui
928 3381 969 3448 de
999 3400 1063 3448 vna
1084 3381 1258 3450 ciuitatum
1278 3383 1416 3468 regalium

139 3495 181 3561 ad
214 3494 312 3560 aliam
346 3493 534 3560 viciniorem
570 3491 710 3558 mansirc
746 3494 1006 3578 contempserint,
1039 3495 1073 3561 in
1106 3497 1298 3580 reeepcione
1329 3510 1418 3565 rerum

140 3627 271 3675 suarum
294 3625 388 3673 suum
410 3607 566 3673 auxilium
587 3612 698 3674 nostro
720 3607 859 3689 nomine,
888 3609 975 3692 quod
1006 3609 1054 3676 eis
1076 3608 1171 3677 modo
1192 3610 1363 3694 prehabito
1381 3624 1417 3675 se·

139 3721 227 3786 riose
256 3719 463 3802 precipimus,
493 3718 688 3801 impensuri;
723 3719 903 3804 dequibus
933 3690 1062 3805 quidem
1092 3721 1190 3789 rebus
1218 3725 1270 3793 sic
1298 3720 1420 3807 receptis

139 3834 240 3901 iidem
261 3833 449 3898 collectores
472 3832 622 3898 similiter
645 3832 817 3916 disponere
839 3833 990 3916 poterint,
1012 3838 1109 3917 prout
1141 3854 1256 3903 eornm
1278 3832 1421 3922 placuerit

141 3945 308 4012 voluntati.
343 3943 476 4026 Harum,
501 3945 617 4028 quibus
640 3950 750 4012 nostre
772 3946 953 4013 maiestatis
976 3947 1120 4031 sigillum
1141 3949 1286 4032 appendi
1306 3946 1420 4019 manda·

141 4059 258 4141 uimus,
287 4058 473 4125 testimonio
502 4059 692 4125 litterarum.
723 4060 844 4125 Datum
872 4059 991 4144 Prage,
1006 4080 1089 4128 anno
1119 4062 1244 4131 domini
1264 4062 1421 4133 millesimo

140 4171 366 4240 trecentesimo
390 4173 657 4256 quiuquagesimo
681 4174 831 4255 secundo,
855 4172 945 4240 XXV
967 4175 1021 4242 die
1035 4176 1157 4244 mensis
1172 4175 1304 4262 Marcii,
1324 4190 1421 4261 regne

144 4306 215 4354 rum
236 4292 418 4353 nostrorum
441 4303 524 4351 anno
547 4288 647 4351 sexto.

244 4456 336 4513 Iiniha
359 4458 482 4528 pamdtnt
505 4472 540 4509 m.
566 4440 650 4511 Zatce
667 4474 682 4510 n
701 4473 721 4511 r.
741 4458 898 4512 resanat
918 4460 958 4512 ab
976 4475 1011 4515 aa
1027 4459 1167 4530 ndpiaern:
1194 4460 1333 4529 ‚Karalus
1351 4460 1420 4528 iupa

141 4558 218 4609 rator
234 4553 348 4620 inbibat,
366 4569 400 4607 ne
420 4553 462 4608 sal
479 4551 507 4607 in
525 4550 653 4607 districtu
670 4553 781 4608 Saeensi
798 4558 893 4622 preter
909 4554 1049 4611 ciuitmam
1067 4554 1216 4612 &censam
1227 4556 1380 4615 vendatur-³
1394 4578 1420 4591 ··

142 4649 167 4704 V
183 4647 283 4720 rukap.
301 4647 345 4705 ite
362 4665 394 4705 se
415 4651 433 4718 ²)
452 4647 621 4719 impendant
639 4678 674 4690 -
692 4647 871 4719 Scbleeingar,
897 4648 1124 4707 Urlrundsnbaclr
1139 4648 1190 4707 dar
1207 4650 1247 4709 St.
1265 4651 1337 4711 Suc
1351 4648 1373 4707 d.
1388 4650 1421 4703 lt
