3098 5392
129 474 196 542 504
754 473 830 525 iuss.

129 683 255 751 iuribus
278 686 311 748 et
339 681 559 764 pertinenciis,
590 683 623 748 in
653 682 897 767 quibuscunque
924 682 1021 749 rebus
1053 680 1236 748 consistant
1262 686 1315 746 sut
1339 698 1394 764 qno

129 815 256 880 cunque
286 797 467 863 vocitentur
500 798 638 877 nomine,
672 796 706 862 in
735 802 804 864 toto
832 799 887 864 uel
916 797 951 863 in
980 801 1083 880 purte,
1115 795 1260 878 abipsa
1289 794 1394 860 ciuitste

128 911 270 995 Egrensi
296 916 330 975 et
352 909 475 976 iudicio
501 909 646 975 eiusdem
679 910 743 976 cllo
765 929 915 992 rmqnnm
943 915 1088 993 tempore
1108 927 1173 976 non
1204 908 1339 974 alienare
1355 923 1393 970 noc

129 1042 324 1109 seggregare
345 1042 405 1089 nec
425 1023 512 1088 mitti
542 1041 601 1107 per
628 1025 811 1107 quempiam
840 1024 987 1105 alienari,
1021 1022 1079 1089 sed
1109 1022 1241 1104 singula
1268 1021 1395 1103 premissa

127 1139 169 1204 ad
193 1139 298 1221 ipsam
320 1137 486 1204 ciuitatem
509 1155 582 1202 cum
605 1155 716 1202 eorum
745 1136 966 1219 pertinenciis,
996 1141 1031 1200 rt
1052 1134 1243 1218 predicitur,
1271 1138 1395 1217 perpetuo

127 1253 291 1336 pertinere
324 1249 486 1316 debebunt
516 1257 548 1316 et
570 1269 608 1315 eo
630 1251 716 1317 circa
746 1250 864 1316 dictam
894 1250 1061 1315 ciuitatem
1083 1254 1117 1315 et
1138 1249 1172 1314 in
1204 1249 1280 1315 eins
1302 1245 1395 1314 indicio

128 1367 277 1433 volumus
301 1381 502 1430 conseruare.
529 1362 702 1429 Cossamus
726 1365 836 1445 itaque
859 1381 970 1430 omnes
984 1369 1019 1430 et
1032 1362 1179 1445 singulas
1201 1362 1319 1443 literne,
1338 1375 1397 1443 quus

128 1477 333 1562 presentibus
357 1478 504 1543 dedimus
527 1477 560 1543 in
584 1478 781 1544 contrarium
796 1479 847 1543 vel
862 1497 902 1543 ex
924 1477 1088 1545 obliuione
1109 1476 1262 1542 daremus
1281 1482 1398 1556 tempore

129 1591 330 1659 succedente.
362 1589 514 1656 Pretereo
530 1591 569 1655 'in
591 1591 744 1657 maiorem
767 1596 877 1658 nostre
899 1590 1116 1674 promocionis
1138 1590 1300 1656 cumulum
1319 1589 1399 1670 ipsun

129 1707 295 1773 ciuitatem
319 1709 351 1770 et
373 1707 476 1770 totum
504 1702 687 1770 districtum
710 1724 768 1770 seu
790 1705 947 1771 iudicium
976 1705 1123 1787 Egrense
1144 1721 1165 1768 a
1186 1700 1340 1769 communi
1357 1715 1398 1764 seo

128 1818 271 1902 generali
293 1817 455 1900 peticione
477 1817 642 1899 perpetuis
674 1818 805 1884 inantea
826 1818 1026 1901 temporibus
1055 1816 1245 1882 libertsmus
1267 1821 1299 1880 ct
1319 1811 1399 1879 absol·

127 1933 245 2012 nimus,
276 1930 501 2013 promittentes
532 1949 602 1995 eam
634 1931 780 1998 ammodo
804 1931 843 1996 ab
865 1931 949 2013 ipsis
973 1950 1036 1997 non
1066 1931 1207 2013 exigere,
1237 1933 1341 2012 petere
1360 1923 1399 1989 nel

128 2046 283 2127 recipere,
307 2043 363 2109 sed
388 2042 473 2124 quod
496 2042 585 2108 ciues
609 2047 641 2108 et
663 2044 768 2110 incole
791 2044 936 2110 ciuitatis
959 2042 1019 2129 [et]
1048 2044 1268 2126 predictorum
1288 2039 1398 2120 abipso

128 2157 289 2241 peticione
323 2157 357 2222 in
388 2159 578 2238 perpetuum
610 2155 704 2221 liberi
739 2175 811 2223 esse
845 2157 982 2223 debeant
1011 2162 1045 2222 et
1072 2156 1222 2238 exempti.
1267 2149 1400 2220 Predictis

128 2272 232 2339 eciam
263 2269 390 2337 ciuibus
421 2270 627 2351 promisimus
651 2275 683 2334 et
704 2269 788 2336 bona
810 2269 874 2336 fide
896 2275 1007 2337 nostra
1035 2269 1254 2353 promittimus
1274 2286 1329 2351 per
1345 2281 1401 2348 pre

127 2390 245 2466 sentes,
270 2382 355 2467 qnod
378 2383 557 2466 predictam
579 2383 746 2449 ciuitatem
768 2383 947 2466 Egrensem
968 2401 1133 2466 nunquam
1146 2382 1247 2449 alicui
1261 2379 1401 2448 homiunn

127 2505 184 2564 aut
206 2514 353 2580 persone,
378 2497 597 2578 cuiuscunque
613 2500 728 2578 status,
752 2497 950 2564 condicionis
966 2515 1024 2563 seu
1039 2495 1277 2579 preeminencie
1296 2493 1402 2567 existat,

129 2611 256 2695 pignori
279 2608 494 2692 obligabimus
517 2612 573 2674 aut
595 2610 710 2690 quouis
734 2610 944 2675 alienncionis
967 2609 1062 2676 titulo
1085 2627 1143 2675 ssu
1166 2608 1261 2676 modo
1282 2620 1402 2687 arogno

128 2745 186 2792 seu
203 2742 320 2792 corono
335 2724 455 2789 nostris
475 2722 608 2789 Bocmie
624 2723 865 2805 segregabimus
881 2728 913 2790 et
929 2722 1112 2790 curabimus
1133 2722 1317 2806 aliqualiter
1330 2734 1406 2801 sepa·

128 2857 211 2919 rore,
241 2837 361 2904 nostris
386 2842 418 2903 et
439 2837 531 2918 regni
556 2837 689 2903 Bocmie
711 2838 744 2902 in
768 2839 885 2904 ceteris
908 2844 941 2903 et
961 2838 1099 2904 aliorum
1121 2838 1155 2904 in
1178 2835 1322 2904 omnibus
1342 2832 1407 2898 iuri·

127 2954 188 3018 bus
212 2970 339 3034 semper
369 2952 480 3015 saluis.
524 2949 658 3032 Siquam
688 2950 883 3016 serenissimi
906 2950 1118 3034 principiset
1147 2948 1278 3025 domini,
1306 2942 1409 3012 domini

128 3064 245 3131 Koroli
276 3063 385 3147 quarti
418 3065 632 3128 Romanorum
664 3062 867 3144 imperatoris
900 3062 1105 3129 lucidissimi
1142 3067 1174 3128 ct
1204 3056 1410 3148 qbnbsisslml

127 3177 255 3243 Bocmie
276 3175 369 3260 repis.
395 3175 620 3258 (Monogram).
653 3174 760 3242 Huius
783 3178 831 3242 rei
853 3182 954 3243 testes
977 3183 1069 3243 sunt:
1101 3175 1302 3242 venerabiles
1323 3175 1410 3241 Arne

133 3297 213 3372 stus,
236 3291 498 3373 archiepiscopus
515 3290 696 3370 Pragensis,
721 3289 896 3372 iohannes,
913 3290 1146 3370 Olomucensis,
1169 3289 1345 3373 Lupnldus,
1359 3287 1413 3352 Bo·

127 3404 368 3487 benbergensis,
384 3409 416 3468 et
430 3402 625 3482 Fridericus,
638 3402 896 3484 Ratisponensis,
913 3403 1123 3470 ecclesiarum
1136 3402 1319 3482 antistites,
1335 3402 1413 3467 lllus·

126 3526 193 3585 tres
220 3517 381 3597 Albertus,
406 3517 547 3596 Austris,
571 3516 678 3598 Styrie
701 3523 733 3581 et
758 3517 939 3599 Kerinthie,
962 3517 1115 3583 Nicolaus
1139 3516 1299 3599 Oppauie,
1321 3513 1414 3581 llulko

130 3629 444 3710 Volkembergensis,
461 3628 577 3705 duces;
594 3633 627 3692 et
642 3628 835 3709 Fridericus,
858 3630 1001 3696 marchio
1016 3629 1210 3710 Misnensis3
1234 3629 1415 3713 spectabiles

127 3744 304 3823 iohannes,
327 3742 357 3806 N
360 3741 626 3824 urembergensis,
651 3747 683 3807 et
705 3741 925 3823 Burghardua
948 3743 1104 3826 magister
1124 3743 1216 3809 curie
1239 3743 1416 3826 imperialis,

129 3854 429 3937 Mepdeburgensis,
458 3855 643 3937 burgrnnii,
676 3852 849 3921 Heinricus
872 3853 1034 3936 Holsacie,
1060 3854 1235 3923 Heinricus
1258 3856 1300 3923 de
1320 3855 1416 3922 Hoen·

129 3971 223 4049 stein,
258 3967 432 4034 Heinricus
456 3969 495 4033 de
518 3967 734 4050 Swarczburg,
770 3969 921 4035 Albertus
953 3970 993 4036 de
1013 3968 1245 4053 Werdenberg,
1276 3971 1417 4036 tilbertus

126 4084 168 4150 de
191 4082 312 4148 Anhult
334 4086 366 4147 et
396 4080 560 4147 iohannes
592 4082 632 4146 de
654 4082 785 4162 Reczze,
821 4084 971 4163 comites3
1006 4082 1130 4150 nobiles
1160 4083 1353 4171 Rudolphus
1382 4082 1417 4146 de

127 4196 249 4275 ll'arta,
272 4196 382 4261 Busko
405 4194 445 4260 de
468 4193 667 4274 Willuarticz,
699 4197 853 4278 magister
877 4197 1055 4278 imperialis
1077 4214 1213 4276 camera,
1235 4196 1419 4279 Rudolphus

126 4311 167 4375 de
189 4309 421 4388 Sassenhusen
448 4307 613 4373 lohannes
638 4307 677 4373 de
700 4307 922 4374 Beldersbeim
945 4310 1048 4375 etalii
1071 4311 1301 4391 quamplures
1324 4308 1419 4377 nostri

127 4429 159 4489 et
190 4422 317 4504 imperii
348 4423 432 4488 sacri
462 4420 574 4487 fideles
606 4421 724 4487 dilecti.
771 4421 977 4487 Preseucium
1011 4422 1069 4487 snb
1102 4426 1213 4488 nostre
1248 4424 1422 4507 imperialis

125 4536 306 4601 maiestatis
323 4535 429 4617 sigillo
446 4533 630 4600 testimonio
654 4536 842 4599 litterarum.
868 4536 986 4600 Datum
1008 4535 1188 4617 Ratispone
1202 4554 1290 4604 anno
1305 4537 1423 4605 domini

126 4649 297 4715 millesimo
328 4651 553 4714 trecentesimo
576 4650 844 4731 quinquagesimo
867 4650 988 4732 quinto,
1019 4649 1202 4717 indiccione
1225 4658 1354 4735 octona,
1384 4648 1425 4717 X⁰
