3098 5392
136 416 203 506 430
635 512 637 517 ⁴
758 438 833 489 rura

132 649 232 715 vestri
255 647 542 712 'ltutbenuuiensis
565 648 703 730 predicti
726 666 798 714 cum
822 645 970 712 omnibus
1000 646 1145 728 ipsorum
1177 643 1310 725 iuribus,
1333 642 1394 707 utili

131 762 253 827 tatibus
275 767 308 826 ct
329 761 540 843 pertinenciis
560 762 754 826 contulimus
777 765 875 842 atque
897 760 1043 826 dedimus
1059 777 1119 841 per
1132 759 1242 842 ipsum
1255 756 1396 824 Pesccnen

132 880 165 940 et
187 893 280 939 suum
302 874 336 938 in
359 874 418 938 hac
441 879 533 954 parte
556 873 766 938 substitutum
789 873 848 939 sub
871 873 983 938 eodem
1006 872 1078 937 iure
1108 890 1169 937 seu
1196 889 1301 952 onere,
1327 874 1396 953 prout

133 987 258 1053 Wanlro
288 986 393 1052 dictus
424 986 614 1052 forestarius
636 987 694 1053 illa
716 988 871 1053 hactenus
903 987 1018 1068 tenuit,
1048 984 1208 1067 habenda,
1237 983 1398 1051 tenendact

134 1101 318 1166 vtifruenda
338 1105 503 1182 perpetue,
520 1102 591 1166 sine
606 1101 776 1182 quibusuis
792 1100 1041 1182 impedimentis,
1056 1099 1161 1182 igitur
1175 1098 1268 1166 rebla
1282 1097 1398 1166 smmbu

132 1220 165 1280 et
187 1215 333 1296 singulis,
362 1233 497 1296 quorum
527 1215 672 1296 interest,
703 1220 736 1280 et
765 1220 909 1281 vestrum
938 1211 1073 1280 cuilibet
1097 1212 1293 1280 auctoritate
1311 1230 1398 1296 snpru

134 1328 221 1393 dicta
253 1327 450 1409 precipimus
473 1327 630 1408 districte,
664 1329 772 1410 gracie
805 1328 865 1394 sub
898 1328 1040 1408 obtentu,
1074 1330 1239 1409 quatenus
1271 1325 1399 1411 prdntm

131 1441 306 1507 Pesconem
327 1455 385 1523 pro
408 1441 516 1507 iudice
538 1442 731 1523 prouinciali
746 1460 784 1508 ac
799 1441 970 1508 dorestado
992 1439 1163 1507 districtus
1177 1440 1280 1507 rastri
1293 1457 1399 1523 coquos

130 1561 239 1622 centes
262 1555 433 1638 adipsum
459 1557 510 1622 vel
541 1575 614 1622 eum
645 1576 703 1623 seu
732 1576 798 1638 eos,
830 1557 883 1623 cui
913 1557 964 1622 vel
994 1554 1112 1638 quibus
1143 1555 1217 1637 ipse
1245 1557 1301 1619 aut
1324 1552 1399 1619 nrm

129 1688 207 1735 suus
230 1669 433 1751 presencium
457 1670 618 1736 exhibitor
639 1671 785 1753 predicta
815 1669 924 1738 officia
945 1669 1088 1748 regenda
1110 1687 1171 1735 suo
1193 1668 1320 1735 nomine
1337 1683 1398 1732 con

130 1782 265 1862 miserit,
288 1785 472 1864 respectum
494 1783 640 1848 habeat-is
665 1801 737 1848 cum
759 1781 876 1850 officiis
900 1787 1065 1849 eteorum
1087 1780 1300 1863 pertinenciis
1313 1796 1398 1862 supu-

132 1894 316 1976 nominatis‚
332 1913 392 1960 nec
414 1896 455 1961 ad
477 1896 617 1979 aliquem
633 1897 734 1962 alium
757 1916 813 1963 ros
826 1896 1034 1977 conuertatis‚
1057 1913 1132 1961 nam
1148 1895 1271 1961 nullius
1283 1891 1397 1961 efficada

131 2026 204 2072 esse
225 2007 439 2088 decernimus,
464 2010 492 2074 si
514 2010 578 2074 hiis
602 2010 636 2074 in
659 2011 856 2076 contrarium
886 2009 965 2091 quid
987 2013 1215 2091 attemptatum
1243 2007 1336 2075 tuerit
1358 2021 1396 2086 pet

128 2139 358 2204 quemcunque.
403 2121 527 2188 Harum
550 2128 733 2188 nostrarum
763 2125 848 2189 serie
880 2123 1056 2189 literarum.
1101 2122 1225 2188 Datum
1245 2119 1396 2188 ruveron

131 2235 164 2298 in
188 2234 328 2300 crastino
351 2235 617 2301 annunciacionis
639 2236 733 2301 beate
756 2237 892 2318 virginis
915 2254 999 2301 anno
1021 2234 1082 2302 filli
1105 2236 1159 2302 sui
1176 2235 1396 2303 niueumque

130 2348 307 2412 centesimo
330 2348 577 2430 quadragesimo
600 2367 693 2414 nono.

235 2518 288 2573 Dle
309 2520 433 2585 „Summa
451 2520 631 2573 cancellariae
649 2520 740 2573 Caroli
757 2520 811 2573 th
830 2520 930 2586 Pelzel,
948 2519 983 2574 Κ.
1001 2518 1071 2574 Karl
1089 2518 1115 2573 d.
1128 2519 1233 2576 Viertc.
1248 2513 1395 2575 Urkmlut.

130 2613 169 2667 Nl
195 2614 329 2669 CXXVII.
348 2645 380 2652 -
400 2615 498 2685 Ghytil,
526 2614 619 2669 Codex
646 2615 787 2671 Menariae
810 2617 871 2671 VII.
899 2622 947 2672 str.
972 2621 1030 2671 661.
1056 2645 1090 2656 -
1107 2614 1161 2670 Dle
1187 2615 1270 2671 uuor
1293 2624 1396 2686 pruneto

131 2711 240 2777 (Pelzel,
259 2727 285 2764 u.
304 2728 338 2763 ιιι.
357 2710 396 2763 N⁰
420 2710 568 2778 CXXVIII)
595 2710 713 2778 potrrdil
740 2712 801 2765 kral
829 2711 915 2766 Karcl
939 2711 978 2765 IV
1001 2708 1168 2781 vBoparrIii
1191 2707 1396 2764 damnarat

127 2810 205 2859 tento
222 2805 269 2874 list
288 2806 371 2860 sreho
397 2806 491 2859 bratra
509 2805 582 2860 Jana
606 2804 680 2876 dany
709 2806 857 2872 „Bencssio
882 2804 917 2860 de
935 2806 1101 2877 Weytemul‚
1128 2805 1238 2861 notario
1256 2811 1284 2859 et
1299 2797 1397 2860 sumlui

129 2902 187 2954 eius
208 2908 235 2954 et
252 2902 350 2956 ceteris
376 2900 507 2956 fratribus
533 2903 591 2957 suis
610 2903 644 2955 de
664 2903 827 2957 Weitemul“
854 2920 867 2957 s
886 2902 1033 2968 dolollrou,
1060 2903 1092 2955 le
1111 2903 1193 2957 nudie
1211 2920 1225 2957 s
1242 2900 1346 2958 maden
1359 2897 1396 2950 let·

127 2997 261 3052 mistrstvl
279 2997 388 3068 krajiny
412 2998 586 3052 Trutnovslre
607 2997 748 3052 srobodnd
765 2998 917 3053 naklddati.
936 3028 970 3037 -
987 2997 1171 3067 Bienenberg,
1196 2997 1350 3054 Geschicbtc
1362 2990 1398 3045 lu

127 3094 164 3147 st.
183 3092 360 3161 Kdniginhof.
380 3093 504 3148 Urlrund.
523 3093 564 3147 N⁰
579 3095 625 3148 IV.
644 3111 661 3148 a
679 3096 710 3148 V.
731 3126 763 3134 -
782 3094 902 3161 Jirelelq
922 3093 1015 3150 Codex
1030 3093 1103 3162 juris
1122 3094 1188 3149 bola
1200 3095 1236 3149 11.
1248 3102 1264 3150 3
1277 3102 1321 3151 str.
1333 3097 1396 3147 rt.-

126 3188 241 3257 Novejlr
258 3188 343 3260 besky
361 3188 476 3258 pleklad
494 3207 527 3243 rc
546 3190 727 3261 Vitdkovyclq
745 3192 882 3260 deintch
901 3209 935 3245 m.
953 3192 1047 3246 Dvora
1063 3190 1187 3247 Krttlove
1203 3198 1252 3247 str.
1266 3194 1395 3247 wall.-

127 3285 151 3338 V
170 3285 281 3339 archien
307 3267 433 3339 (leskeho
461 3301 557 3339 musea
583 3287 671 3341 chora
694 3304 725 3341 se
749 3288 815 3355 orig.
839 3305 915 3358 perg.
933 3288 999 3342 listu
1017 3289 1044 3341 d.
1061 3307 1077 3340 c
1096 3288 1176 3342 Sient
1190 3293 1226 3341 24
1242 3290 1326 3342 dudm
1340 3284 1393 3344 1355,

126 3370 232 3451 lter-pn
257 3381 345 3436 Jeielr
370 3382 454 3448 dura,
480 3382 586 3451 palatin
614 3381 818 3452 Sandomdrslrp
848 3401 864 3437 a
887 3383 1010 3451 hejtman
1038 3384 1110 3437 mest
1130 3382 1274 3439 'l'rutnora
1295 3380 1394 3438 aDrcn

127 3476 220 3544 (lesco
240 3478 318 3545 Jura,
336 3478 476 3546 palatinus
496 3476 733 3531 Sandomeriensis
752 3494 784 3531 ac
802 3477 944 3531 ciuitatum
958 3477 1106 3533 'ltautnorr
1118 3485 1147 3533 et
1159 3480 1244 3535 Curis
1255 3476 1392 3550 captarent

127 3575 237 3627 zavdzal
257 3590 295 3639 se,
321 3576 353 3626 Ie
372 3572 465 3628 dludnt
483 3574 546 3644 iupis
565 3590 602 3628 na
622 3581 688 3629 1500
712 3575 768 3644 kop
788 3591 827 3643 gr.
846 3574 953 3642 zndjict²
979 3575 1062 3645 ktcry
1078 3574 1125 3646 byl
1152 3575 1266 3631 obdidel
1282 3567 1391 3630 oduini

127 3667 213 3723 liarla
231 3669 277 3736 IV,
295 3671 365 3722 rra‘ti
384 3669 481 3723 behem
501 3672 601 3724 mirice
619 3668 655 3723 do
674 3671 763 3724 rukou
778 3670 846 3738 jeho
865 3670 935 3724 nebo
954 3668 990 3725 do
1008 3671 1100 3725 rukcu
1112 3670 1195 3740 Jana,
1214 3672 1326 3743 bislrnpa
1338 3666 1390 3722 Idtt·
1436 3726 1439 3747 Ι

127 3765 284 3835 myilslre'ho
308 3766 471 3821 akancldie
496 3767 594 3833 eleale,
617 3767 733 3834 jalrmile
758 3766 793 3820 do
812 3749 885 3821 (lech
904 3766 957 3820 neb
982 3765 1085 3822 Polska
1103 3783 1135 3823 se
1159 3772 1268 3825 narrdtt
1285 3773 1389 3823 aruum!

127 3862 225 3916 vlistu
252 3863 391 3917 obsedent
416 3862 489 3918 budc
514 3880 560 3916 mu
578 3864 737 3932 vyplacena
773 3863 851 3918 Pakli
877 3864 912 3934 by
936 3862 1030 3917 dlulul
1056 3862 1121 3934 ripis
1147 3865 1274 3933 nerrdtil,
1296 3852 1388 3936 pcrbudt

126 3958 270 4028 platnosti.

700 4135 764 4218 Cis.
790 4152 862 4218 290.

393 4326 490 4408 1349,
517 4324 809 4415 [rs-21rljnal.
838 4325 1160 4396 vnomarliclch.

127 4499 211 4564 Kra'l
232 4501 331 4565 Ir'arcl
352 4503 372 4564 1
377 4500 405 4562 V
419 4503 580 4584 potvrrujc
605 4503 782 4565 nrddtamim
803 4497 1041 4610 Ilomadlickp'm
1069 4502 1205 4585 vpsadu,
1235 4501 1339 4570 Ηονοιι
1356 4496 1401 4586 jt'!
1433 4426 1439 4587 ἓ

127 4611 217 4676 bratr
231 4611 305 4696 jetro
327 4614 396 4678 Jcn
410 4613 537 4698 jubebo
559 4614 754 4678 rntstodrir'cr'
773 4610 942 4679 vCecbdcb
965 4613 1016 4696 bpl
1037 4612 1141 4681 udas
1161 4614 1294 4683 amedee
1306 4613 1405 4700 μάψ
1434 4618 1439 4705 ἰ
