3150 5378
135 467 200 534 pap
744 469 820 520 isos.

137 673 307 755 sohuozen,
331 674 491 740 schirmen
514 674 580 739 vnd
610 674 693 740 onch
723 674 891 756 geruhlioh
921 673 1058 757 bleyben
1086 674 1212 756 mrsu,
1242 674 1299 740 als
1330 675 1396 742 libe
1416 677 1447 740 in

138 803 195 869 sey
219 791 280 853 ete.

240 973 327 1044 Vypis
345 992 361 1028 ι
380 975 563 1045 kralorskysh
581 976 698 1045 register
715 975 878 1047 vrukopise
894 978 946 1031 ele.
962 975 1037 1030 nair.
1055 973 1213 1045 biblioteky
1232 974 1365 1030 Praiskt
1384 976 1447 1041 ,Co

136 1070 243 1140 piarum
263 1070 327 1141 dipl.
346 1071 576 1126 Praemislaenm“
597 1072 666 1139 sign.
685 1071 758 1125 vla
777 1077 792 1125 7
813 1087 851 1126 na
867 1071 884 1127 l.
903 1076 936 1126 78
955 1073 977 1125 t.

707 1337 772 1419 dn
799 1352 871 1419 749.

532 1543 633 1628 rior,
656 1542 701 1610 1o
723 1541 845 1612 rauna
871 1542 904 1611 v
927 1543 1053 1614 raze.

136 1735 221 1801 Krdl
239 1735 353 1801 Vdolao
377 1736 432 1801 ll'
440 1739 605 1820 poterasje
631 1737 773 1804 salomi
792 1735 915 1820 dpe‘tdlo
931 1735 1016 1820 pr'ed
1036 1734 1212 1801 hrodbami
1233 1740 1345 1804 mlada
1367 1738 1443 1802 sto·

136 1848 239 1915 edotio
256 1850 434 1932 proboitem
464 1848 718 1936 Vydelsrodskpm
748 1850 912 1917 Varianam
933 1845 1105 1916 Kreltlea
1131 1866 1149 1914 e
1173 1848 1326 1917 Beana
1352 1874 1375 1914 a
1390 1871 1441 1934 po-

135 1962 246 2047 ooloje,
270 1965 331 2048 obp
352 1963 509 2047 tepitudo
530 1968 617 2030 tomu
638 1964 725 2030 moiri
750 1986 784 2031 se
805 1963 941 2048 opoliiti
961 1960 1166 2047 apis‘kdzols‘
1187 1961 1275 2031 ἄνοι’
1296 1966 1442 2047 rodanim

494 2076 732 2145 mtrem
754 2078 793 2143 do
816 2079 881 2143 100
901 2075 961 2160 kop
980 2098 1028 2163 pr.
1051 2079 1076 2143 d.

240 2270 451 2338 wenceslaus
467 2276 527 2338 eto.
559 2272 610 2338 Ad
632 2276 822 2354 perpetuam
843 2271 892 2338 rei
914 2269 1111 2337 memoriam.
1146 2266 1279 2340 Custos
1295 2278 1440 2341 elmar

138 2386 244 2452 tocius
267 2385 422 2465 uniuersi,
444 2384 580 2467 largitor
602 2385 706 2451 omnis
728 2384 804 2451 boni
827 2390 861 2451 et
881 2381 954 2451 fons
977 2383 1131 2466 irriguus,
1163 2402 1280 2468 aquo
1303 2385 1437 2454 defluum

139 2498 223 2564 bona
247 2501 372 2578 cuncta,
396 2497 637 2580 cunctipotens
652 2496 802 2563 dominus
818 2495 1016 2564 distribuens
1032 2495 1210 2581 vnieniqne
1224 2500 1438 2568 ministeriun

138 2613 374 2693 temporalium,
408 2613 505 2693 prout
535 2611 599 2692 ult,
635 2628 826 2694 quamquam
849 2609 890 2677 de
913 2627 973 2676 sue
1005 2607 1243 2692 profunditatis
1267 2608 1436 2681 memrot

140 2730 312 2808 augmenta
342 2725 569 2808 temporalium
599 2741 707 2791 rerum
736 2724 859 2791 tribuat
880 2722 1036 2792 distinato
1058 2741 1196 2792 numero
1226 2730 1264 2792 et
1287 2743 1436 2802 mensura

141 2838 369 2906 niehilominus
398 2839 486 2905 idem
515 2838 665 2905 dominns
697 2839 739 2905 de
760 2839 830 2906 suis
852 2837 946 2906 donis
969 2842 1003 2905 et
1024 2835 1110 2905 detis
1133 2846 1335 2921 compensat
1353 2840 1437 2907 bero

139 2951 215 3019 ficia
244 2953 432 3019 meritorum
461 2951 652 3019 rationabili
683 2957 716 3019 et
745 2956 858 3020 sancta
887 2951 1097 3034 prouideneia
1117 2950 1331 3037 dispensata,
1353 2952 1436 3020 mle

135 3085 212 3148 ergo
234 3064 396 3149 possessio
419 3067 623 3149 presencium
648 3084 757 3132 rerum
780 3063 957 3148 eligibilius
979 3066 1108 3145 bonum,
1139 3064 1170 3131 si
1194 3065 1304 3135 vitam
1326 3065 1438 3135 radeirl

135 3181 333 3248 miserorum.
378 3182 422 3248 Et
443 3183 519 3266 quia
543 3182 601 3249 diu
631 3201 703 3248 oum
725 3181 822 3247 rebus
845 3181 965 3248 nostris
994 3174 1149 3261 durne2)
1177 3198 1246 3245 non
1271 3197 1437 3264 possum

135 3300 191 3361 aut
221 3296 307 3361 enim
339 3314 397 3362 nos
428 3294 501 3361 illas
533 3293 700 3360 moriendo
731 3292 910 3360 deserimus
940 3296 997 3359 aut
1018 3289 1074 3359 ille
1095 3308 1155 3359 nos
1179 3293 1380 3379 quandoque
1399 3292 1437 3357 ri·

136 3413 249 3474 uenies
280 3408 442 3490 deserunt
473 3407 582 3474 nullus
613 3426 690 3491 ergo
720 3425 797 3474 vsus
827 3402 924 3472 rebus
956 3403 1121 3488 pulchrior
1147 3407 1278 3488 poterit
1299 3406 1436 3493 nogioni,

135 3541 230 3604 quam
260 3521 326 3602 ille,
360 3523 436 3587 dum
466 3541 524 3604 pro
556 3521 781 3588 misericordie
811 3538 909 3604 opere
937 3517 1022 3586 bona
1043 3517 1180 3585 celestia
1207 3527 1435 3589 remorentur.

135 3635 202 3702 Nos
239 3636 350 3718 itaque
384 3636 439 3719 pia
471 3636 648 3703 deuooione
683 3632 854 3702 reuerendi
886 3632 990 3717 patris
1023 3630 1221 3716 wenceslai,
1258 3630 1437 3718 pernimio

134 3749 386 3817 Anthioohensis
410 3755 443 3815 el
457 3748 741 3833 wissegradensis
765 3746 934 3832 prepositi,
958 3742 1117 3829 prinoipls
1131 3744 1322 3817 consiliarii
1335 3746 1436 3816 deuoti

136 3862 238 3930 nostri
261 3862 382 3946 dilecti,
405 3869 501 3946 grata
524 3868 632 3930 mente
653 3868 799 3947 pensato,
828 3861 886 3945 qui
907 3859 1070 3944 hospitale
1090 3877 1215 3928 nouum
1237 3880 1347 3947 prope
1366 3859 1435 3930 cin'r

134 3982 233 4043 tatem
256 3977 444 4044 Praohation
481 3983 575 4043 extra
596 3995 706 4044 muros
740 3974 888 4043 eiusdem
920 3973 1065 4041 ciuitatis
1101 3970 1136 4039 in
1169 3974 1301 4043 honore
1333 3982 1435 4043 suste

135 4088 238 4156 crucis
271 4089 407 4157 fundare
442 4094 475 4155 et
504 4089 630 4173 erigere
663 4095 798 4158 sonatur
827 4093 860 4155 et
885 4086 985 4172 eripit
1012 4091 1110 4171 atque
1131 4083 1252 4155 drudat
1281 4094 1382 4171 etone
1399 4086 1435 4153 de

134 4204 234 4272 londo
265 4205 410 4271 eiusdem
441 4205 649 4287 prepositure
672 4208 778 4271 certas
800 4220 904 4282 areas,
935 4200 1107 4285 inquibus
1129 4201 1307 4285 preposito
1320 4202 1433 4271 wisse

135 4319 286 4401 gradensi
309 4319 474 4402 perpetuis
497 4316 697 4402 temporibus
719 4316 822 4384 tercia
843 4316 951 4384 media
973 4331 1138 4398 sexagena
1151 4330 1276 4382 sensns
1295 4310 1434 4401 perpetui

134 4433 290 4498 duntaxat
313 4433 502 4515 depereunt,
525 4431 734 4515 deputauerit
754 4429 813 4515 [et]
833 4430 1005 4497 donauerit
1020 4447 1079 4512 pro
1098 4424 1306 4499 infirmorum
1319 4426 1434 4507 vsr‘hra

135 4546 277 4613 comodis
315 4553 348 4612 et
385 4546 522 4613 officinis
560 4546 735 4630 erigendis,
770 4562 853 4626 quas
885 4541 987 4611 edam
1026 4558 1130 4625 meas,
1163 4541 1256 4611 sieut
1287 4542 1435 4611 Marte

136 4666 219 4741 sunt,
242 4661 348 4726 eidem
370 4659 524 4744 hospitali
546 4662 785 4744 imperpetuum
809 4658 1016 4742 applicamus.
1060 4653 1188 4725 ldeireo
1211 4675 1275 4727 nos
1297 4658 1436 4727 vom
