3098 5392
681 439 756 492 1386.
1305 436 1368 500 773

61 641 213 725 poddone‘
235 641 305 717 troi,
328 643 421 708 nebot
439 640 542 725 tuoto
564 640 686 712 karen*
707 668 725 710 o
749 644 931 712 natitatem
951 646 1059 711 B-rooid
1078 644 1215 728 odepr'eli
1235 643 1367 711 aedom

62 757 180 821 adinits'
197 776 241 839 po
259 755 378 837 prdcu,
401 755 486 836 colle
509 754 674 823 nihtere'ho
690 758 859 825 dvorslcc‘do
882 759 1046 835 ddednilca
1071 759 1132 841 uby
1149 782 1194 824 aaa
1209 760 1367 844 taordjitm

63 871 163 935 sonde'
176 866 341 934 ortdstslca‘m
358 870 509 935 accedant
526 892 547 935 a
562 869 604 934 bac
612 870 721 953 prdem
743 870 896 937 kabdc'mu
911 872 1084 955 doponaolrl,
1105 896 1126 937 a
1139 871 1370 939 conterminant

54 983 127 1066 joa
145 983 225 1067 pon,
248 980 328 1050 nra.
355 983 506 1069 noanon·
528 984 678 1050 assarna
701 968 824 1068 siqu
838 1007 856 1052 ι
869 986 970 1069 nnnc,
986 989 1022 1071 n
1043 986 1131 1053 naon
1155 987 1274 1053 sonora
1294 988 1367 1051 aa

146 1098 229 1161 nost-i
244 1096 374 1178 podoni
395 1081 440 1162 na
461 1101 606 1180 trullano
629 1097 917 1165 Nantectoorodslo
939 1121 960 1164 a
982 1100 1042 1165 lidi
1056 1099 1120 1182 jt'm
1137 1099 1295 1182 paccano.

170 1316 381 1384 Wenceslans
417 1318 470 1384 dei
505 1320 615 1400 gracia
648 1319 866 1385 Romanorum
897 1338 952 1385 ren
984 1337 1111 1402 semper
1144 1324 1301 1401 augustus
1335 1324 1368 1385 et

63 1431 201 1497 Boemie
232 1450 297 1496 rex.
343 1431 514 1497 Vniuersis
548 1438 581 1497 et
603 1433 742 1515 singulis
775 1433 868 1516 regni
901 1432 1034 1498 Boemie
1067 1432 1262 1514 justiciariis
1297 1433 1368 1498 siue

64 1543 350 1614 rrziedniconibus
385 1564 508 1613 necnon
544 1545 661 1611 ceteris
694 1546 871 1629 jndicibus,
906 1546 1135 1627 cuiuscumque
1169 1545 1367 1611 condicionis

64 1659 218 1738 existant,
240 1657 390 1724 fidelibus
414 1660 483 1724 suis
499 1658 638 1740 dilectis,
662 1661 804 1742 graciam
821 1677 912 1725 suam
929 1665 962 1724 et
977 1677 1070 1725 omne
1084 1659 1212 1725 bonum.
1237 1658 1366 1724 Fideles

64 1772 193 1836 dilecti!
220 1771 300 1837 Cum
324 1772 441 1838 nobilis
457 1771 633 1838 Heinricus
656 1773 697 1838 de
712 1772 815 1854 Dubo,
838 1773 959 1855 regalis
974 1773 1064 1838 curie
1079 1778 1187 1838 nostre
1203 1773 1366 1854 magister,

64 1886 274 1951 consiliarius
297 1892 330 1951 et
350 1885 457 1952 fidelis
480 1891 591 1953 noster
613 1886 761 1965 dilectus,
785 1905 892 1952 corum
915 1886 1009 1951 nobis
1039 1885 1080 1950 ad
1103 1887 1163 1952 hoc
1186 1891 1368 1968 promptum

64 2003 99 2063 et
121 1998 310 2065 beniuolum
333 2016 369 2065 se
392 1999 551 2079 exhibeat,
585 2006 621 2065 vt
643 2000 777 2067 cuilibet
800 2000 975 2081 quidquam
1006 1999 1137 2064 habenti
1167 1998 1368 2083 querimonia

64 2111 225 2178 aduersus
247 2113 336 2178 ciues
349 2111 457 2178 Brucla
479 2115 723 2181 Tbeutunicalis
739 2115 791 2180 uel
806 2114 951 2196 ipsorum
966 2113 1140 2194 hominum,
1157 2112 1369 2179 communiter

67 2225 123 2289 nel
146 2224 288 2305 diuisim
312 2227 392 2292 velit
410 2226 450 2292 de
466 2226 640 2293 sufficienti
658 2229 889 2310 complemento
905 2226 1036 2292 iusticie
1050 2225 1232 2309 prouidere,
1247 2226 1367 2291 idcirco

65 2344 119 2403 est
135 2338 329 2406 intencionis
345 2345 455 2406 nostre
476 2340 673 2406 omnimode:
697 2340 788 2407 vobis
804 2339 951 2406 omnibus
968 2340 1194 2405 uniuersaliter
1210 2343 1243 2404 et
1258 2340 1367 2421 singu·

64 2453 179 2517 laniter
202 2454 340 2536 singulis
364 2455 486 2520 seriose
501 2454 705 2536 presentibus
721 2454 921 2535 iniungimus
937 2459 970 2518 et
985 2452 1184 2533 mandamus,
1208 2457 1367 2534 quatenus

64 2565 107 2630 de
131 2572 238 2632 cetero
260 2569 385 2634 nullum
408 2569 537 2651 penitus
561 2568 683 2634 ciuium
713 2566 931 2650 predictorum
954 2567 1007 2633 uel
1037 2567 1201 2632 homiuum
1223 2566 1367 2648 ipsorum

64 2699 175 2745 coram
197 2681 305 2763 aliquo
327 2687 472 2748 vestrum
494 2682 616 2747 iudicio
647 2681 742 2747 citari
765 2681 817 2746 uel
849 2680 999 2763 occupari
1034 2679 1274 2761 quomodolibet
1295 2697 1367 2761 per-

63 2794 213 2875 mittatis¹
246 2795 303 2860 sed
326 2795 355 2861 si
378 2796 569 2877 cuicumque
600 2795 633 2860 in
657 2795 791 2860 ciuitate
823 2794 955 2860 iusticIa
985 2793 1143 2876 denegata
1173 2793 1282 2874 luerit,
1312 2812 1368 2858 vo·

64 2907 183 2987 tumus,
206 2913 242 2971 vt
272 2927 353 2973 vnns
377 2908 417 2974 de
448 2908 570 2973 nostris
601 2907 793 2973 officialibus
816 2907 850 2970 in
874 2907 945 2989 ipsa
975 2907 1109 2973 ciuitate
1143 2925 1240 2989 super
1261 2906 1367 2979 banko

63 3020 180 3086 iudicii
203 3021 316 3087 sedeat
338 3027 371 3087 et
392 3022 514 3088 indicio
545 3021 719 3103 presideat,
742 3020 822 3085 adeo
853 3025 888 3084 vt
920 3020 1128 3102 conquerenti
1158 3018 1216 3085 fiat
1236 3020 1369 3086 iusticie

64 3135 291 3216 plenissimum
326 3137 602 3218 complementum,
640 3135 735 3200 aliter
768 3139 879 3199 nostre
913 3133 973 3199 sub
1004 3133 1135 3199 obtentu
1165 3133 1274 3216 graue
1303 3153 1367 3198 non

65 3248 196 3314 facturi.
220 3248 428 3315 Presencium
451 3249 510 3315 snb
525 3249 615 3331 ragio
637 3253 747 3315 nostre
762 3247 942 3313 maiestatis
959 3247 1066 3328 sigillo
1081 3247 1268 3313 testimonio
1281 3247 1368 3313 litte

66 3380 187 3426 rarum.
212 3361 332 3426 Datum
346 3363 450 3443 Prage
473 3381 557 3427 anno
581 3361 703 3427 domini
718 3361 889 3426 millesimo
905 3361 1133 3427 trecentesimo
1149 3361 1367 3443 octuagesimo

67 3481 173 3552 sextu,
191 3474 243 3538 die
259 3474 367 3539 XVIII
382 3475 503 3540 mensis
524 3473 625 3555 Junii,
642 3494 813 3557 regnorum
829 3481 1012 3541 nostrornm
1028 3494 1111 3540 anno
1127 3476 1261 3541 Boamie
1282 3475 1367 3539 vice·

65 3591 150 3655 simo
176 3593 299 3669 quarto,
323 3589 538 3655 Romanorum
562 3608 638 3654 vero
664 3589 797 3656 decimo.

627 3790 691 3874 [Na
715 3790 830 3875 ohbu:]
853 3792 904 3857 Ad
927 3791 1114 3857 mandatum
1136 3790 1258 3856 domini
1279 3789 1368 3871 regis

862 3906 1047 3971 Wlachnico
1070 3904 1111 3968 de
1133 3903 1367 3987 Weytenmule.

174 4061 238 4144 [Na
258 4059 373 4144 rubuz]
397 4063 433 4127 R.
458 4062 705 4127 Bartholomeus
730 4062 770 4127 de
792 4062 886 4127 Nona
909 4063 1051 4128 ciuitate.

173 4250 245 4320 Orig.
264 4268 339 4320 perg.
358 4268 374 4305 r
394 4251 505 4305 arehivu
524 4269 557 4303 ιιι.
576 4251 752 4305 Nenreckeho
771 4250 865 4304 Brodu
883 4250 904 4304 c.
923 4250 948 4303 V
967 4254 1053 4318 (storo
1072 4250 1093 4305 ὅ.
1114 4255 1140 4315 6)
1160 4267 1173 4304 a
1192 4249 1368 4320 poznamkou

63 4365 103 4402 na
122 4347 194 4400 rubn
212 4347 302 4401 rnkou
315 4347 454 4417 pozddjii:
476 4346 532 4409 „Od
552 4347 630 4400 krdle
644 4346 770 4412 inclara,
790 4346 889 4400 lrdalto
904 4362 933 4400 se
946 4346 1107 4414 osrobozujl
1119 4346 1244 4401 militane
1255 4344 1380 4415 Brodr'rti·

63 4445 102 4500 od
123 4446 198 4499 stimi
216 4461 253 4498 na
270 4445 345 4497 ciziin
365 4446 475 4512 provo!
495 4443 559 4496 -S
577 4444 678 4496 vellrou
697 4442 786 4511 pedeti
804 4443 973 4497 ludlovskon
992 4460 1028 4497 nn
1051 4458 1126 4513 perg.
1145 4442 1271 4512 proquu
1288 4443 1366 4499 aare·

62 4545 163 4597 lernou.
181 4573 213 4580 -
234 4523 325 4611 besto
351 4540 465 4610 pinklad
484 4539 561 4592 zXl‘
579 4542 672 4593 stolon
692 4558 705 4592 v
725 4540 805 4592 knino
829 4540 965 4608 priuilegil
988 4537 1163 4594 Ndmeckeho
1177 4539 1270 4594 Brodu
1289 4555 1305 4594 r
1324 4557 1365 4595 ar-

60 4640 149 4695 chiru
168 4624 295 4691 Ceslrdho
314 4653 422 4705 mnsam
440 4638 510 4690 lrdoi
530 4654 560 4691 sc
580 4636 713 4706 plolzlddd
733 4638 824 4691 tnlrto:
845 4636 935 4705 „vienn
955 4638 1058 4690 vuobec
1075 4637 1228 4692 kratlorstri
1239 4619 1367 4693 (leslrdho
