3098 5392
235 444 298 510 718
851 450 927 500 tara

232 705 1512 793 aasabojsbmolllncatoseoobywtelencacotpmpecleolo

811 822 941 887 abati

335 1023 475 1090 Karolus
507 1029 647 1108 quarm
671 1024 784 1092 diuina
812 1023 943 1090 fauente
971 1024 1148 1090 clemencia
1177 1023 1405 1092 Romanorum
1434 1026 1513 1107 impe

231 1143 320 1205 rator
342 1156 469 1220 semper
497 1142 655 1220 auguratus
677 1143 711 1203 et
732 1137 866 1209 Damio
885 1155 952 1204 ren
996 1136 1118 1204 Notum
1145 1136 1287 1205 iacimus
1317 1145 1432 1206 tenore
1458 1156 1512 1222 pre

232 1253 377 1319 sencium
398 1252 571 1331 minorata,
601 1250 698 1332 quod,
728 1269 801 1317 cnm
830 1251 948 1321 cruam
972 1256 1085 1318 nostra
1105 1251 1275 1319 Slaneuais
1297 1253 1428 1336 pridem
1447 1253 1513 1336 pei·

231 1367 344 1432 clitata
365 1365 409 1432 sit
429 1365 567 1431 nimium
596 1382 669 1430 cum
691 1363 762 1430 suis
784 1364 900 1431 incolis
920 1383 981 1447 per
1001 1364 1088 1448 ’griis
1109 1365 1310 1448 incendium,
1341 1372 1442 1452 utque
1459 1367 1514 1448 ipsa

231 1479 384 1546 utilitatis
414 1477 624 1561 amplioribus
654 1477 760 1560 possit
787 1476 944 1560 prolicere
972 1478 1180 1555 mcrunetia
1208 1484 1244 1545 a
1268 1497 1462 1564 recuperare
1479 1478 1512 1544 fa·

230 1594 326 1660 cilius
348 1592 466 1658 damna
487 1591 683 1672 huiusmodi,
705 1611 770 1674 que
791 1593 946 1675 percepit,
968 1611 1032 1660 non
1053 1592 1242 1676 improuide
1267 1612 1330 1663 nec
1362 1613 1422 1677 per
1447 1610 1514 1657 erro

229 1725 308 1787 rem,
342 1706 401 1772 sed
432 1706 542 1772 animo
575 1705 762 1787 deliberato,
795 1707 971 1773 autoritate
1005 1706 1097 1790 regia
1128 1705 1265 1773 Boemie
1297 1725 1342 1774 ao
1371 1707 1413 1781 de
1444 1710 1513 1772 corta

230 1824 342 1886 nostra
375 1819 516 1886 sciencia
546 1820 633 1888 dicte
661 1819 789 1886 ciuitati
818 1819 967 1886 Slanensi
995 1837 1035 1886 ac
1063 1820 1168 1903 ipsius
1194 1819 1326 1889 ciuibus
1349 1826 1386 1887 et
1407 1819 1512 1895 ineis

232 1932 437 2017 presentibus
466 1939 500 1998 et
529 1932 660 2014 inituris,
689 1934 725 1999 in
754 1939 947 2016 perpetuum
972 1932 1177 2014 conferimus,
1210 1932 1384 2016 donamus,
1419 1933 1513 2000 adinn

230 2048 337 2130 gimus
359 2052 393 2112 et
415 2047 543 2112 rnimus
574 2045 780 2129 presentibus
810 2047 958 2129 graciose
986 2045 1176 2113 suburbium
1204 2046 1357 2114 ciuitatis
1389 2046 1513 2114 dnsdcn

230 2167 263 2226 et
286 2160 466 2227 communia
491 2178 621 2242 pascua,
650 2178 714 2242 qne
742 2159 921 2241 vulgariter
953 2158 1051 2227 obeae
1080 2159 1243 2241 dicuntur,
1277 2162 1390 2227 omnia
1411 2167 1443 2227 et
1461 2160 1512 2225 sin·

230 2275 307 2356 gula
328 2273 370 2338 ad
391 2273 512 2339 dictam
533 2273 723 2339 Slauensem
744 2273 912 2339 ciuitatem
942 2272 1138 2355 spectancia,
1171 2273 1219 2338 ita
1249 2274 1418 2355 videlicet,
1445 2269 1511 2356 qood

230 2389 319 2454 dues
341 2393 375 2453 et
396 2388 501 2453 incole
522 2387 701 2470 supradicti
723 2406 782 2470 pro
805 2406 865 2452 vsu
886 2392 920 2452 et
941 2387 1083 2453 utilitate
1104 2386 1250 2453 ciuitatis
1282 2388 1397 2471 ipsius
1417 2388 1456 2454 de
1472 2385 1511 2450 bis

230 2502 357 2584 possint
376 2501 492 2582 facere,
515 2508 611 2584 prout
631 2502 681 2567 eis
702 2500 819 2566 melius
841 2506 876 2567 et
896 2501 1009 2566 vtilius
1031 2499 1195 2568 ridebitur
1223 2502 1389 2584 expedire
1439 2500 1509 2567 blan·

230 2614 345 2681 damus
376 2614 478 2698 igitur
509 2615 671 2682 minorato
700 2621 734 2681 et
760 2616 899 2699 singulis
929 2614 1116 2696 baronibus,
1145 2613 1322 2696 nobilibus,
1361 2614 1510 2690 militibus,

230 2728 413 2810 clientibus,
436 2730 633 2809 camerariis,
657 2729 906 2796 subcamerariis
935 2749 974 2795 ac
1003 2730 1080 2796 aliis
1109 2726 1304 2795 officialibus
1343 2729 1510 2796 nosubel

229 2843 323 2925 regni
345 2844 448 2908 nostri
470 2842 612 2923 Boemie,
633 2840 784 2909 fidelibus
806 2843 945 2923 dilectis,
967 2841 1173 2925 presentibus
1188 2847 1223 2907 et
1236 2841 1377 2924 tuturis,
1397 2841 1512 2909 firmiter

230 2956 415 3035 inhibendo,
444 2975 486 3020 ne
515 2957 604 3021 ciues
633 2961 667 3020 et
696 2957 818 3022 incolas
848 2957 1020 3022 Slauenses
1051 2954 1256 3037 supradictos
1278 2955 1314 3021 in
1341 2955 1430 3024 dicto
1455 2952 1513 3021 snb

229 3069 323 3135 urbio
356 3070 472 3152 quouis
506 3069 600 3135 modo
628 3067 768 3134 audeant
804 3069 960 3151 impedire
988 3075 1045 3134 ant
1074 3069 1170 3134 aliter
1198 3069 1404 3151 perturbare
1435 3072 1515 3152 prout

231 3189 373 3250 nostram
401 3183 525 3264 regiam
552 3182 813 3263 indignacionem
839 3181 1066 3264 grauissimam
1095 3180 1258 3248 noluerint
1283 3183 1428 3264 euitare,
1456 3183 1517 3265 jme

231 3295 369 3361 aliorum
391 3294 607 3377 quorumlibet
629 3312 757 3376 semper
787 3295 887 3360 saluo.
932 3296 1139 3362 Pnesencium
1170 3294 1232 3361 sub
1261 3296 1444 3379 imperialis
1463 3313 1518 3362 ma·

230 3410 357 3475 iestatis
379 3414 489 3474 nostre
512 3409 619 3491 sigillo
640 3408 828 3476 testimonio
852 3410 1040 3474 litterarum
1086 3409 1208 3475 Datum
1229 3408 1337 3492 Prage
1367 3428 1453 3477 anno
1473 3409 1519 3474 do

232 3523 314 3589 mini
336 3523 507 3588 millesimo
537 3524 765 3589 trecentesimo
795 3523 1034 3605 septuagesimo
1056 3528 1182 3604 octauo,
1208 3522 1396 3591 indiccione
1416 3526 1522 3607 prima

231 3635 293 3701 ΥΠ
316 3636 389 3701 idus
412 3635 433 3700 J
435 3636 504 3715 ulii,
526 3654 698 3718 regnorum
720 3641 905 3702 nostrorum
920 3654 1005 3702 auno
1020 3636 1153 3717 XXXII,
1175 3636 1307 3720 imperii
1322 3656 1402 3706 rero
1415 3635 1523 3706 XXll'.

335 3810 408 3881 Kop
426 3824 443 3860 v
460 3809 575 3879 p'repisn
594 3808 729 3880 privilegii
747 3827 762 3861 1
780 3824 801 3861 r.
822 3814 890 3863 lbbt
907 3809 931 3864 ὅ.
950 3814 966 3862 'l
984 3827 1001 3863 v
1018 3810 1131 3866 mrbiru
1147 3826 1183 3866 n.
1200 3809 1332 3867 Slandho.

779 4124 796 4159 *
819 4105 885 4188 dn.
907 4122 982 4187 554„

601 4294 700 4373 1378,
721 4294 744 4360 9
765 4296 962 4364 dervense.
984 4296 1018 4363 V
1031 4293 1163 4363 l'raae-

232 4483 326 4551 (iaor'
347 4488 446 4553 Κανά
461 4488 515 4551 Il'
530 4487 616 4553 docti
638 4489 815 4554 ωέὲῖαηῦα
837 4509 860 4553 o
879 4486 1346 4571 &adhaerescentia
1367 4509 1448 4567 stoc,
1469 4490 1527 4572 uby

231 4598 328 4665 moltla'
349 4599 498 4681 dle-‘niky
519 4601 572 4665 πό
593 4603 633 4665 αὶ
653 4600 694 4665 do
714 4623 838 4686 euacaty
852 4601 1049 4684 polliae·
1067 4602 1122 4670 bct
1141 4602 1208 4668 lota
1226 4604 1528 4671 odelmi
